{"gold_per_floor":[116,134,134,209,220,220,254,254,254,16,27,44,55,118,118,215,215,231,231,245,245,255,255,284,296,296,211,16,35,61,79,79,174,174,186,199,199,210,210,210,241,51,51,66,83,83,109,8,8,8],"floor_reached":51,"playtime":2119,"items_purged":["Pain","Pain","Parasite"],"score":936,"play_id":"94a180fd-6a95-47ca-8d40-b17732acfe46","local_time":"20190814190508","is_ascension_mode":true,"campfire_choices":[{"data":"Dualcast","floor":6,"key":"SMITH"},{"data":"Self Repair","floor":8,"key":"SMITH"},{"data":"Zap","floor":15,"key":"SMITH"},{"data":"Glacier","floor":23,"key":"SMITH"},{"data":"Reinforced Body","floor":32,"key":"SMITH"},{"data":"Creative AI","floor":40,"key":"SMITH"},{"data":"Glacier","floor":49,"key":"SMITH"}],"neow_cost":"NONE","seed_source_timestamp":366024787411300,"circlet_count":0,"master_deck":["Strike_B","Strike_B","Defend_B","Defend_B","Defend_B","Defend_B","Zap+1","Dualcast+1","Compile Driver","Self Repair+1","Cold Snap","Conserve Battery","Sunder+1","Cold Snap+1","Sunder+1","Glacier+1","Ball Lightning+1","Core Surge+1","Rebound+1","Cold Snap+1","Sweeping Beam+1","Reinforced Body+1","Glacier+1","Compile Driver+1","Creative AI+1","Coolheaded+1","Coolheaded+1","Conserve Battery+1","Go for the Eyes+1","Core Surge+1","Hologram+1"],"relics":["Coffee Dripper","Mercury Hourglass","Molten Egg 2","Blood Vial","Tiny Chest","Cursed Key","Juzu Bracelet","Kunai","Smiling Mask","Vajra","Gambling Chip","Runic Dome","Letter Opener","MawBank","Anchor","Pantograph","Mango"],"potions_floor_usage":[16,16,16,36,50,50,50],"damage_taken":[{"damage":0,"enemies":"Small Slimes","floor":1,"turns":3},{"damage":2,"enemies":"Jaw Worm","floor":2,"turns":3},{"damage":1,"enemies":"Cultist","floor":5,"turns":3},{"damage":16,"enemies":"3 Sentries","floor":7,"turns":9},{"damage":0,"enemies":"Looter","floor":11,"turns":2},{"damage":7,"enemies":"3 Louse","floor":12,"turns":3},{"damage":0,"enemies":"Exordium Wildlife","floor":13,"turns":2},{"damage":7,"enemies":"Lagavulin","floor":14,"turns":5},{"damage":16,"enemies":"Hexaghost","floor":16,"turns":6},{"damage":0,"enemies":"3 Byrds","floor":18,"turns":4},{"damage":0,"enemies":"Spheric Guardian","floor":20,"turns":3},{"damage":1,"enemies":"Chosen and Byrds","floor":22,"turns":4},{"damage":18,"enemies":"Book of Stabbing","floor":24,"turns":5},{"damage":18,"enemies":"Snake Plant","floor":25,"turns":4},{"damage":0,"enemies":"Shelled Parasite and Fungi","floor":29,"turns":4},{"damage":11,"enemies":"Gremlin Leader","floor":30,"turns":6},{"damage":0,"enemies":"Centurion and Healer","floor":31,"turns":4},{"damage":28,"enemies":"Automaton","floor":33,"turns":9},{"damage":0,"enemies":"Orb Walker","floor":35,"turns":3},{"damage":0,"enemies":"3 Darklings","floor":36,"turns":4},{"damage":22,"enemies":"Spire Growth","floor":38,"turns":4},{"damage":25,"enemies":"Reptomancer","floor":41,"turns":6},{"damage":8,"enemies":"Maw","floor":44,"turns":8},{"damage":0,"enemies":"4 Shapes","floor":45,"turns":3},{"damage":4,"enemies":"Nemesis","floor":47,"turns":6},{"damage":45,"enemies":"Donu and Deca","floor":50,"turns":9}],"seed_played":"2876975095731609497","potions_obtained":[{"floor":5,"key":"FearPotion"},{"floor":7,"key":"AttackPotion"},{"floor":14,"key":"SkillPotion"},{"floor":19,"key":"FearPotion"},{"floor":19,"key":"Ancient Potion"},{"floor":19,"key":"SmokeBomb"},{"floor":20,"key":"LiquidBronze"},{"floor":29,"key":"GamblersBrew"},{"floor":33,"key":"Swift Potion"},{"floor":36,"key":"Swift Potion"}],"is_trial":false,"path_per_floor":["M","M","?","?","M","R","E","R","T","$","M","M","M","E","R","B",null,"M","?","M","?","M","R","E","M","T","?","$","M","E","M","R","B",null,"M","M","T","M","?","R","E","$","T","M","M","T","E","$","R","B",null],"character_chosen":"DEFECT","items_purchased":["Sunder+1","Blood Vial","Vajra","Anchor","PowerPotion"],"campfire_rested":0,"item_purchase_floors":[10,10,28,42,48],"current_hp_per_floor":[75,73,66,55,61,61,52,52,52,52,64,69,71,75,75,69,74,75,75,75,75,75,75,67,61,61,61,61,73,74,75,75,57,71,75,75,75,53,53,53,40,40,40,44,56,56,78,78,78,51],"gold":8,"neow_bonus":"BOSS_RELIC","is_prod":false,"is_daily":false,"chose_seed":false,"campfire_upgraded":7,"win_rate":0,"timestamp":1565777108,"path_taken":["M","M","?","?","?","R","E","R","T","$","M","M","M","E","R","BOSS","M","?","?","?","M","R","E","M","T","?","?","M","E","M","R","BOSS","M","M","?","M","?","R","E","$","T","M","M","?","E","$","R","BOSS"],"build_version":"2019-07-17","purchased_purges":3,"victory":true,"max_hp_per_floor":[75,75,75,75,75,75,75,75,75,75,75,75,75,75,75,75,75,75,75,75,75,75,75,75,75,75,75,75,75,75,75,75,75,75,75,75,75,75,75,75,75,75,75,75,75,75,89,86,86,86],"card_choices":[{"not_picked":["Cold Snap","BootSequence"],"picked":"Compile Driver","floor":1},{"not_picked":["Redo","Conserve Battery"],"picked":"Self Repair","floor":2},{"not_picked":["Compile Driver","Sweeping Beam"],"picked":"Cold Snap","floor":5},{"not_picked":["Chaos","Leap"],"picked":"Conserve Battery","floor":7},{"not_picked":["Go for the Eyes+1","Double Energy"],"picked":"Cold Snap+1","floor":11},{"not_picked":["Blizzard+1","Stack"],"picked":"Sunder+1","floor":12},{"not_picked":["Barrage+1","Heatsinks"],"picked":"Glacier","floor":13},{"not_picked":["Loop","Gash+1"],"picked":"Ball Lightning+1","floor":14},{"not_picked":["Multi-Cast","Fission"],"picked":"Core Surge+1","floor":16},{"not_picked":["Sweeping Beam+1","Fusion"],"picked":"Rebound+1","floor":18},{"not_picked":["Stack","Meteor Strike+1"],"picked":"Cold Snap+1","floor":20},{"not_picked":["Steam Power","Genetic Algorithm"],"picked":"Sweeping Beam+1","floor":22},{"not_picked":["Streamline+1","Heatsinks","Blizzard+1"],"picked":"SKIP","floor":24},{"not_picked":["Turbo","Skim"],"picked":"Reinforced Body","floor":25},{"not_picked":["Leap","Sweeping Beam+1"],"picked":"Glacier","floor":29},{"not_picked":["Lockon+1","Hologram"],"picked":"Compile Driver+1","floor":30},{"not_picked":["Hologram","Stack+1","Ball Lightning+1"],"picked":"SKIP","floor":31},{"not_picked":["Seek","Buffer"],"picked":"Creative AI","floor":33},{"not_picked":["Fusion","Sweeping Beam+1"],"picked":"Coolheaded+1","floor":35},{"not_picked":["Stack+1","Loop+1"],"picked":"Coolheaded+1","floor":36},{"not_picked":["Cold Snap+1","Hologram"],"picked":"Conserve Battery+1","floor":38},{"not_picked":["Rebound+1","Turbo"],"picked":"Go for the Eyes+1","floor":41},{"not_picked":["Hologram+1","Scrape+1"],"picked":"Core Surge+1","floor":44},{"not_picked":["Leap","Tempest"],"picked":"Hologram+1","floor":45},{"not_picked":["Aggregate","Turbo+1","Core Surge+1"],"picked":"SKIP","floor":47}],"player_experience":143484,"relics_obtained":[{"floor":7,"key":"Mercury Hourglass"},{"floor":9,"key":"Molten Egg 2"},{"floor":14,"key":"Tiny Chest"},{"floor":24,"key":"Juzu Bracelet"},{"floor":26,"key":"Kunai"},{"floor":30,"key":"Gambling Chip"},{"floor":37,"key":"Letter Opener"},{"floor":41,"key":"MawBank"},{"floor":46,"key":"Pantograph"},{"floor":47,"key":"Mango"}],"event_choices":[{"cards_removed":["Strike_B"],"damage_healed":0,"gold_gain":0,"player_choice":"Card Removal","damage_taken":7,"max_hp_gain":0,"max_hp_loss":0,"event_name":"Golden Wing","floor":3,"gold_loss":0},{"damage_healed":0,"gold_gain":75,"player_choice":"Gather Gold","damage_taken":11,"max_hp_gain":0,"max_hp_loss":0,"event_name":"World of Goop","floor":4,"gold_loss":0},{"damage_healed":0,"gold_gain":0,"player_choice":"Got Potions","damage_taken":0,"max_hp_gain":0,"max_hp_loss":0,"event_name":"Lab","floor":19,"gold_loss":0},{"damage_healed":0,"gold_gain":0,"player_choice":"Ignored","damage_taken":0,"max_hp_gain":0,"max_hp_loss":0,"event_name":"Vampires","floor":21,"gold_loss":0},{"damage_healed":0,"gold_gain":0,"player_choice":"Obtained Relic","damage_taken":0,"relics_obtained":["Smiling Mask"],"max_hp_gain":0,"max_hp_loss":0,"event_name":"Addict","floor":27,"gold_loss":85},{"cards_removed":["Strike_B"],"damage_healed":0,"gold_gain":0,"player_choice":"Removed Attack","damage_taken":0,"max_hp_gain":0,"max_hp_loss":0,"event_name":"Falling","floor":39,"gold_loss":0}],"is_beta":false,"boss_relics":[{"not_picked":["Lizard Tail","Runic Pyramid"],"picked":"Cursed Key"},{"not_picked":["Astrolabe","White Beast Statue"],"picked":"Runic Dome"}],"items_purged_floors":[28,42,48],"is_endless":false,"potions_floor_spawned":[5,7,14,20,29,30,31,33,36,44,45],"ascension_level":5}