{"gold_per_floor":[113,130,147,34,45,77,77,112,187,213,226,260,260,291,291,367,367,307,307,307,307,307,307,307,307,307,307,307,307,307,307,307,307,307,307,231,231,231,231,231,231,231,231,231,2,2,2,2,2,2,2],"floor_reached":52,"playtime":1753,"items_purged":[],"score":2216,"play_id":"6ef71bd7-21bd-4ab1-8102-b8dd475319fd","local_time":"20190301220232","is_ascension_mode":true,"campfire_choices":[{"data":"Whirlwind","floor":7.0,"key":"SMITH"},{"data":"Uppercut","floor":13.0,"key":"SMITH"},{"data":"Shockwave","floor":15.0,"key":"SMITH"},{"data":"Flame Barrier","floor":23.0,"key":"SMITH"},{"data":"Double Tap","floor":25.0,"key":"SMITH"},{"data":"Bludgeon","floor":28,"key":"SMITH"},{"data":"Armaments","floor":32,"key":"SMITH"},{"data":"Demon Form","floor":41,"key":"SMITH"},{"data":"Battle Trance","floor":47,"key":"SMITH"},{"data":"Flame Barrier","floor":49,"key":"SMITH"}],"neow_cost":"NONE","seed_source_timestamp":1998955405177,"circlet_count":0,"master_deck":["AscendersBane","Strike_R","Strike_R","Strike_R","Strike_R+1","Defend_R","Defend_R","Defend_R","Defend_R","Bash","Carnage","Shockwave+1","Whirlwind+1","Flame Barrier+1","Feel No Pain","Uppercut+1","Battle Trance+1","Reaper+1","Bludgeon+1","Corruption","Double Tap+1","Thunderclap+1","Flame Barrier+1","Headbutt+1","Iron Wave+1","Battle Trance","Armaments+1","Reaper","Flame Barrier","Havoc","Demon Form+1","Whirlwind+1","Shockwave+1","Flame Barrier+1","Uppercut+1"],"special_seed":0,"relics":["Philosopher\u0027s Stone","Bag of Preparation","Magic Flower","Meat on the Bone","Ancient Tea Set","Shuriken","Calipers","Ectoplasm","Bag of Marbles","Art of War","Potion Belt","Sundial","Lizard Tail","Dodecahedron","Whetstone","Anchor","DollysMirror"],"potions_floor_usage":[31,33,33,50,51],"damage_taken":[{"damage":2.0,"enemies":"Cultist","floor":1.0,"turns":3.0},{"damage":3.0,"enemies":"Jaw Worm","floor":2.0,"turns":3.0},{"damage":0.0,"enemies":"2 Louse","floor":3.0,"turns":2.0},{"damage":1.0,"enemies":"Exordium Wildlife","floor":5.0,"turns":4.0},{"damage":6.0,"enemies":"Gremlin Nob","floor":6.0,"turns":3.0},{"damage":8.0,"enemies":"3 Sentries","floor":8.0,"turns":3.0},{"damage":13.0,"enemies":"Lagavulin","floor":10.0,"turns":5.0},{"damage":4.0,"enemies":"Looter","floor":11.0,"turns":2.0},{"damage":9.0,"enemies":"Gremlin Nob","floor":12.0,"turns":3.0},{"damage":0.0,"enemies":"3 Sentries","floor":14.0,"turns":2.0},{"damage":13.0,"enemies":"Hexaghost","floor":16.0,"turns":7.0},{"damage":24.0,"enemies":"2 Thieves","floor":18.0,"turns":3.0},{"damage":1.0,"enemies":"Chosen","floor":21.0,"turns":3.0},{"damage":0.0,"enemies":"Snake Plant","floor":22.0,"turns":2.0},{"damage":22.0,"enemies":"Gremlin Leader","floor":24.0,"turns":5.0},{"damage":7,"enemies":"Slavers","floor":29,"turns":5},{"damage":0,"enemies":"Cultist and Chosen","floor":30,"turns":5},{"damage":29,"enemies":"Book of Stabbing","floor":31,"turns":4},{"damage":0,"enemies":"Collector","floor":33,"turns":2},{"damage":0,"enemies":"Orb Walker","floor":35,"turns":4},{"damage":0,"enemies":"3 Darklings","floor":38,"turns":1},{"damage":23,"enemies":"Transient","floor":39,"turns":6},{"damage":34,"enemies":"Nemesis","floor":40,"turns":9},{"damage":6,"enemies":"Jaw Worm Horde","floor":42,"turns":3},{"damage":0,"enemies":"Reptomancer","floor":44,"turns":3},{"damage":0,"enemies":"Spire Growth","floor":46,"turns":2},{"damage":54,"enemies":"Awakened One","floor":50,"turns":8},{"damage":89,"enemies":"Donu and Deca","floor":51,"turns":8}],"seed_played":"-2642040139149271417","potions_obtained":[{"floor":1.0,"key":"Strength Potion"},{"floor":2.0,"key":"Swift Potion"},{"floor":8.0,"key":"SkillPotion"},{"floor":10.0,"key":"SkillPotion"},{"floor":14.0,"key":"Explosive Potion"},{"floor":29,"key":"SteroidPotion"},{"floor":30,"key":"Dexterity Potion"},{"floor":31,"key":"AttackPotion"},{"floor":40,"key":"Energy Potion"},{"floor":42,"key":"SpeedPotion"},{"floor":44,"key":"Weak Potion"}],"is_trial":false,"path_per_floor":["M","M","M","$","M","E","R","E","T","E","M","E","R","E","R","B",null,"M","?","$","M","M","R","E","R","T","$","R","E","M","E","R","B",null,"M","$","?","M","M","E","R","M","T","E","$","M","R","?","R","B","B",null],"character_chosen":"IRONCLAD","items_purchased":["Flame Barrier","Feel No Pain","Flame Barrier","DollysMirror"],"campfire_rested":0,"item_purchase_floors":[4,4,36,45],"current_hp_per_floor":[66,63,63,63,62,56,56,48,48,53,49,40,40,40,40,45,68,51,51,51,50,56,56,53,53,53,53,53,60,71,42,42,42,67,75,75,75,75,66,66,66,60,60,75,75,75,75,71,71,37,46],"gold":2,"neow_bonus":"BOSS_RELIC","is_prod":false,"is_daily":false,"chose_seed":false,"campfire_upgraded":10,"win_rate":0,"timestamp":1551506552,"path_taken":["M","M","M","$","?","E","R","E","T","E","M","E","R","E","R","BOSS","M","?","$","M","?","R","E","R","T","$","R","E","M","E","R","BOSS","M","$","?","M","?","E","R","M","T","E","$","M","R","?","R","BOSS","BOSS"],"build_version":"2019-02-06","purchased_purges":0,"victory":true,"max_hp_per_floor":[75,75,75,75,75,75,75,75,75,75,75,75,75,75,75,75,75,75,75,75,75,75,75,75,75,75,75,75,75,75,75,75,75,75,75,75,75,75,75,75,75,75,75,75,75,75,75,71,71,71,71],"card_choices":[{"not_picked":["Warcry","Rupture"],"picked":"Carnage","floor":1.0},{"not_picked":["Warcry","Flex"],"picked":"Shockwave","floor":2.0},{"not_picked":["Warcry","Thunderclap"],"picked":"Whirlwind","floor":3.0},{"not_picked":["Anger","Warcry","Searing Blow"],"picked":"SKIP","floor":5.0},{"not_picked":["Combust","Anger"],"picked":"Uppercut","floor":6.0},{"not_picked":["Rage","Headbutt"],"picked":"Battle Trance","floor":10.0},{"not_picked":["Body Slam","Rampage"],"picked":"Reaper","floor":11.0},{"not_picked":["Clash","Twin Strike"],"picked":"Bludgeon","floor":12.0},{"not_picked":["Warcry","True Grit"],"picked":"Corruption","floor":14.0},{"not_picked":["Feed","Dark Embrace"],"picked":"Double Tap","floor":16.0},{"not_picked":["Corruption","Havoc"],"picked":"Thunderclap+1","floor":18.0},{"not_picked":["Carnage","Anger"],"picked":"Headbutt+1","floor":21.0},{"not_picked":["Clothesline+1","Clash"],"picked":"Iron Wave+1","floor":24.0},{"not_picked":["Whirlwind","Rage"],"picked":"Battle Trance","floor":29},{"not_picked":["Bludgeon","Body Slam"],"picked":"Armaments","floor":31},{"not_picked":["Limit Break","Feed"],"picked":"Reaper","floor":33},{"not_picked":["Sword Boomerang","Dropkick"],"picked":"Havoc","floor":39},{"not_picked":["Dropkick","Dark Embrace"],"picked":"Demon Form","floor":40},{"not_picked":["Armaments","Carnage"],"picked":"Whirlwind+1","floor":42},{"not_picked":["Cleave+1","Shrug It Off"],"picked":"Shockwave+1","floor":44},{"not_picked":["Spot Weakness+1","Havoc"],"picked":"Uppercut+1","floor":46}],"player_experience":1258917,"relics_obtained":[{"floor":6.0,"key":"Bag of Preparation"},{"floor":8.0,"key":"Magic Flower"},{"floor":9.0,"key":"Meat on the Bone"},{"floor":10.0,"key":"Ancient Tea Set"},{"floor":12.0,"key":"Shuriken"},{"floor":14.0,"key":"Calipers"},{"floor":24.0,"key":"Bag of Marbles"},{"floor":26.0,"key":"Art of War"},{"floor":29,"key":"Potion Belt"},{"floor":31,"key":"Sundial"},{"floor":40,"key":"Dodecahedron"},{"floor":43,"key":"Whetstone"},{"floor":44,"key":"Anchor"}],"event_choices":[{"damage_healed":0.0,"max_hp_gain":0.0,"max_hp_loss":0.0,"gold_gain":0.0,"event_name":"Match and Keep!","player_choice":"1 cards matched","floor":19.0,"gold_loss":0.0,"damage_taken":0.0,"cards_obtained":["Flame Barrier"]},{"cards_removed":["Strike_R"],"damage_healed":0,"gold_gain":0,"player_choice":"Offered Basic","damage_taken":0,"max_hp_gain":0,"max_hp_loss":0,"event_name":"Bonfire Elementals","floor":37,"gold_loss":0},{"damage_healed":0,"gold_gain":0,"player_choice":"Max HP","damage_taken":0,"max_hp_gain":0,"max_hp_loss":4,"event_name":"Winding Halls","floor":48,"gold_loss":0}],"is_beta":true,"boss_relics":[{"not_picked":["Orrery","Calling Bell"],"picked":"Ectoplasm"},{"not_picked":["Velvet Choker","Runic Pyramid"],"picked":"Lizard Tail"}],"items_purged_floors":[],"is_endless":false,"potions_floor_spawned":[1,2,3,8,10,14,29,30,31,40,42,44],"ascension_level":20}