{"gold_per_floor":[112,37,112,35,48,82,102,118,118,137,137,42,42,52,52,126,126,141,141,60,70,90,90,38,38],"floor_reached":25,"playtime":858,"items_purged":[],"score":399,"play_id":"c4b98bae-2f13-4bfc-a390-6ef994546b41","local_time":"20180807161542","is_ascension_mode":true,"campfire_choices":[{"data":"Loop","floor":11.0,"key":"SMITH"},{"data":"Blizzard","floor":13,"key":"SMITH"},{"data":"Hologram","floor":15,"key":"SMITH"},{"floor":23,"key":"REST"}],"neow_cost":"NONE","seed_source_timestamp":729812150674448,"circlet_count":0,"master_deck":["Strike_B","Strike_B","Strike_B","Strike_B","Defend_B","Defend_B","Defend_B","Defend_B","Zap","Dualcast","AscendersBane","Hologram+1","Loop+1","Cold Snap","Leap","Cold Snap","All For One","Cold Snap","Go for the Eyes","Chill","Blizzard+1","Conserve Battery","Rebound","Reboot","White Noise","Coolheaded","Hello World","White Noise","Coolheaded","Leap"],"special_seed":0,"relics":["Cracked Core","NeowsBlessing","Blood Vial","DataDisk","Snecko Eye"],"potions_floor_usage":[14,16,22],"damage_taken":[{"damage":0.0,"enemies":"Jaw Worm","floor":1.0,"turns":1.0},{"damage":0.0,"enemies":"2 Louse","floor":5.0,"turns":1.0},{"damage":0.0,"enemies":"Lagavulin","floor":6.0,"turns":1.0},{"damage":1.0,"enemies":"Cultist","floor":7.0,"turns":3.0},{"damage":4.0,"enemies":"Looter","floor":8.0,"turns":4.0},{"damage":1.0,"enemies":"Red Slaver","floor":10.0,"turns":4.0},{"damage":0,"enemies":"Gremlin Gang","floor":14,"turns":1},{"damage":18,"enemies":"The Guardian","floor":16,"turns":15},{"damage":0,"enemies":"3 Byrds","floor":18,"turns":4},{"damage":13,"enemies":"Shell Parasite","floor":21,"turns":6},{"damage":20,"enemies":"Snake Plant","floor":22,"turns":5},{"damage":26,"enemies":"Gremlin Leader","floor":25,"turns":8}],"seed_played":"6168368131547090389","potions_obtained":[{"floor":1.0,"key":"Block Potion"},{"floor":8.0,"key":"Swift Potion"},{"floor":21,"key":"Dexterity Potion"}],"is_trial":false,"path_per_floor":["M","$","?","$","M","E","M","M","T","M","R","$","R","M","R","B",null,"M","?","$","M","M","R","$"],"character_chosen":"DEFECT","items_purchased":["Loop","Cold Snap","Leap","Blizzard","Conserve Battery","Coolheaded","Hello World","Leap"],"campfire_rested":1,"item_purchase_floors":[2,4,4,12,12,20,20,24],"current_hp_per_floor":[64,64,53,53,53,53,54,52,52,53,53,53,53,55,55,39,63,65,55,55,44,26,47,47,23],"gold":38,"neow_bonus":"THREE_ENEMY_KILL","is_prod":false,"is_daily":false,"chose_seed":false,"campfire_upgraded":3,"win_rate":0,"timestamp":1533683742,"path_taken":["M","$","?","?","M","E","M","M","T","M","R","$","R","M","R","BOSS","M","?","$","M","?","R","?","E"],"build_version":"2018-08-07","purchased_purges":0,"victory":false,"max_hp_per_floor":[71,71,71,71,71,71,71,71,71,71,71,71,71,71,71,71,71,71,71,71,71,71,71,71,71],"card_choices":[{"not_picked":["Fusion","Leap"],"picked":"Hologram","floor":1.0},{"not_picked":["Steam","Coolheaded"],"picked":"Cold Snap","floor":5.0},{"not_picked":["Barrage","Sunder"],"picked":"All For One","floor":6.0},{"not_picked":["Lockon","Sweeping Beam"],"picked":"Cold Snap","floor":7.0},{"not_picked":["Fusion","Doom and Gloom"],"picked":"Go for the Eyes","floor":8.0},{"not_picked":["Barrage","Leap"],"picked":"Chill","floor":10.0},{"not_picked":["Streamline","Hologram"],"picked":"Rebound","floor":14},{"not_picked":["Amplify","Biased Cognition"],"picked":"Reboot","floor":16},{"not_picked":["Rebound","Sweeping Beam+1"],"picked":"White Noise","floor":18},{"not_picked":["Static Discharge","Fusion+1"],"picked":"White Noise","floor":21},{"not_picked":["Scrape+1","FTL"],"picked":"Coolheaded","floor":22}],"player_experience":758469,"relics_obtained":[{"floor":6.0,"key":"Blood Vial"},{"floor":9.0,"key":"DataDisk"}],"event_choices":[{"event_name":"World of Goop","player_choice":"Gather Gold","floor":3.0,"damage_taken":0.0},{"event_name":"Wheel of Change","player_choice":"Damage","floor":19,"damage_taken":0}],"is_beta":true,"boss_relics":[{"not_picked":["Runic Dome","Sozu"],"picked":"Snecko Eye"}],"items_purged_floors":[],"is_endless":false,"potions_floor_spawned":[1,8,10,21],"killed_by":"Gremlin Leader","ascension_level":15}