{"gold_per_floor":[119,119,131,131,56,56,91,91,115,125,125,152,165,185,185,259,259,279,329,86,106,118,118,153,153,203,203,213,213,226,32,32,32],"floor_reached":33,"playtime":955,"items_purged":["Strike_B","Strike_B"],"score":550,"play_id":"85ce09b4-c18a-4c62-98c6-867c0ae9e476","local_time":"20190318130410","is_ascension_mode":true,"campfire_choices":[{"data":"Streamline","floor":6.0,"key":"SMITH"},{"data":"Coolheaded","floor":8.0,"key":"SMITH"},{"data":"Doom and Gloom","floor":15.0,"key":"SMITH"},{"data":"Beam Cell","floor":23.0,"key":"SMITH"},{"data":"Hello World","floor":29,"key":"SMITH"},{"data":"Defragment","floor":32,"key":"SMITH"}],"neow_cost":"NONE","seed_source_timestamp":4015840033135,"circlet_count":0,"master_deck":["AscendersBane","Defend_B","Defend_B","Defend_B","Defend_B","Zap+1","Dualcast","Streamline+1","Coolheaded+1","Skim","Cold Snap+1","Doom and Gloom+1","Cold Snap","Cold Snap","Meteor Strike","Steam","Hello World+1","Beam Cell+1","Steam","Coolheaded+1","Compile Driver+1","Consume","Doubt","Hologram+1","Defragment+1","Coolheaded"],"special_seed":0,"relics":["Philosopher\u0027s Stone","Pear","Bag of Marbles","Potion Belt","Strawberry","Cursed Key","Question Card","Whetstone"],"potions_floor_usage":[28,30],"damage_taken":[{"damage":13.0,"enemies":"Small Slimes","floor":1.0,"turns":3.0},{"damage":0.0,"enemies":"2 Louse","floor":3.0,"turns":2.0},{"damage":12.0,"enemies":"Lagavulin","floor":7.0,"turns":5.0},{"damage":1.0,"enemies":"Jaw Worm","floor":10.0,"turns":3.0},{"damage":7.0,"enemies":"Gremlin Nob","floor":12.0,"turns":3.0},{"damage":0.0,"enemies":"Exordium Thugs","floor":13.0,"turns":3.0},{"damage":7.0,"enemies":"Looter","floor":14.0,"turns":3.0},{"damage":2.0,"enemies":"Slime Boss","floor":16.0,"turns":8.0},{"damage":10.0,"enemies":"2 Thieves","floor":18.0,"turns":2.0},{"damage":4.0,"enemies":"Spheric Guardian","floor":21.0,"turns":5.0},{"damage":0.0,"enemies":"Snecko","floor":22.0,"turns":3.0},{"damage":14.0,"enemies":"Gremlin Leader","floor":24.0,"turns":5.0},{"damage":24,"enemies":"Snake Plant","floor":28,"turns":3},{"damage":3,"enemies":"Cultist and Chosen","floor":30,"turns":5},{"damage":30,"enemies":"Collector","floor":33,"turns":11}],"seed_played":"6643477155281416246","potions_obtained":[{"floor":3.0,"key":"Swift Potion"},{"floor":10.0,"key":"Weak Potion"},{"floor":12.0,"key":"Strength Potion"},{"floor":16.0,"key":"GamblersBrew"},{"floor":21.0,"key":"Regen Potion"},{"floor":24.0,"key":"PowerPotion"},{"floor":28,"key":"Explosive Potion"}],"is_trial":false,"path_per_floor":["M","?","M","?","?","R","E","R","T","M","?","E","M","M","R","B",null,"M","?","$","M","M","R","E","?","T","?","M","R","M","$","R","B"],"character_chosen":"DEFECT","items_purchased":["Hello World","Beam Cell","Steam","Defragment","Coolheaded"],"campfire_rested":0,"item_purchase_floors":[20,20,20,31,31],"current_hp_per_floor":[51,44,44,49,49,49,37,37,37,36,36,36,36,29,29,27,73,63,63,63,59,59,59,57,57,57,57,33,33,30,30,30,0],"gold":32,"neow_bonus":"BOSS_RELIC","is_prod":false,"is_daily":false,"chose_seed":false,"campfire_upgraded":6,"win_rate":0,"timestamp":1552939450,"path_taken":["M","?","M","?","?","R","E","R","T","M","?","E","?","M","R","BOSS","M","?","$","M","M","R","E","?","T","?","?","R","M","$","R","BOSS"],"build_version":"2019-03-15","purchased_purges":2,"victory":false,"max_hp_per_floor":[71,71,71,81,81,81,81,81,81,81,81,88,88,88,88,88,88,88,88,88,88,88,88,88,88,88,88,88,88,88,88,88,88],"card_choices":[{"not_picked":["Gash","Blizzard"],"picked":"Streamline","floor":1.0},{"not_picked":["Aggregate","Compile Driver"],"picked":"Coolheaded","floor":3.0},{"not_picked":["Static Discharge","Rebound"],"picked":"Skim","floor":7.0},{"not_picked":["Barrage","Coolheaded"],"picked":"Cold Snap","floor":10.0},{"not_picked":["Leap","Self Repair"],"picked":"Doom and Gloom","floor":12.0},{"not_picked":["Steam Power","Undo"],"picked":"Cold Snap","floor":13.0},{"not_picked":["Auto Shields","Multi-Cast"],"picked":"Cold Snap","floor":14.0},{"not_picked":["Machine Learning","Hyperbeam"],"picked":"Meteor Strike","floor":16.0},{"not_picked":["Blizzard","Turbo"],"picked":"Steam","floor":18.0},{"not_picked":["Redo","Streamline"],"picked":"Coolheaded+1","floor":21.0},{"not_picked":["Rebound","Lockon"],"picked":"Compile Driver","floor":22.0},{"not_picked":["Streamline","Stack"],"picked":"Consume","floor":24.0},{"not_picked":["Cold Snap","Double Energy","Leap"],"picked":"Hologram+1","floor":28},{"not_picked":["Reboot","Fusion","Heatsinks","Tempest"],"picked":"SKIP","floor":30}],"player_experience":1315766,"relics_obtained":[{"floor":7.0,"key":"Bag of Marbles"},{"floor":9.0,"key":"Potion Belt"},{"floor":12.0,"key":"Strawberry"},{"floor":24.0,"key":"Question Card"},{"floor":26.0,"key":"Whetstone"}],"event_choices":[{"cards_removed":["Strike_B"],"damage_healed":0.0,"max_hp_gain":0.0,"max_hp_loss":0.0,"gold_gain":0.0,"event_name":"Golden Wing","player_choice":"Card Removal","floor":2.0,"gold_loss":0.0,"damage_taken":7.0},{"damage_healed":0.0,"max_hp_gain":0.0,"max_hp_loss":0.0,"gold_gain":0.0,"event_name":"Scrap Ooze","player_choice":"Success","floor":4.0,"gold_loss":0.0,"damage_taken":5.0,"relics_obtained":["Pear"]},{"cards_removed":["Strike_B"],"damage_healed":0.0,"max_hp_gain":0.0,"max_hp_loss":0.0,"gold_gain":0.0,"event_name":"The Cleric","player_choice":"Card Removal","floor":5.0,"gold_loss":75.0,"damage_taken":0.0},{"damage_healed":0.0,"max_hp_gain":0.0,"max_hp_loss":0.0,"gold_gain":0.0,"event_name":"Living Wall","player_choice":"Grow","floor":11.0,"gold_loss":0.0,"damage_taken":0.0,"cards_upgraded":["Zap"]},{"damage_healed":0.0,"max_hp_gain":0.0,"max_hp_loss":0.0,"gold_gain":50.0,"event_name":"Nest","player_choice":"Stole From Cult","floor":19.0,"gold_loss":0.0,"damage_taken":0.0},{"damage_healed":0.0,"max_hp_gain":0.0,"max_hp_loss":0.0,"gold_gain":0.0,"event_name":"Vampires","player_choice":"Ignored","floor":25.0,"gold_loss":0.0,"damage_taken":0.0},{"damage_healed":0.0,"max_hp_gain":0.0,"max_hp_loss":0.0,"gold_gain":0.0,"event_name":"The Mausoleum","player_choice":"Ignored","floor":27.0,"gold_loss":0.0,"damage_taken":0.0}],"is_beta":true,"boss_relics":[{"not_picked":["Nuclear Battery","Tiny House"],"picked":"Cursed Key"}],"items_purged_floors":[20,31],"is_endless":false,"potions_floor_spawned":[3,10,12,16,21,24,28],"killed_by":"Collector","ascension_level":20}