{"path_per_floor":["M","?","T","?","?","$","R","M","T","?","$","?","R","E","R","B",null,"M","M","$","?","M","R","E","T","T","R","M","M","$","?","R","B",null,"M","M","M","M","M","R","M","M","T","M","M","R","$","$","R","B"],"character_chosen":"IRONCLAD","items_purchased":["Flex","Shrug It Off","Iron Wave","War Paint","True Grit","Feel No Pain"],"gold_per_floor":[117,67,367,367,367,16,16,35,35,91,38,38,38,70,70,168,168,182,195,59,59,74,74,100,100,100,100,120,131,6,6,6,108,108,128,138,154,168,188,188,198,218,270,280,298,298,148,148,148,148],"floor_reached":51,"campfire_rested":2,"playtime":7389,"current_hp_per_floor":[80,80,80,80,64,64,64,70,70,78,78,78,78,82,82,57,87,87,86,86,86,70,70,52,52,52,52,53,38,38,38,64,59,87,87,85,87,80,87,87,87,87,87,87,55,55,55,55,81,24],"items_purged":["Strike_R","Strike_R","Regret","Strike_R"],"gold":148,"score":492,"play_id":"04bbad4f-95d4-4fcd-8dc0-9419fe8cffc9","is_prod":false,"is_daily":false,"is_ascension_mode":false,"campfire_upgraded":6,"path_taken":["M","?","?","?","?","$","R","?","T","?","$","?","R","E","R","BOSS","M","M","$","?","M","R","E","?","T","R","M","M","?","?","R","BOSS","M","M","M","M","M","R","M","M","T","M","?","R","?","$","R","BOSS"],"build_version":"2018-02-22-PROD2","purchased_purges":6,"victory":true,"master_deck":["Strike_R+1","Defend_R+1","Defend_R+1","Defend_R","Defend_R+1","Bash+1","Iron Wave","Flex+1","Shrug It Off+1","Iron Wave+1","True Grit+1","Cleave+1","Barricade+1","Shrug It Off+1","Feel No Pain","Shockwave+1","Iron Wave+1","Body Slam+1","Body Slam+1","Entrench+1"],"max_hp_per_floor":[80,80,80,80,80,80,80,80,80,87,87,87,87,87,87,87,87,87,87,87,87,87,87,87,87,87,87,87,87,87,87,87,87,87,87,87,87,87,87,87,87,87,87,87,87,87,87,87,87,87],"relics":["Burning Blood","Old Coin","Toxic Egg 2","War Paint","Shuriken","Strawberry","Sundial","Velvet Choker","Meat on the Bone","Girya","Gambling Chip","Lizard Tail","Happy Flower"],"card_choices":[{"not_picked":["Ghostly Armor","Flex"],"picked":"Iron Wave"},{"not_picked":["Iron Wave","Wild Strike"],"picked":"Cleave"},{"not_picked":["Reaper","Demon Form"],"picked":"Barricade"},{"not_picked":["Thunderclap","Twin Strike"],"picked":"Shrug It Off"},{"not_picked":["Clothesline","Blood for Blood"],"picked":"Shockwave"},{"not_picked":["Wild Strike","Perfected Strike"],"picked":"Iron Wave"},{"not_picked":["Pommel Strike","Corruption"],"picked":"Body Slam"},{"not_picked":["Evolve","Sword Boomerang"],"picked":"Body Slam"},{"not_picked":["Fire Breathing","Twin Strike"],"picked":"Entrench"}],"player_experience":57160,"potions_floor_usage":[10,10,14,14,33,33,36,36,39,39,45],"damage_taken":[{"damage":1,"enemies":"Cultist","floor":1,"turns":3},{"damage":0,"enemies":"2 Louse","floor":8,"turns":2},{"damage":5,"enemies":"Gremlin Nob","floor":10,"turns":3},{"damage":2,"enemies":"Gremlin Nob","floor":14,"turns":3},{"damage":31,"enemies":"The Guardian","floor":16,"turns":14},{"damage":5,"enemies":"Shell Parasite","floor":18,"turns":7},{"damage":7,"enemies":"2 Thieves","floor":19,"turns":4},{"damage":22,"enemies":"3 Cultists","floor":22,"turns":7},{"damage":24,"enemies":"Gremlin Leader","floor":24,"turns":10},{"damage":5,"enemies":"Snecko","floor":28,"turns":6},{"damage":33,"enemies":"Slaver and Parasite","floor":29,"turns":7},{"damage":23,"enemies":"Champ","floor":33,"turns":11},{"damage":2,"enemies":"Orb Walker","floor":35,"turns":4},{"damage":8,"enemies":"3 Darklings","floor":36,"turns":6},{"damage":0,"enemies":"Maw","floor":37,"turns":7},{"damage":13,"enemies":"4 Shapes","floor":38,"turns":5},{"damage":12,"enemies":"Sphere and 2 Shapes","floor":39,"turns":9},{"damage":6,"enemies":"Maw","floor":41,"turns":9},{"damage":6,"enemies":"4 Shapes","floor":42,"turns":8},{"damage":0,"enemies":"3 Darklings","floor":44,"turns":6},{"damage":38,"enemies":"Sphere and 2 Shapes","floor":45,"turns":5},{"damage":75,"enemies":"Donu and Deca","floor":50,"turns":14}],"event_choices":[{"event_name":"The Cleric","player_choice":"Card Removal","floor":2,"damage_taken":0},{"event_name":"Big Fish","player_choice":"Box","floor":4,"damage_taken":0},{"event_name":"Shining Light","player_choice":"Entered Light","floor":5,"damage_taken":0},{"event_name":"Dead Adventurer","player_choice":"Searched \u00271\u0027 times","floor":10,"damage_taken":0},{"event_name":"Liars Game","player_choice":"disagreed","floor":12,"damage_taken":0},{"event_name":"Beggar","player_choice":"Ignored","floor":21,"damage_taken":0},{"event_name":"Drug Dealer","player_choice":"Ignored","floor":31,"damage_taken":0}],"boss_relics":[{"not_picked":["Question Card","Astrolabe"],"picked":"Velvet Choker"},{"not_picked":["Snecko Eye","Black Star"],"picked":"Lizard Tail"}],"potions_floor_spawned":[1,10,28,29,33,35,36,37,42],"seed_played":"-8794559921924584790","ascension_level":0,"is_trial":false}