{"gold_per_floor":[118,138,138,138,158,158,177,212,212,137,137,173,189,212,212,310,310,324,343,393,393,412,412,445,515,515,167,186,206,206,239,239,329,329,353,736,354,370,6,6,39,39,62,82,132,159,188,218,230,242],"floor_reached":50,"playtime":1547,"items_purged":["Defend_R","Defend_R"],"score":1233,"play_id":"f96fba18-1e27-4549-8047-dcb3be2ed0ed","local_time":"20190317105612","is_ascension_mode":true,"campfire_choices":[{"data":"Perfected Strike","floor":6.0,"key":"SMITH"},{"data":"Perfected Strike","floor":15.0,"key":"SMITH"},{"data":"Armaments","floor":23,"key":"SMITH"},{"data":"True Grit","floor":30,"key":"SMITH"},{"data":"Armaments","floor":32,"key":"SMITH"},{"data":"True Grit","floor":40,"key":"SMITH"},{"data":"Bash","floor":42,"key":"SMITH"},{"data":"Demon Form","floor":49,"key":"SMITH"}],"neow_cost":"NONE","seed_source_timestamp":4495408005984,"circlet_count":0,"master_deck":["AscendersBane","Strike_R","Strike_R","Strike_R","Strike_R","Bash+1","Perfected Strike+1","Perfected Strike+1","Ghostly Armor","Perfected Strike","Bludgeon","True Grit+1","Impervious","Bludgeon","Feel No Pain","True Grit+1","Armaments+1","Demon Form+1","Heavy Blade+1","Entrench","Armaments+1","Feel No Pain","Heavy Blade+1","Immolate+1","Pommel Strike+1","Pommel Strike+1","Bludgeon+1","Enlightenment","Uppercut+1","Armaments+1","Body Slam+1","Immolate+1"],"special_seed":0,"relics":["Burning Blood","NeowsBlessing","Centennial Puzzle","Bottled Flame","Gremlin Horn","Snecko Eye","SsserpentHead","Pear","Molten Egg 2","PreservedInsect","Runic Dome","Calipers","Membership Card","Thread and Needle","Lantern","MawBank"],"potions_floor_usage":[22,24,28,33,41,44,50,50],"damage_taken":[{"damage":0.0,"enemies":"Small Slimes","floor":1.0,"turns":1.0},{"damage":0.0,"enemies":"2 Louse","floor":2.0,"turns":1.0},{"damage":0.0,"enemies":"Cultist","floor":5.0,"turns":1.0},{"damage":7.0,"enemies":"Lots of Slimes","floor":7.0,"turns":4.0},{"damage":25.0,"enemies":"Lagavulin","floor":8.0,"turns":7.0},{"damage":8.0,"enemies":"Gremlin Nob","floor":12.0,"turns":3.0},{"damage":0.0,"enemies":"2 Fungi Beasts","floor":13.0,"turns":2.0},{"damage":8.0,"enemies":"3 Louse","floor":14.0,"turns":2.0},{"damage":19.0,"enemies":"Slime Boss","floor":16.0,"turns":9.0},{"damage":0.0,"enemies":"Spheric Guardian","floor":18.0,"turns":2.0},{"damage":6.0,"enemies":"2 Thieves","floor":19.0,"turns":2.0},{"damage":13,"enemies":"Cultist and Chosen","floor":22,"turns":3},{"damage":14,"enemies":"Slavers","floor":24,"turns":3},{"damage":0,"enemies":"Snake Plant","floor":25,"turns":1},{"damage":8,"enemies":"Shelled Parasite and Fungi","floor":28,"turns":2},{"damage":9,"enemies":"Chosen and Byrds","floor":29,"turns":5},{"damage":30,"enemies":"Gremlin Leader","floor":31,"turns":3},{"damage":28,"enemies":"Champ","floor":33,"turns":7},{"damage":0,"enemies":"3 Shapes","floor":35,"turns":2},{"damage":11,"enemies":"3 Darklings","floor":38,"turns":2},{"damage":9,"enemies":"Giant Head","floor":41,"turns":5},{"damage":0,"enemies":"Spire Growth","floor":44,"turns":2},{"damage":0,"enemies":"Reptomancer","floor":46,"turns":3},{"damage":0,"enemies":"Transient","floor":47,"turns":6},{"damage":0,"enemies":"Maw","floor":48,"turns":6},{"damage":78,"enemies":"Donu and Deca","floor":50,"turns":11}],"seed_played":"960363404069714849","potions_obtained":[{"floor":2.0,"key":"Energy Potion"},{"floor":5.0,"key":"SpeedPotion"},{"floor":8.0,"key":"BloodPotion"},{"floor":12.0,"key":"FearPotion"},{"floor":18.0,"key":"SkillPotion"},{"floor":22,"key":"SkillPotion"},{"floor":24,"key":"SkillPotion"},{"floor":28,"key":"Poison Potion"},{"floor":31,"key":"Regen Potion"},{"floor":35,"key":"AttackPotion"},{"floor":41,"key":"AttackPotion"},{"floor":48,"key":"AttackPotion"}],"is_trial":false,"path_per_floor":["M","M","?","?","M","R","M","E","T","?","?","E","M","M","R","B",null,"M","M","?","?","M","R","E","M","T","$","M","M","R","E","R","B",null,"M","?","$","M","$","R","E","R","T","M","?","E","M","M","R","B"],"character_chosen":"IRONCLAD","items_purchased":["Heavy Blade+1","Entrench","Armaments","Feel No Pain","Calipers","Membership Card","Bludgeon+1","Enlightenment"],"campfire_rested":0,"item_purchase_floors":[27,27,27,27,37,39,39,39],"current_hp_per_floor":[74,75,68,68,68,68,67,48,48,48,48,52,58,56,56,43,62,68,68,68,68,61,61,63,69,69,69,67,64,64,40,40,33,67,73,73,73,68,68,68,65,65,65,71,71,77,78,78,78,0],"gold":242,"neow_bonus":"THREE_ENEMY_KILL","is_prod":false,"is_daily":false,"chose_seed":false,"campfire_upgraded":8,"win_rate":0,"timestamp":1552845372,"path_taken":["M","M","?","?","?","R","?","E","T","?","?","E","M","M","R","BOSS","M","M","?","?","M","R","E","?","T","$","M","M","R","E","R","BOSS","M","?","?","M","$","R","E","R","T","M","?","E","M","M","R","BOSS"],"build_version":"2019-03-15","purchased_purges":2,"victory":false,"max_hp_per_floor":[75,75,68,68,68,68,68,68,68,68,68,68,68,68,68,68,68,68,68,68,68,68,68,78,78,78,78,78,78,78,78,78,78,78,78,78,78,78,78,78,78,78,78,78,78,78,78,78,78,78],"card_choices":[{"not_picked":["Headbutt","Inflame"],"picked":"Perfected Strike","floor":1.0},{"not_picked":["Hemokinesis","Shockwave"],"picked":"Perfected Strike","floor":2.0},{"not_picked":["Warcry","Clothesline"],"picked":"Ghostly Armor","floor":5.0},{"not_picked":["Intimidate","Headbutt"],"picked":"Perfected Strike","floor":7.0},{"not_picked":["Combust","Reckless Charge"],"picked":"Bludgeon","floor":8.0},{"not_picked":["Warcry","Sword Boomerang"],"picked":"True Grit","floor":13.0},{"not_picked":["Wild Strike","Reckless Charge"],"picked":"Impervious","floor":14.0},{"not_picked":["Exhume","Feed"],"picked":"Bludgeon","floor":16.0},{"not_picked":["Clash","Fire Breathing"],"picked":"Feel No Pain","floor":18.0},{"not_picked":["Combust","Sword Boomerang"],"picked":"True Grit","floor":19.0},{"not_picked":["Wild Strike","Spot Weakness"],"picked":"Armaments","floor":22},{"not_picked":["Bludgeon","Anger"],"picked":"Demon Form","floor":24},{"not_picked":["Rage","Warcry","Havoc"],"picked":"SKIP","floor":28},{"not_picked":["Fire Breathing+1","Hemokinesis+1"],"picked":"Heavy Blade+1","floor":29},{"not_picked":["Thunderclap+1","Flex","Iron Wave+1"],"picked":"SKIP","floor":31},{"not_picked":["Exhume","Feed+1"],"picked":"Immolate+1","floor":33},{"not_picked":["Headbutt+1","Thunderclap+1"],"picked":"Pommel Strike+1","floor":35},{"not_picked":["Wild Strike+1","Ghostly Armor+1"],"picked":"Pommel Strike+1","floor":38},{"not_picked":["Rampage+1","Pommel Strike+1"],"picked":"Uppercut+1","floor":41},{"not_picked":["Sentinel","Cleave+1"],"picked":"Armaments+1","floor":44},{"not_picked":["Searing Blow+1","Warcry","Armaments"],"picked":"SKIP","floor":46},{"not_picked":["Evolve","True Grit"],"picked":"Body Slam+1","floor":47},{"not_picked":["Havoc","Body Slam+1"],"picked":"Immolate+1","floor":48}],"player_experience":1311730,"relics_obtained":[{"floor":8.0,"key":"Centennial Puzzle"},{"floor":9.0,"key":"Bottled Flame"},{"floor":12.0,"key":"Gremlin Horn"},{"floor":24,"key":"Pear"},{"floor":26,"key":"Molten Egg 2"},{"floor":31,"key":"PreservedInsect"},{"floor":41,"key":"Thread and Needle"},{"floor":43,"key":"Lantern"},{"floor":46,"key":"MawBank"}],"event_choices":[{"damage_healed":0.0,"max_hp_gain":0.0,"max_hp_loss":7.0,"gold_gain":0.0,"event_name":"Golden Idol","player_choice":"Lose Max HP","floor":3.0,"gold_loss":0.0,"damage_taken":0.0,"relics_obtained":["Golden Idol"]},{"cards_removed":["Defend_R"],"damage_healed":0.0,"max_hp_gain":0.0,"max_hp_loss":0.0,"gold_gain":0.0,"event_name":"Purifier","player_choice":"Purged","floor":4.0,"gold_loss":0.0,"damage_taken":0.0},{"cards_removed":["Defend_R"],"damage_healed":0.0,"max_hp_gain":0.0,"max_hp_loss":0.0,"gold_gain":0.0,"event_name":"The Cleric","player_choice":"Card Removal","floor":10.0,"gold_loss":75.0,"damage_taken":0.0},{"damage_healed":0.0,"max_hp_gain":0.0,"max_hp_loss":0.0,"gold_gain":0.0,"event_name":"Liars Game","player_choice":"Ignored","floor":11.0,"gold_loss":0.0,"damage_taken":0.0},{"damage_healed":0.0,"max_hp_gain":0.0,"max_hp_loss":0.0,"gold_gain":50.0,"event_name":"Nest","player_choice":"Stole From Cult","floor":20.0,"gold_loss":0.0,"damage_taken":0.0},{"damage_healed":0.0,"max_hp_gain":0.0,"max_hp_loss":0.0,"gold_gain":0.0,"event_name":"FaceTrader","player_choice":"Trade","floor":21.0,"gold_loss":0.0,"damage_taken":0.0,"relics_obtained":["SsserpentHead"]},{"damage_healed":0,"gold_gain":333,"player_choice":"Gave Idol","damage_taken":0,"max_hp_gain":0,"max_hp_loss":0,"event_name":"The Moai Head","floor":36,"relics_lost":["Golden Idol"],"gold_loss":0},{"cards_removed":["Strike_R"],"damage_healed":0,"gold_gain":0,"player_choice":"Removed Attack","damage_taken":0,"max_hp_gain":0,"max_hp_loss":0,"event_name":"Falling","floor":45,"gold_loss":0}],"is_beta":true,"boss_relics":[{"not_picked":["Pandora\u0027s Box","White Beast Statue"],"picked":"Snecko Eye"},{"not_picked":["Calling Bell","Busted Crown"],"picked":"Runic Dome"}],"items_purged_floors":[27,37],"is_endless":false,"potions_floor_spawned":[2,5,8,12,18,22,24,28,31,35,38,41,48],"killed_by":"Donu and Deca","ascension_level":20}