{"gold_per_floor":[112,128,128,128,128,139,139,193,193,206,237,253,328,328,328,426,426,440,459,558,558,571,571,571],"floor_reached":24,"playtime":970,"items_purged":[],"score":196,"play_id":"683c2d70-2401-47ed-8862-ceae5a767497","local_time":"20190106161718","is_ascension_mode":false,"campfire_choices":[{"data":"Flex","floor":7,"key":"SMITH"},{"floor":15,"key":"REST"},{"floor":23,"key":"REST"}],"neow_cost":"NONE","seed_source_timestamp":61167388371750,"circlet_count":0,"master_deck":["Strike_R+1","Strike_R","Strike_R","Defend_R+1","Defend_R","Bash","Flex+1","Blood for Blood","Shrug It Off","Berserk","Burning Pact+1","Reckless Charge+1","Second Wind+1","Iron Wave","Cleave+1"],"relics":["Busted Crown","Darkstone Periapt","Lantern","Nunchaku","Matryoshka","Astrolabe"],"potions_floor_usage":[16,16,16],"damage_taken":[{"damage":2,"enemies":"Jaw Worm","floor":1,"turns":4},{"damage":2,"enemies":"2 Louse","floor":2,"turns":2},{"damage":1,"enemies":"Cultist","floor":6,"turns":3},{"damage":9,"enemies":"2 Fungi Beasts","floor":10,"turns":3},{"damage":13,"enemies":"3 Sentries","floor":11,"turns":7},{"damage":5,"enemies":"Looter","floor":12,"turns":2},{"damage":45,"enemies":"Hexaghost","floor":16,"turns":13},{"damage":54,"enemies":"3 Byrds","floor":18,"turns":7},{"damage":0,"enemies":"Chosen","floor":19,"turns":4},{"damage":24,"enemies":"Snecko","floor":22,"turns":5},{"damage":26,"enemies":"Book of Stabbing","floor":24,"turns":4}],"seed_played":"1319954092641149794","potions_obtained":[{"floor":2,"key":"Regen Potion"},{"floor":11,"key":"EssenceOfSteel"},{"floor":12,"key":"AttackPotion"}],"is_trial":false,"path_per_floor":["M","M","$","?","?","M","R","T","T","M","E","M","?","?","R","B",null,"M","M","?","?","M","R","E"],"character_chosen":"IRONCLAD","items_purchased":[],"campfire_rested":2,"item_purchase_floors":[],"current_hp_per_floor":[78,76,76,76,69,68,68,68,68,59,46,41,30,14,38,8,80,26,26,26,26,2,26,0],"gold":571,"neow_bonus":"BOSS_RELIC","is_prod":false,"is_daily":false,"chose_seed":false,"campfire_upgraded":1,"win_rate":0.0,"timestamp":1546809438,"path_taken":["M","M","$","?","?","M","R","?","T","?","E","M","?","?","R","BOSS","M","M","?","?","M","R","E"],"build_version":"2019-01-03v4","purchased_purges":0,"victory":false,"max_hp_per_floor":[80,80,80,80,80,80,80,80,80,80,80,80,80,80,80,80,80,80,80,80,80,80,80,80],"card_choices":[{"not_picked":["Warcry"],"picked":"SKIP","floor":1},{"not_picked":[],"picked":"Flex","floor":2},{"not_picked":["Bloodletting"],"picked":"SKIP","floor":6},{"not_picked":["Bloodletting"],"picked":"SKIP","floor":6},{"not_picked":[],"picked":"Shrug It Off","floor":10},{"not_picked":["Perfected Strike"],"picked":"SKIP","floor":11},{"not_picked":["Whirlwind"],"picked":"SKIP","floor":12},{"not_picked":[],"picked":"Berserk","floor":16},{"not_picked":["Anger"],"picked":"SKIP","floor":18},{"not_picked":[],"picked":"Iron Wave","floor":19},{"not_picked":[],"picked":"Cleave+1","floor":22}],"player_experience":1100,"relics_obtained":[{"floor":8,"key":"Lantern"},{"floor":9,"key":"Nunchaku"},{"floor":11,"key":"Matryoshka"}],"event_choices":[{"damage_healed":0,"gold_gain":0,"cards_transformed":["Strike_R"],"player_choice":"Change","damage_taken":0,"max_hp_gain":0,"max_hp_loss":0,"event_name":"Living Wall","floor":4,"gold_loss":0,"cards_obtained":["Blood for Blood"]},{"damage_healed":0,"gold_gain":0,"player_choice":"Success","damage_taken":7,"relics_obtained":["Darkstone Periapt"],"max_hp_gain":0,"max_hp_loss":0,"event_name":"Scrap Ooze","floor":5,"gold_loss":0},{"damage_healed":0,"gold_gain":75,"player_choice":"Gather Gold","damage_taken":11,"max_hp_gain":0,"max_hp_loss":0,"event_name":"World of Goop","floor":13,"gold_loss":0},{"damage_healed":0,"gold_gain":0,"player_choice":"Entered Light","damage_taken":16,"max_hp_gain":0,"max_hp_loss":0,"event_name":"Shining Light","floor":14,"gold_loss":0,"cards_upgraded":["Strike_R","Defend_R"]},{"damage_healed":0,"gold_gain":99,"player_choice":"Stole From Cult","damage_taken":0,"max_hp_gain":0,"max_hp_loss":0,"event_name":"Nest","floor":20,"gold_loss":0},{"damage_healed":0,"gold_gain":0,"player_choice":"Ignored","damage_taken":0,"max_hp_gain":0,"max_hp_loss":0,"event_name":"Beggar","floor":21,"gold_loss":0}],"is_beta":false,"boss_relics":[{"not_picked":["Black Star","Tiny House"],"picked":"Astrolabe"}],"items_purged_floors":[],"is_endless":false,"potions_floor_spawned":[2,11,12],"killed_by":"Book of Stabbing","ascension_level":0}