{"gold_per_floor":[113,113,138,138,148,181,181,210,210,210,210,28,28,41,41,113,113,127,145,157,157,1,1,17,17,89,89,89,107,142,161,161,238,238,250,264,50,1049,1049,1049],"floor_reached":40,"playtime":932,"items_purged":["Pain","Writhe"],"score":1074,"play_id":"cae5e6bb-45cd-4a67-b919-f57ed35394c9","local_time":"20190309203604","is_ascension_mode":true,"campfire_choices":[{"data":"Neutralize","floor":7.0,"key":"SMITH"},{"data":"Glass Knife","floor":11.0,"key":"SMITH"},{"floor":13.0,"key":"REST"},{"data":"Cloak And Dagger","floor":15.0,"key":"SMITH"},{"floor":23.0,"key":"REST"},{"floor":27.0,"key":"REST"},{"floor":32.0,"key":"REST"}],"neow_cost":"NONE","seed_source_timestamp":7243438711478,"circlet_count":0,"master_deck":["AscendersBane","Survivor","Neutralize+1","Deadly Poison","PiercingWail","Glass Knife+1","Poisoned Stab+1","Parasite","Dagger Spray+1","PiercingWail","Cloak And Dagger+1","Envenom","Catalyst","Endless Agony+1","Quick Slash+1","Backstab+1","All Out Attack+1","Wraith Form v2","Heel Hook+1","Dagger Throw+1","Bane+1","Poisoned Stab+1","Noxious Fumes","Caltrops","Envenom","Discovery","Poisoned Stab+1","Bane+1","Decay","Necronomicurse","Backstab+1","Predator+1","Riddle With Holes+1","Adrenaline+1","Blade Dance+1","Crippling Poison+1","Infinite Blades","Dodge and Roll+1","Normality","Normality","Pain"],"special_seed":0,"relics":["Cursed Key","Centennial Puzzle","Bronze Scales","Vajra","Molten Egg 2","Sundial","Darkstone Periapt","Pandora\u0027s Box","Ninja Scroll","Necronomicon","Toxic Egg 2","Eternal Feather","Whetstone"],"potions_floor_usage":[40,40],"damage_taken":[{"damage":7.0,"enemies":"Small Slimes","floor":1.0,"turns":4.0},{"damage":2.0,"enemies":"Jaw Worm","floor":5.0,"turns":4.0},{"damage":17.0,"enemies":"3 Sentries","floor":6.0,"turns":8.0},{"damage":19.0,"enemies":"Lagavulin","floor":8.0,"turns":6.0},{"damage":0.0,"enemies":"2 Louse","floor":14.0,"turns":2.0},{"damage":22.0,"enemies":"The Guardian","floor":16.0,"turns":10.0},{"damage":11.0,"enemies":"2 Thieves","floor":18.0,"turns":2.0},{"damage":0.0,"enemies":"3 Byrds","floor":19.0,"turns":3.0},{"damage":15.0,"enemies":"Centurion and Healer","floor":20.0,"turns":3.0},{"damage":27.0,"enemies":"Shelled Parasite and Fungi","floor":24.0,"turns":2.0},{"damage":6.0,"enemies":"Cultist and Chosen","floor":29.0,"turns":3.0},{"damage":21.0,"enemies":"Slavers","floor":30.0,"turns":4.0},{"damage":0.0,"enemies":"Centurion and Healer","floor":31.0,"turns":3.0},{"damage":23.0,"enemies":"Collector","floor":33.0,"turns":4.0},{"damage":16.0,"enemies":"Orb Walker","floor":35.0,"turns":2.0},{"damage":35.0,"enemies":"3 Darklings","floor":36.0,"turns":5.0},{"damage":36,"enemies":"Nemesis","floor":40,"turns":3}],"seed_played":"3043757798581246909","potions_obtained":[{"floor":5.0,"key":"SkillPotion"},{"floor":8.0,"key":"AttackPotion"},{"floor":16.0,"key":"Explosive Potion"},{"floor":18.0,"key":"AttackPotion"},{"floor":31.0,"key":"Poison Potion"},{"floor":33.0,"key":"SteroidPotion"},{"floor":35.0,"key":"SkillPotion"}],"is_trial":false,"path_per_floor":["M","?","T","?","M","E","R","E","T","T","R","$","R","M","R","B",null,"M","M","M","?","$","R","M","?","T","R","?","M","E","M","R","B",null,"M","M","$","?","T","E"],"character_chosen":"THE_SILENT","items_purchased":["Dagger Spray+1","PiercingWail","Discovery","Poisoned Stab+1","Infinite Blades","Dodge and Roll+1"],"campfire_rested":4,"item_purchase_floors":[12,12,22,22,37,37],"current_hp_per_floor":[52,57,57,52,50,33,33,14,14,14,14,14,35,35,35,13,57,46,46,31,31,31,52,25,39,45,68,53,47,26,26,50,27,69,53,18,18,30,36,0],"gold":1049,"neow_bonus":"BOSS_RELIC","is_prod":false,"is_daily":false,"chose_seed":false,"campfire_upgraded":3,"win_rate":0,"timestamp":1552192564,"path_taken":["M","?","?","?","M","E","R","E","T","?","R","$","R","M","R","BOSS","M","M","?","?","$","R","M","?","T","R","?","M","E","M","R","BOSS","M","M","$","?","?","E"],"build_version":"2019-02-06","purchased_purges":2,"victory":false,"max_hp_per_floor":[66,71,71,71,71,71,71,71,71,71,71,71,71,71,71,71,71,71,71,71,71,71,71,71,71,77,77,83,83,83,83,83,83,83,83,83,83,95,101,101],"card_choices":[{"not_picked":["Underhanded Strike","Prepared"],"picked":"Deadly Poison","floor":1.0},{"not_picked":["Setup","Heel Hook"],"picked":"PiercingWail","floor":5.0},{"not_picked":["Eviscerate","Deflect"],"picked":"Glass Knife","floor":6.0},{"not_picked":["Flechettes","Unload"],"picked":"Poisoned Stab","floor":8.0},{"not_picked":["Acrobatics","Deflect"],"picked":"Cloak And Dagger","floor":14.0},{"not_picked":["A Thousand Cuts","Doppelganger"],"picked":"Envenom","floor":16.0},{"not_picked":["Deadly Poison","Masterful Stab+1"],"picked":"Bane+1","floor":18.0},{"not_picked":["Deadly Poison","Slice+1"],"picked":"Poisoned Stab+1","floor":19.0},{"not_picked":["Outmaneuver","Underhanded Strike+1"],"picked":"Noxious Fumes","floor":20.0},{"not_picked":["Backflip","Crippling Poison"],"picked":"Bane+1","floor":24.0},{"not_picked":["Heel Hook+1","Slice+1"],"picked":"Backstab+1","floor":29.0},{"not_picked":["Bouncing Flask","Riddle With Holes+1"],"picked":"Predator+1","floor":30.0},{"not_picked":["Dagger Throw+1","Die Die Die+1"],"picked":"Riddle With Holes+1","floor":31.0},{"not_picked":["Burst+1","Glass Knife+1"],"picked":"Adrenaline+1","floor":33.0},{"not_picked":["Acrobatics+1","Deadly Poison+1"],"picked":"Blade Dance+1","floor":35.0},{"not_picked":["Underhanded Strike+1","Flechettes+1"],"picked":"Crippling Poison+1","floor":36.0}],"player_experience":1277687,"relics_obtained":[{"floor":3.0,"key":"Centennial Puzzle"},{"floor":6.0,"key":"Vajra"},{"floor":8.0,"key":"Molten Egg 2"},{"floor":9.0,"key":"Sundial"},{"floor":10.0,"key":"Darkstone Periapt"},{"floor":26.0,"key":"Ninja Scroll"},{"floor":28.0,"key":"Necronomicon"},{"floor":30.0,"key":"Toxic Egg 2"},{"floor":39.0,"key":"Whetstone"}],"event_choices":[{"damage_healed":0.0,"max_hp_gain":5.0,"max_hp_loss":0.0,"gold_gain":0.0,"event_name":"Big Fish","player_choice":"Donut","floor":2.0,"gold_loss":0.0,"damage_taken":0.0},{"damage_healed":0.0,"max_hp_gain":0.0,"max_hp_loss":0.0,"gold_gain":0.0,"event_name":"Scrap Ooze","player_choice":"Success","floor":4.0,"gold_loss":0.0,"damage_taken":5.0,"relics_obtained":["Bronze Scales"]},{"damage_healed":0.0,"max_hp_gain":0.0,"max_hp_loss":0.0,"gold_gain":0.0,"cards_transformed":["Envenom","Acrobatics"],"event_name":"Drug Dealer","player_choice":"Became Test Subject","floor":21.0,"gold_loss":0.0,"damage_taken":0.0,"cards_obtained":["Caltrops","Envenom"]},{"damage_healed":14.0,"max_hp_gain":0.0,"max_hp_loss":0.0,"gold_gain":0.0,"event_name":"The Library","player_choice":"Heal","floor":25.0,"gold_loss":0.0,"damage_taken":0.0},{"damage_healed":0.0,"max_hp_gain":0.0,"max_hp_loss":0.0,"gold_gain":0.0,"event_name":"Cursed Tome","player_choice":"Obtained Book","floor":28.0,"gold_loss":0.0,"damage_taken":21.0},{"damage_healed":0.0,"max_hp_gain":0.0,"max_hp_loss":0.0,"gold_gain":999.0,"event_name":"MindBloom","player_choice":"Gold","floor":38.0,"gold_loss":0.0,"damage_taken":0.0,"cards_obtained":["Normality","Normality"]}],"is_beta":true,"boss_relics":[{"not_picked":["HoveringKite","Philosopher\u0027s Stone"],"picked":"Pandora\u0027s Box"},{"not_picked":["White Beast Statue","Sozu"],"picked":"Eternal Feather"}],"items_purged_floors":[12,37],"is_endless":false,"potions_floor_spawned":[5,8,16,18,31,33,35],"killed_by":"Nemesis","ascension_level":20}