{"gold_per_floor":[214,227,327,337,347,377,257,257,257,432,285,315,329,343,343,448,448,459,469,469,432,442,468,468,468,491,507,507,519,545,420,420,420],"floor_reached":33,"playtime":1351,"items_purged":["Strike_R","Doubt","Defend_R"],"score":322,"play_id":"6e6c5516-fd5d-440b-9243-1f1332ebd0fb","local_time":"20190113154037","is_ascension_mode":false,"campfire_choices":[{"floor":8,"key":"REST"},{"data":"Armaments","floor":15,"key":"SMITH"},{"data":"Juggernaut","floor":24,"key":"SMITH"},{"floor":28,"key":"REST"},{"floor":32,"key":"REST"}],"neow_cost":"NONE","seed_source_timestamp":336244247836644,"circlet_count":0,"master_deck":["Strike_R","Strike_R","Strike_R","Defend_R","Defend_R","Defend_R","Bash","Cleave","Flex","Inflame","Shrug It Off","Iron Wave","Armaments+1","Pommel Strike","Thunderclap","Juggernaut+1","Shockwave","Metallicize","Fire Breathing+1"],"relics":["Burning Blood","Dodecahedron","Kunai","Pear","Sozu","Molten Egg 2","Vajra","Pocketwatch"],"potions_floor_usage":[5,16,16],"damage_taken":[{"damage":1,"enemies":"Cultist","floor":1,"turns":4},{"damage":12,"enemies":"Small Slimes","floor":2,"turns":3},{"damage":11,"enemies":"Jaw Worm","floor":4,"turns":2},{"damage":4,"enemies":"Blue Slaver","floor":5,"turns":4},{"damage":38,"enemies":"Gremlin Nob","floor":6,"turns":5},{"damage":23,"enemies":"Lagavulin","floor":12,"turns":9},{"damage":13,"enemies":"3 Louse","floor":13,"turns":3},{"damage":3,"enemies":"Red Slaver","floor":14,"turns":6},{"damage":40,"enemies":"Hexaghost","floor":16,"turns":13},{"damage":9,"enemies":"Shell Parasite","floor":18,"turns":5},{"damage":9,"enemies":"2 Thieves","floor":19,"turns":4},{"damage":7,"enemies":"Snake Plant","floor":22,"turns":4},{"damage":29,"enemies":"Book of Stabbing","floor":23,"turns":7},{"damage":11,"enemies":"Snecko","floor":27,"turns":5},{"damage":23,"enemies":"Shelled Parasite and Fungi","floor":29,"turns":5},{"damage":25,"enemies":"Gremlin Leader","floor":30,"turns":6},{"damage":66,"enemies":"Champ","floor":33,"turns":8}],"seed_played":"8793703886385140279","potions_obtained":[{"floor":2,"key":"Block Potion"},{"floor":4,"key":"LiquidBronze"},{"floor":13,"key":"Ancient Potion"},{"floor":14,"key":"Block Potion"},{"floor":16,"key":"GamblersBrew"}],"is_trial":false,"path_per_floor":["M","M","?","M","M","E","$","R","T","?","$","E","M","M","R","B",null,"M","M","?","$","M","E","R","?","T","M","R","M","E","$","R","B"],"character_chosen":"IRONCLAD","items_purchased":["Iron Wave","Armaments","Metallicize"],"campfire_rested":3,"item_purchase_floors":[7,11,21],"current_hp_per_floor":[80,74,74,69,71,39,39,63,63,63,63,56,49,52,52,18,90,87,84,84,84,83,60,60,42,42,37,65,48,29,29,57,0],"gold":420,"neow_bonus":"HUNDRED_GOLD","is_prod":false,"is_daily":false,"chose_seed":false,"campfire_upgraded":2,"win_rate":0.0,"timestamp":1547412037,"path_taken":["M","?","?","M","?","E","$","R","T","?","$","E","M","M","R","BOSS","M","M","?","$","M","E","R","?","T","M","R","M","E","$","R","BOSS"],"build_version":"2019-01-10","purchased_purges":3,"victory":false,"max_hp_per_floor":[80,80,80,80,80,80,80,80,80,80,80,90,90,90,90,90,90,90,90,90,90,90,90,90,95,95,95,95,95,95,95,95,95],"card_choices":[{"not_picked":["Uppercut","Second Wind"],"picked":"Cleave","floor":1},{"not_picked":["Whirlwind","Feel No Pain"],"picked":"Flex","floor":2},{"not_picked":["Headbutt","Pummel"],"picked":"Inflame","floor":4},{"not_picked":["Sword Boomerang","Uppercut","Headbutt"],"picked":"SKIP","floor":5},{"not_picked":["Sword Boomerang","Uppercut","Headbutt"],"picked":"SKIP","floor":5},{"not_picked":["Heavy Blade","Clothesline"],"picked":"Shrug It Off","floor":6},{"not_picked":["Entrench","Whirlwind"],"picked":"Pommel Strike","floor":12},{"not_picked":["Bloodletting","Brutality"],"picked":"Thunderclap","floor":13},{"not_picked":["Bloodletting","Dual Wield","Combust"],"picked":"SKIP","floor":14},{"not_picked":["Brutality","Berserk"],"picked":"Juggernaut","floor":16},{"not_picked":["Clash+1","Perfected Strike","Dual Wield"],"picked":"SKIP","floor":18},{"not_picked":["Thunderclap","Spot Weakness"],"picked":"Shockwave","floor":19},{"not_picked":["Limit Break","Warcry","True Grit"],"picked":"SKIP","floor":22},{"not_picked":["Flex+1","Entrench","Whirlwind"],"picked":"SKIP","floor":23},{"not_picked":["Shrug It Off","Wild Strike+1","Pommel Strike+1"],"picked":"SKIP","floor":27},{"not_picked":["Rage","Perfected Strike+1","Shrug It Off+1"],"picked":"SKIP","floor":29},{"not_picked":["Rage+1","True Grit"],"picked":"Fire Breathing+1","floor":30}],"player_experience":29815,"relics_obtained":[{"floor":6,"key":"Dodecahedron"},{"floor":9,"key":"Kunai"},{"floor":12,"key":"Pear"},{"floor":23,"key":"Molten Egg 2"},{"floor":26,"key":"Vajra"},{"floor":30,"key":"Pocketwatch"}],"event_choices":[{"damage_healed":0,"gold_gain":100,"player_choice":"Pray","damage_taken":0,"max_hp_gain":0,"max_hp_loss":0,"event_name":"Golden Shrine","floor":3,"gold_loss":0},{"damage_healed":0,"gold_gain":175,"player_choice":"AGREE","damage_taken":0,"max_hp_gain":0,"max_hp_loss":0,"event_name":"Liars Game","floor":10,"gold_loss":0,"cards_obtained":["Doubt"]},{"cards_removed":["Strike_R"],"damage_healed":0,"gold_gain":0,"player_choice":"Elegance","damage_taken":0,"max_hp_gain":0,"max_hp_loss":0,"event_name":"Back to Basics","floor":20,"gold_loss":0},{"damage_healed":0,"gold_gain":0,"player_choice":"Shed Blood","damage_taken":23,"max_hp_gain":5,"max_hp_loss":0,"event_name":"Forgotten Altar","floor":25,"gold_loss":0}],"is_beta":false,"boss_relics":[{"not_picked":["Calling Bell","Runic Cube"],"picked":"Sozu"}],"items_purged_floors":[7,11,31],"is_endless":false,"potions_floor_spawned":[2,4,13,14,16,18,23,30],"killed_by":"Champ","ascension_level":0}