{"path_per_floor":["M","?","M","M","M","R","E","?","T","$","T","M","R","E","R","B",null,"M","?","?","?","?","R","$","?","T","M","M","?","E","$","R"],"character_chosen":"THE_SILENT","items_purchased":["Well Laid Plans","Deadly Poison","Poisoned Stab","Mercury Hourglass"],"gold_per_floor":[115,115,133,150,163,163,190,265,265,58,130,143,143,168,168,271,271,282,332,332,332,332,332,89,4,29,41,55,55,83,83,83,83],"floor_reached":33,"campfire_rested":4,"playtime":2714,"item_purchase_floors":[10,10,10,24],"current_hp_per_floor":[66,66,60,57,51,51,40,29,29,29,29,13,34,19,40,3,70,45,45,45,32,32,47,47,47,47,52,46,30,13,13,28,0],"items_purged":["Defend_G"],"gold":83,"score":321,"play_id":"83e76119-4778-4aa4-a0e8-1b312f5f0322","local_time":"20180531180238","is_prod":false,"is_daily":false,"chose_seed":false,"is_ascension_mode":false,"campfire_upgraded":1,"win_rate":0.0,"timestamp":1527804158,"campfire_choices":[{"data":"Dash","floor":6,"key":"SMITH"},{"floor":13,"key":"REST"},{"floor":15,"key":"REST"},{"floor":23,"key":"REST"},{"floor":32,"key":"REST"}],"path_taken":["M","?","M","M","M","R","E","?","T","$","?","M","R","E","R","BOSS","M","?","?","?","?","R","$","?","T","M","M","?","E","$","R","BOSS"],"build_version":"2018-05-24","seed_source_timestamp":31144061474008,"purchased_purges":1,"victory":false,"master_deck":["Defend_G","Defend_G","Defend_G","Defend_G","Survivor","Neutralize","Backflip","Sucker Punch","Deadly Poison","Dash+1","Bouncing Flask","Well Laid Plans","Deadly Poison","Poisoned Stab","Blade Dance","Deadly Poison","Burst","Dash+1","Bite","Bite","Bite","Bite","Bite","Deadly Poison","Crippling Poison"],"max_hp_per_floor":[70,70,70,70,70,70,70,70,70,70,70,70,70,70,70,70,70,70,70,70,75,52,52,52,52,52,52,52,52,52,52,52,52],"relics":["Runic Pyramid","Juzu Bracelet","Vajra","Letter Opener","Matryoshka","Sozu","Mercury Hourglass","The Specimen","Oddly Smooth Stone","Omamori","Necronomicon","Dream Catcher"],"card_choices":[{"not_picked":["Slice","Choke"],"picked":"Backflip","floor":1},{"not_picked":["Malaise","Calculated Gamble"],"picked":"Sucker Punch","floor":3},{"not_picked":["Backflip","Dodge and Roll"],"picked":"Deadly Poison","floor":4},{"not_picked":["Slice","Backflip"],"picked":"Dash","floor":5},{"not_picked":["Dagger Throw","Slice"],"picked":"Bouncing Flask","floor":7},{"not_picked":["Underhanded Strike","Flechettes"],"picked":"Blade Dance","floor":12},{"not_picked":["Infinite Blades","Die Die Die"],"picked":"Deadly Poison","floor":14},{"not_picked":["Unload","Bullet Time"],"picked":"Burst","floor":16},{"not_picked":["Outmaneuver","Expertise"],"picked":"Dash+1","floor":18},{"not_picked":["Slice+1","Quick Slash"],"picked":"Deadly Poison","floor":27},{"not_picked":["PiercingWail","Outmaneuver","Acrobatics"],"picked":"SKIP","floor":28},{"not_picked":["Blur","Masterful Stab","Footwork"],"picked":"SKIP","floor":30},{"not_picked":["Caltrops+1","Dagger Spray"],"picked":"Crippling Poison","floor":32}],"player_experience":11482,"potions_floor_usage":[14,33],"damage_taken":[{"damage":4,"enemies":"2 Louse","floor":1,"turns":4},{"damage":6,"enemies":"Cultist","floor":3,"turns":6},{"damage":3,"enemies":"Jaw Worm","floor":4,"turns":4},{"damage":6,"enemies":"Exordium Wildlife","floor":5,"turns":3},{"damage":11,"enemies":"3 Sentries","floor":7,"turns":10},{"damage":16,"enemies":"Exordium Thugs","floor":12,"turns":4},{"damage":15,"enemies":"Gremlin Nob","floor":14,"turns":4},{"damage":37,"enemies":"Slime Boss","floor":16,"turns":11},{"damage":25,"enemies":"2 Thieves","floor":18,"turns":4},{"damage":0,"enemies":"Shell Parasite","floor":27,"turns":4},{"damage":8,"enemies":"Cultist and Chosen","floor":28,"turns":4},{"damage":21,"enemies":"Slavers","floor":30,"turns":4},{"damage":41,"enemies":"Collector","floor":33,"turns":6}],"relics_obtained":[{"floor":7,"key":"Juzu Bracelet"},{"floor":9,"key":"Vajra"},{"floor":11,"key":"Letter Opener"},{"floor":14,"key":"Matryoshka"},{"floor":26,"key":"Oddly Smooth Stone"},{"floor":26,"key":"Omamori"},{"floor":29,"key":"Necronomicon"},{"floor":30,"key":"Dream Catcher"}],"event_choices":[{"event_name":"The Woman in Blue","player_choice":"Bought 0 Potions","floor":2,"damage_taken":0},{"event_name":"World of Goop","player_choice":"Gather Gold","floor":8,"damage_taken":0},{"event_name":"The Joust","player_choice":"Bet on Murderer","floor":19,"damage_taken":0},{"event_name":"Back to Basics","player_choice":"Elegance","floor":20,"damage_taken":0},{"event_name":"Forgotten Altar","player_choice":"Shed Blood","floor":21,"damage_taken":0},{"event_name":"Vampires","player_choice":"Became a vampire","floor":22,"damage_taken":0},{"event_name":"Addict","player_choice":"Obtained Relic","floor":25,"damage_taken":0},{"event_name":"Cursed Tome","player_choice":"Obtained Book","floor":29,"damage_taken":0}],"boss_relics":[{"not_picked":["Tiny House","Runic Dome"],"picked":"Sozu"}],"items_purged_floors":[10],"potions_floor_spawned":[3,7,16,18,30],"seed_played":"1224059763302661932","killed_by":"Collector","ascension_level":0,"potions_obtained":[{"floor":3,"key":"EssenceOfSteel"},{"floor":7,"key":"Strength Potion"},{"floor":16,"key":"Swift Potion"}],"is_trial":false}