{"gold_per_floor":[117,48,48,48,66,96,96,109,159,159,178,178,205,205,205,307,307,325,325,339,357,19,19,36,36,36,47,47,47],"floor_reached":29,"playtime":1129,"items_purged":["Strike_G"],"score":245,"play_id":"663ce8ac-ea72-4b6b-b133-9840a3b36202","local_time":"20190828025406","is_ascension_mode":true,"campfire_choices":[{"data":"Infinite Blades","floor":7,"key":"SMITH"},{"floor":10,"key":"REST"},{"floor":12,"key":"REST"},{"floor":15,"key":"REST"},{"floor":23,"key":"REST"},{"floor":25,"key":"REST"},{"floor":28,"key":"REST"}],"neow_cost":"NONE","seed_source_timestamp":68787627622900,"circlet_count":0,"master_deck":["Strike_G","Strike_G+1","Strike_G","Strike_G","Defend_G","Defend_G","Defend_G","Defend_G+1","Defend_G+1","Survivor","Neutralize","Infinite Blades+1","Infinite Blades+1","Regret","Noxious Fumes","Finisher","Catalyst","Accuracy","Leg Sweep+1","Footwork","Footwork"],"relics":["Ring of the Snake","Snake Skull","Blood Vial","The Courier","War Paint","WristBlade","Shuriken","Blue Candle","Letter Opener"],"potions_floor_usage":[16,18,24,29,29],"damage_taken":[{"damage":3,"enemies":"Cultist","floor":1,"turns":5},{"damage":4,"enemies":"Jaw Worm","floor":5,"turns":5},{"damage":10,"enemies":"Lagavulin","floor":6,"turns":7},{"damage":6,"enemies":"2 Louse","floor":8,"turns":3},{"damage":16,"enemies":"Red Slaver","floor":11,"turns":5},{"damage":33,"enemies":"3 Sentries","floor":13,"turns":8},{"damage":25,"enemies":"Hexaghost","floor":16,"turns":9},{"damage":30,"enemies":"Spheric Guardian","floor":18,"turns":4},{"damage":7,"enemies":"3 Byrds","floor":20,"turns":4},{"damage":27,"enemies":"Shelled Parasite and Fungi","floor":21,"turns":4},{"damage":18,"enemies":"Snecko","floor":24,"turns":6},{"damage":24,"enemies":"3 Cultists","floor":27,"turns":5},{"damage":52,"enemies":"Slavers","floor":29,"turns":3}],"seed_played":"-3739348725279517477","potions_obtained":[{"floor":1,"key":"Swift Potion"},{"floor":8,"key":"SmokeBomb"},{"floor":13,"key":"Dexterity Potion"},{"floor":20,"key":"Ancient Potion"},{"floor":27,"key":"FearPotion"}],"is_trial":false,"path_per_floor":["M","$","?","?","M","E","R","M","T","R","M","R","E","?","R","B",null,"M","?","M","M","$","R","M","R","T","M","R","E"],"character_chosen":"THE_SILENT","items_purchased":["Infinite Blades","Footwork","Blue Candle","SkillPotion"],"campfire_rested":6,"item_purchase_floors":[2,22,22,22],"current_hp_per_floor":[74,74,74,59,55,45,45,41,41,64,50,73,42,35,58,35,77,47,47,42,17,17,40,24,47,47,25,48,0],"gold":47,"neow_bonus":"TEN_PERCENT_HP_BONUS","is_prod":false,"is_daily":false,"chose_seed":false,"campfire_upgraded":1,"win_rate":0,"timestamp":1566986046,"path_taken":["M","$","?","?","M","E","R","M","T","R","M","R","E","?","R","BOSS","M","?","M","M","$","R","M","R","T","?","R","E"],"build_version":"2019-07-17","purchased_purges":1,"victory":false,"max_hp_per_floor":[77,77,77,77,77,77,77,77,77,77,77,77,77,77,77,77,77,77,77,77,77,77,77,77,77,77,77,77,77],"card_choices":[{"not_picked":["Flying Knee","Dodge and Roll"],"picked":"Infinite Blades","floor":1},{"not_picked":["Bane","Prepared"],"picked":"Noxious Fumes","floor":5},{"not_picked":["Deadly Poison","Outmaneuver","Expertise"],"picked":"SKIP","floor":6},{"not_picked":["Heel Hook","Outmaneuver","Sucker Punch"],"picked":"SKIP","floor":8},{"not_picked":["Calculated Gamble","Poisoned Stab"],"picked":"Finisher","floor":11},{"not_picked":["Underhanded Strike","Dagger Throw"],"picked":"Catalyst","floor":13},{"not_picked":["Outmaneuver","Deadly Poison","Slice"],"picked":"SKIP","floor":18},{"not_picked":["Backflip","Deflect"],"picked":"Accuracy","floor":20},{"not_picked":["Quick Slash","Bane"],"picked":"Leg Sweep+1","floor":21},{"not_picked":["Dagger Spray","Slice","Blade Dance"],"picked":"SKIP","floor":24},{"not_picked":["Dodge and Roll+1","Blade Dance+1"],"picked":"Footwork","floor":27}],"player_experience":131544,"relics_obtained":[{"floor":6,"key":"Blood Vial"},{"floor":13,"key":"The Courier"},{"floor":26,"key":"Letter Opener"}],"event_choices":[{"damage_healed":0,"gold_gain":0,"player_choice":"Box","damage_taken":0,"relics_obtained":["Snake Skull"],"max_hp_gain":0,"max_hp_loss":0,"event_name":"Big Fish","floor":3,"gold_loss":0,"cards_obtained":["Regret"]},{"damage_healed":0,"gold_gain":0,"player_choice":"Entered Light","damage_taken":15,"max_hp_gain":0,"max_hp_loss":0,"event_name":"Shining Light","floor":4,"gold_loss":0,"cards_upgraded":["Strike_G","Infinite Blades"]},{"damage_healed":0,"gold_gain":0,"player_choice":"Success","damage_taken":7,"relics_obtained":["War Paint"],"max_hp_gain":0,"max_hp_loss":0,"event_name":"Scrap Ooze","floor":14,"gold_loss":0},{"damage_healed":0,"gold_gain":0,"player_choice":"Gave Potion","damage_taken":0,"relics_obtained":["Shuriken"],"max_hp_gain":0,"max_hp_loss":0,"event_name":"WeMeetAgain","floor":19,"gold_loss":0}],"is_beta":false,"boss_relics":[{"not_picked":["Runic Pyramid","Cursed Key"],"picked":"WristBlade"}],"items_purged_floors":[22],"is_endless":false,"potions_floor_spawned":[1,8,13,20,27],"killed_by":"Slavers","ascension_level":1}