{"gold_per_floor":[111,111,111,111,111,137,155,169,169,185,204,204,204,222,222,319,319,329,342,362,380,103,103,122,122,122,132,132,132,32,32,32,135,135,153,153,169,269,269,269,302,302,302,302,332,348,348,363,363,363],"floor_reached":51,"playtime":5496,"items_purged":["Strike_G","Strike_G"],"score":707,"play_id":"eed9a600-69fd-4d4a-828c-09b05c9c129b","local_time":"20190705010709","is_ascension_mode":false,"campfire_choices":[{"floor":13,"key":"REST"},{"floor":15,"key":"REST"},{"data":"Tools of the Trade","floor":23,"key":"SMITH"},{"data":"Venomology","floor":25,"key":"SMITH"},{"data":"Neutralize","floor":29,"key":"SMITH"},{"data":"Blur","floor":32,"key":"SMITH"},{"floor":40,"key":"REST"},{"data":"Die Die Die","floor":42,"key":"SMITH"},{"data":"Wraith Form v2","floor":44,"key":"SMITH"},{"data":"Madness","floor":49,"key":"SMITH"}],"neow_cost":"NONE","seed_source_timestamp":296993044733192,"circlet_count":0,"master_deck":["Strike_G","Strike_G","Strike_G","Defend_G","Defend_G","Defend_G","Defend_G","Defend_G","Neutralize+1","Blur+1","Deflect","Dagger Throw","Flechettes","Leg Sweep","Unload","PiercingWail","Riddle With Holes","Venomology+1","Dash+1","Escape Plan+1","Tools of the Trade+1","Quick Slash+1","Well Laid Plans+1","Wraith Form v2+1","Riddle With Holes","Prepared+1","Prepared","Madness+1","Madness","Die Die Die+1","Deflect+1","Slice+1","Caltrops+1"],"relics":["Ring of the Snake","Question Card","Anchor","Boot","Velvet Choker","Toolbox","Matryoshka","Eternal Feather","Unceasing Top","Nunchaku","Paper Crane","Bottled Tornado","The Specimen","Shuriken","Molten Egg 2"],"potions_floor_usage":[6,10,16,18,20,21,21,27,33,33,33,33,37,37,38,45,45,46,48,50,50,50],"damage_taken":[{"damage":0,"enemies":"Jaw Worm","floor":1,"turns":4},{"damage":38,"enemies":"Gremlin Nob","floor":6,"turns":6},{"damage":0,"enemies":"Small Slimes","floor":7,"turns":4},{"damage":0,"enemies":"2 Louse","floor":8,"turns":2},{"damage":14,"enemies":"Large Slime","floor":10,"turns":6},{"damage":0,"enemies":"3 Louse","floor":11,"turns":3},{"damage":15,"enemies":"Gremlin Gang","floor":14,"turns":5},{"damage":22,"enemies":"Hexaghost","floor":16,"turns":11},{"damage":2,"enemies":"2 Thieves","floor":18,"turns":3},{"damage":0,"enemies":"Chosen","floor":19,"turns":5},{"damage":0,"enemies":"Centurion and Healer","floor":20,"turns":10},{"damage":0,"enemies":"Cultist and Chosen","floor":21,"turns":8},{"damage":6,"enemies":"Snake Plant","floor":24,"turns":4},{"damage":0,"enemies":"Snecko","floor":27,"turns":6},{"damage":73,"enemies":"Collector","floor":33,"turns":18},{"damage":5,"enemies":"3 Darklings","floor":35,"turns":9},{"damage":26,"enemies":"3 Shapes","floor":37,"turns":6},{"damage":0,"enemies":"Mind Bloom Boss Battle","floor":38,"turns":9},{"damage":0,"enemies":"Nemesis","floor":41,"turns":6},{"damage":0,"enemies":"Reptomancer","floor":45,"turns":7},{"damage":24,"enemies":"Jaw Worm Horde","floor":46,"turns":6},{"damage":24,"enemies":"4 Shapes","floor":48,"turns":7},{"damage":34,"enemies":"Awakened One","floor":50,"turns":13}],"seed_played":"-922848088627632776","potions_obtained":[{"floor":1,"key":"Energy Potion"},{"floor":7,"key":"PowerPotion"},{"floor":11,"key":"LiquidBronze"},{"floor":16,"key":"Ancient Potion"},{"floor":18,"key":"SteroidPotion"},{"floor":28,"key":"Fire Potion"},{"floor":33,"key":"AttackPotion"},{"floor":35,"key":"Regen Potion"},{"floor":45,"key":"Regen Potion"},{"floor":48,"key":"SpeedPotion"}],"is_trial":false,"path_per_floor":["M","?","?","?","?","E","M","M","T","M","M","?","R","M","R","B",null,"M","M","M","M","$","R","M","R","T","M","?","R","$","?","R","B",null,"M","?","M","?","?","R","E","R","T","R","E","M","T","M","R","B",null],"character_chosen":"THE_SILENT","items_purchased":["Toolbox"],"campfire_rested":3,"item_purchase_floors":[22],"current_hp_per_floor":[77,77,70,75,75,37,37,37,37,23,23,23,47,32,56,34,82,80,80,80,80,80,80,74,74,74,74,74,74,74,74,74,1,82,77,77,51,66,56,82,82,82,82,82,82,58,58,34,52,32],"gold":363,"neow_bonus":"TEN_PERCENT_HP_BONUS","is_prod":false,"is_daily":false,"chose_seed":false,"campfire_upgraded":7,"win_rate":0.0,"timestamp":1562256429,"path_taken":["M","?","?","?","?","E","M","M","T","M","M","?","R","M","R","BOSS","M","?","M","M","$","R","M","R","T","M","?","R","?","?","R","BOSS","M","?","M","?","?","R","E","R","T","R","E","M","?","?","R","BOSS"],"build_version":"2019-07-01","purchased_purges":2,"victory":true,"max_hp_per_floor":[77,77,77,82,82,82,82,82,82,82,82,82,82,82,82,82,82,82,82,82,82,82,82,82,82,82,82,82,82,82,82,82,82,82,82,82,82,82,82,82,82,82,82,82,82,82,82,82,82,82],"card_choices":[{"not_picked":["Acrobatics","Heel Hook"],"picked":"Blur","floor":1},{"not_picked":["Underhanded Strike","Quick Slash","Poisoned Stab"],"picked":"Dagger Throw","floor":6},{"not_picked":["Backflip","Acrobatics","Quick Slash"],"picked":"Flechettes","floor":7},{"not_picked":["Backflip","Heel Hook","Dodge and Roll"],"picked":"Leg Sweep","floor":8},{"not_picked":["Leg Sweep","Dagger Throw","Deadly Poison"],"picked":"Unload","floor":10},{"not_picked":["Deadly Poison","Bane","Sucker Punch"],"picked":"PiercingWail","floor":11},{"not_picked":["Sucker Punch","Bane","Tactician"],"picked":"Riddle With Holes","floor":14},{"not_picked":["Wraith Form v2","Night Terror","Malaise"],"picked":"Venomology","floor":16},{"not_picked":["Outmaneuver","Deadly Poison","Heel Hook"],"picked":"Dash+1","floor":18},{"not_picked":["Flechettes","Slice","Reflex"],"picked":"Escape Plan+1","floor":19},{"not_picked":["Poisoned Stab","PiercingWail","Dodge and Roll+1"],"picked":"Tools of the Trade","floor":20},{"not_picked":["Dagger Throw","Dodge and Roll","Blade Dance","Flying Knee"],"picked":"SKIP","floor":21},{"not_picked":["PiercingWail","Bane","Deadly Poison"],"picked":"Quick Slash+1","floor":24},{"not_picked":["Deadly Poison","Blade Dance","Distraction"],"picked":"Well Laid Plans+1","floor":27},{"not_picked":["Doppelganger","Burst","Adrenaline"],"picked":"Wraith Form v2","floor":33},{"not_picked":["Backflip","Bane+1","Dagger Spray+1"],"picked":"Riddle With Holes","floor":35},{"not_picked":["Blade Dance+1","Slice","Doppelganger"],"picked":"Prepared+1","floor":37},{"not_picked":["Dodge and Roll","Crippling Poison+1","Underhanded Strike"],"picked":"Prepared","floor":38},{"not_picked":["Predator","Bane","Flying Knee+1"],"picked":"Die Die Die","floor":41},{"not_picked":["Tactician","Footwork","Dagger Throw"],"picked":"Deflect+1","floor":45},{"not_picked":["Acrobatics","Dodge and Roll","Dagger Spray+1"],"picked":"Slice+1","floor":46},{"not_picked":["Noxious Fumes+1","Calculated Gamble","Bouncing Flask"],"picked":"Caltrops+1","floor":48}],"player_experience":13665,"relics_obtained":[{"floor":6,"key":"Anchor"},{"floor":9,"key":"Boot"},{"floor":26,"key":"Matryoshka"},{"floor":38,"key":"Unceasing Top"},{"floor":41,"key":"Nunchaku"},{"floor":43,"key":"Paper Crane"},{"floor":43,"key":"Bottled Tornado"},{"floor":45,"key":"The Specimen"},{"floor":47,"key":"Shuriken"},{"floor":47,"key":"Molten Egg 2"}],"event_choices":[{"damage_healed":0,"gold_gain":0,"cards_transformed":["Survivor"],"player_choice":"Change","damage_taken":0,"max_hp_gain":0,"max_hp_loss":0,"event_name":"Living Wall","floor":2,"gold_loss":0,"cards_obtained":["Deflect"]},{"damage_healed":0,"gold_gain":0,"player_choice":"Success","damage_taken":7,"relics_obtained":["Question Card"],"max_hp_gain":0,"max_hp_loss":0,"event_name":"Scrap Ooze","floor":3,"gold_loss":0},{"damage_healed":0,"gold_gain":0,"player_choice":"Donut","damage_taken":0,"max_hp_gain":5,"max_hp_loss":0,"event_name":"Big Fish","floor":4,"gold_loss":0},{"damage_healed":0,"gold_gain":0,"player_choice":"Ignored","damage_taken":0,"max_hp_gain":0,"max_hp_loss":0,"event_name":"Liars Game","floor":5,"gold_loss":0},{"damage_healed":0,"gold_gain":0,"player_choice":"Leave","damage_taken":0,"max_hp_gain":0,"max_hp_loss":0,"event_name":"FaceTrader","floor":12,"gold_loss":0},{"damage_healed":0,"gold_gain":0,"player_choice":"Got Potions","damage_taken":0,"max_hp_gain":0,"max_hp_loss":0,"event_name":"Lab","floor":28,"gold_loss":0},{"damage_healed":0,"gold_gain":0,"player_choice":"Ignored","damage_taken":0,"max_hp_gain":0,"max_hp_loss":0,"event_name":"Tomb of Lord Red Mask","floor":36,"gold_loss":0},{"damage_healed":0,"gold_gain":0,"player_choice":"Fight","damage_taken":0,"max_hp_gain":0,"max_hp_loss":0,"event_name":"MindBloom","floor":38,"gold_loss":0},{"damage_healed":0,"gold_gain":0,"player_choice":"Embrace Madness","damage_taken":10,"max_hp_gain":0,"max_hp_loss":0,"event_name":"Winding Halls","floor":39,"gold_loss":0,"cards_obtained":["Madness","Madness"]}],"is_beta":false,"boss_relics":[{"not_picked":["HoveringKite","Cursed Key"],"picked":"Velvet Choker"},{"not_picked":["White Beast Statue","Philosopher\u0027s Stone"],"picked":"Eternal Feather"}],"items_purged_floors":[22,30],"is_endless":false,"potions_floor_spawned":[1,7,11,16,18,33,35,45,48],"ascension_level":0}