{"gold_per_floor":[110,125,141,141,16,47,47,59,359,359,373,548,47,74,74,178,178,178,53,53,53,53,53,53,53,53,53,53,53,53,53,53,53,53,53,53,5,5,5,5,5,5,5,5,5,5,5,5,5,5],"floor_reached":50,"playtime":4339,"items_purged":["Strike_R","Doubt","Strike_R"],"score":688,"play_id":"0f4c250c-213a-4a60-95aa-b4b87c4abdd8","local_time":"20181126235045","is_ascension_mode":true,"campfire_choices":[{"data":"Whirlwind","floor":7,"key":"SMITH"},{"data":"Pommel Strike","floor":10,"key":"SMITH"},{"data":"Heavy Blade","floor":15,"key":"SMITH"},{"data":"True Grit","floor":23,"key":"SMITH"},{"data":"Inflame","floor":25,"key":"SMITH"},{"data":"Armaments","floor":32,"key":"SMITH"},{"floor":41,"key":"REST"},{"data":"Infernal Blade","floor":45,"key":"SMITH"},{"floor":49,"key":"REST"}],"neow_cost":"NONE","seed_source_timestamp":357487075019441,"circlet_count":0,"master_deck":["Strike_R","Strike_R+1","Defend_R","Defend_R+1","Defend_R","Defend_R","Bash+1","True Grit+1","Whirlwind+1","Shrug It Off","Battle Trance","Pommel Strike+1","Spot Weakness","Inflame+1","Infernal Blade+1","Heavy Blade+1","Impervious","Rage+1","Heavy Blade+1","Armaments+1","Thunderclap+1","Metallicize+1","Fire Breathing+1","Parasite","Dual Wield"],"relics":["Burning Blood","WingedGreaves","Old Coin","Shuriken","Shovel","Ectoplasm","Bottled Tornado","Question Card","Busted Crown","Blood Vial","Letter Opener","Pantograph"],"potions_floor_usage":[6,14,27,33,33,35,39,40,40,46],"damage_taken":[{"damage":7,"enemies":"2 Louse","floor":1,"turns":3},{"damage":5,"enemies":"Small Slimes","floor":2,"turns":3},{"damage":0,"enemies":"Cultist","floor":3,"turns":3},{"damage":17,"enemies":"Gremlin Nob","floor":6,"turns":4},{"damage":0,"enemies":"Lots of Slimes","floor":8,"turns":2},{"damage":0,"enemies":"3 Louse","floor":11,"turns":3},{"damage":20,"enemies":"Lagavulin","floor":14,"turns":7},{"damage":0,"enemies":"Slime Boss","floor":16,"turns":7},{"damage":9,"enemies":"Shell Parasite","floor":18,"turns":5},{"damage":2,"enemies":"Chosen","floor":21,"turns":4},{"damage":3,"enemies":"Snake Plant","floor":27,"turns":4},{"damage":8,"enemies":"Centurion and Healer","floor":30,"turns":5},{"damage":11,"enemies":"Shelled Parasite and Fungi","floor":31,"turns":3},{"damage":55,"enemies":"Champ","floor":33,"turns":8},{"damage":19,"enemies":"3 Darklings","floor":35,"turns":4},{"damage":5,"enemies":"3 Shapes","floor":38,"turns":3},{"damage":0,"enemies":"Spire Growth","floor":39,"turns":4},{"damage":41,"enemies":"Reptomancer","floor":40,"turns":4},{"damage":19,"enemies":"Writhing Mass","floor":42,"turns":6},{"damage":35,"enemies":"4 Shapes","floor":46,"turns":4},{"damage":103,"enemies":"Time Eater","floor":50,"turns":6}],"seed_played":"481973427537069793","potions_obtained":[{"floor":2,"key":"Explosive Potion"},{"floor":11,"key":"SteroidPotion"},{"floor":16,"key":"LiquidBronze"},{"floor":21,"key":"Block Potion"},{"floor":30,"key":"FearPotion"},{"floor":33,"key":"AttackPotion"},{"floor":35,"key":"Regen Potion"},{"floor":38,"key":"Explosive Potion"},{"floor":39,"key":"SteroidPotion"},{"floor":46,"key":"Ancient Potion"}],"is_trial":false,"path_per_floor":["M","M","M","?","$","E","R","M","T","R","M","?","$","E","R","B",null,"M","$","?","M","?","R","?","R","T","M","T","?","M","M","R","B",null,"M","?","$","M","M","E","R","M","T","?","R","M","?","T","R","B"],"character_chosen":"IRONCLAD","items_purchased":["Shrug It Off","Inflame","Infernal Blade","Shuriken","Dexterity Potion"],"campfire_rested":2,"item_purchase_floors":[5,13,13,13,37],"current_hp_per_floor":[79,80,80,64,64,53,53,59,59,59,65,65,65,51,51,57,74,71,71,71,75,75,75,75,75,75,78,78,78,76,71,71,22,66,53,53,53,54,65,30,54,43,43,43,43,16,16,16,40,0],"gold":5,"neow_bonus":"UPGRADE_CARD","is_prod":false,"is_daily":false,"chose_seed":false,"campfire_upgraded":7,"win_rate":0,"timestamp":1543272645,"path_taken":["M","M","M","?","$","E","R","M","T","R","M","?","$","E","R","BOSS","M","$","?","M","?","R","?","R","T","M","?","?","M","?","R","BOSS","M","?","$","M","?","E","R","?","T","?","R","?","?","?","R","BOSS"],"build_version":"2018-11-15","purchased_purges":3,"victory":false,"max_hp_per_floor":[80,80,80,80,80,80,80,80,80,80,80,80,80,80,80,80,80,80,80,80,80,80,80,80,80,80,80,80,80,80,80,80,80,80,80,80,80,80,80,80,80,80,80,80,80,80,80,80,80,80],"card_choices":[{"not_picked":["Clash","Hemokinesis"],"picked":"True Grit","floor":1},{"not_picked":["Sword Boomerang","Heavy Blade","Cleave"],"picked":"SKIP","floor":2},{"not_picked":["Sword Boomerang","Blood for Blood"],"picked":"Whirlwind","floor":3},{"not_picked":["Heavy Blade","Warcry"],"picked":"Battle Trance","floor":6},{"not_picked":["Clash","Rupture"],"picked":"Pommel Strike","floor":8},{"not_picked":["Rampage","Clash"],"picked":"Spot Weakness","floor":11},{"not_picked":["Shrug It Off","Battle Trance"],"picked":"Heavy Blade","floor":14},{"not_picked":["Brutality","Offering"],"picked":"Impervious","floor":16},{"not_picked":["Warcry","Sword Boomerang+1","Corruption"],"picked":"SKIP","floor":18},{"not_picked":["Shrug It Off","Battle Trance"],"picked":"Rage+1","floor":21},{"not_picked":["True Grit+1","Warcry"],"picked":"Heavy Blade","floor":27},{"not_picked":["Clothesline","Feel No Pain","Battle Trance+1","Seeing Red"],"picked":"SKIP","floor":30},{"not_picked":["Impervious","Infernal Blade","Iron Wave"],"picked":"Thunderclap+1","floor":31},{"not_picked":["Ghostly Armor","Dropkick"],"picked":"SKIP","floor":35},{"not_picked":["Dropkick"],"picked":"Metallicize+1","floor":38},{"not_picked":["Havoc+1"],"picked":"Fire Breathing+1","floor":39},{"not_picked":["Reckless Charge+1","Heavy Blade"],"picked":"SKIP","floor":40},{"not_picked":["Headbutt+1","Carnage"],"picked":"SKIP","floor":42},{"not_picked":["Heavy Blade","Cleave+1"],"picked":"SKIP","floor":46}],"player_experience":320855,"relics_obtained":[{"floor":6,"key":"WingedGreaves"},{"floor":9,"key":"Old Coin"},{"floor":14,"key":"Shovel"},{"floor":26,"key":"Bottled Tornado"},{"floor":28,"key":"Question Card"},{"floor":40,"key":"Blood Vial"},{"floor":43,"key":"Letter Opener"},{"floor":48,"key":"Pantograph"}],"event_choices":[{"damage_healed":0,"gold_gain":0,"player_choice":"Entered Light","damage_taken":16,"max_hp_gain":0,"max_hp_loss":0,"event_name":"Shining Light","floor":4,"gold_loss":0,"cards_upgraded":["Defend_R","Strike_R"]},{"damage_healed":0,"gold_gain":175,"player_choice":"AGREE","damage_taken":0,"max_hp_gain":0,"max_hp_loss":0,"event_name":"Liars Game","floor":12,"gold_loss":0,"cards_obtained":["Doubt"]},{"damage_healed":0,"gold_gain":0,"player_choice":"Ignored","damage_taken":0,"max_hp_gain":0,"max_hp_loss":0,"event_name":"Ghosts","floor":20,"gold_loss":0},{"damage_healed":0,"gold_gain":0,"player_choice":"Ignored","damage_taken":0,"max_hp_gain":0,"max_hp_loss":0,"event_name":"Beggar","floor":22,"gold_loss":0},{"damage_healed":0,"gold_gain":0,"player_choice":"Ignored","damage_taken":0,"max_hp_gain":0,"max_hp_loss":0,"event_name":"Vampires","floor":24,"gold_loss":0},{"damage_healed":0,"gold_gain":0,"player_choice":"Read","damage_taken":0,"max_hp_gain":0,"max_hp_loss":0,"event_name":"The Library","floor":29,"gold_loss":0,"cards_obtained":["Armaments"]},{"damage_healed":0,"gold_gain":0,"player_choice":"Upgraded","damage_taken":0,"max_hp_gain":0,"max_hp_loss":0,"event_name":"Upgrade Shrine","floor":36,"gold_loss":0,"cards_upgraded":["Heavy Blade"]},{"damage_healed":0,"gold_gain":0,"cards_transformed":["Strike_R"],"player_choice":"Transformed","damage_taken":0,"max_hp_gain":0,"max_hp_loss":0,"event_name":"Transmorgrifier","floor":44,"gold_loss":0,"cards_obtained":["Dual Wield"]},{"damage_healed":0,"gold_gain":0,"player_choice":"Ignored","damage_taken":0,"max_hp_gain":0,"max_hp_loss":0,"event_name":"Mysterious Sphere","floor":47,"gold_loss":0}],"is_beta":false,"boss_relics":[{"not_picked":["Pandora\u0027s Box","Black Blood"],"picked":"Ectoplasm"},{"not_picked":["Snecko Eye","Orrery"],"picked":"Busted Crown"}],"items_purged_floors":[5,13,19],"is_endless":false,"potions_floor_spawned":[2,11,16,21,30,33,35,38,39,46],"killed_by":"Time Eater","ascension_level":5}