{"gold_per_floor":[117,136,136,155,39,67,81,81,107,107,32,32,32,65,65,65],"floor_reached":16,"playtime":253,"items_purged":["Strike_B"],"score":266,"play_id":"66daa9cd-03d7-4e80-931d-34d51b74f16b","local_time":"20190811000649","is_ascension_mode":true,"campfire_choices":[{"data":"Defragment","floor":8.0,"key":"SMITH"},{"data":"Hologram","floor":10.0,"key":"SMITH"},{"data":"Rainbow","floor":13.0,"key":"SMITH"},{"data":"White Noise","floor":15.0,"key":"SMITH"}],"neow_cost":"NONE","seed_source_timestamp":3409511036381,"circlet_count":0,"master_deck":["AscendersBane","Strike_B","Strike_B","Strike_B","Defend_B","Defend_B","Defend_B","Defend_B","Zap+1","Dualcast","Ball Lightning","Cold Snap","Conserve Battery","Defragment+1","Hologram+1","Rainbow+1","Cold Snap","White Noise+1"],"special_seed":0,"relics":["Cracked Core","NeowsBlessing","Centennial Puzzle","Omamori","Regal Pillow"],"potions_floor_usage":[16],"damage_taken":[{"damage":0.0,"enemies":"Small Slimes","floor":1.0,"turns":1.0},{"damage":0.0,"enemies":"Cultist","floor":2.0,"turns":1.0},{"damage":0.0,"enemies":"2 Louse","floor":4.0,"turns":1.0},{"damage":39.0,"enemies":"Gremlin Nob","floor":6.0,"turns":4.0},{"damage":7.0,"enemies":"Red Slaver","floor":7.0,"turns":3.0},{"damage":0.0,"enemies":"Lagavulin","floor":14.0,"turns":5.0},{"damage":30,"enemies":"Slime Boss","floor":16,"turns":6}],"seed_played":"6705193723279686169","potions_obtained":[{"floor":4.0,"key":"Regen Potion"},{"floor":14.0,"key":"Block Potion"}],"is_trial":false,"path_per_floor":["M","M","?","M","$","E","M","R","T","R","$","?","R","E","R","B"],"character_chosen":"DEFECT","items_purchased":["Defragment","Hologram"],"campfire_rested":0,"item_purchase_floors":[5,5],"current_hp_per_floor":[64,64,64,64,64,25,27,27,27,27,27,27,27,27,27,0],"gold":65,"neow_bonus":"THREE_ENEMY_KILL","is_prod":false,"is_daily":false,"chose_seed":false,"campfire_upgraded":4,"win_rate":0,"timestamp":1565507209,"path_taken":["M","M","?","?","$","E","M","R","T","R","$","?","R","E","R","BOSS"],"build_version":"2019-07-18","purchased_purges":1,"victory":false,"max_hp_per_floor":[71,71,71,71,71,71,71,71,71,71,71,71,71,71,71,71],"card_choices":[{"not_picked":["Hologram","Barrage"],"picked":"Ball Lightning","floor":1.0},{"not_picked":["Redo","Skim"],"picked":"Cold Snap","floor":2.0},{"not_picked":["Go for the Eyes","BootSequence"],"picked":"Conserve Battery","floor":4.0},{"not_picked":["Blizzard","BootSequence"],"picked":"Rainbow","floor":6.0},{"not_picked":["Lockon","Steam"],"picked":"Cold Snap","floor":7.0},{"not_picked":["Leap","Ball Lightning"],"picked":"White Noise","floor":14.0}],"player_experience":1397608,"relics_obtained":[{"floor":6.0,"key":"Centennial Puzzle"},{"floor":9.0,"key":"Omamori"},{"floor":14.0,"key":"Regal Pillow"}],"event_choices":[{"damage_healed":0.0,"max_hp_gain":0.0,"max_hp_loss":0.0,"gold_gain":0.0,"event_name":"Upgrade Shrine","player_choice":"Upgraded","floor":3.0,"gold_loss":0.0,"damage_taken":0.0,"cards_upgraded":["Zap"]},{"damage_healed":0.0,"max_hp_gain":0.0,"max_hp_loss":0.0,"gold_gain":0.0,"event_name":"Shining Light","player_choice":"Ignored","floor":12.0,"gold_loss":0.0,"damage_taken":0.0}],"is_beta":true,"boss_relics":[],"items_purged_floors":[11],"is_endless":false,"potions_floor_spawned":[4,14],"killed_by":"Slime Boss","ascension_level":20}