{"gold_per_floor":[114,133,143,14,33,66,66,66,66,45,70,70,86,98,98,198,198,209,209,220,120,133,133,133,133,133,152,181,181,196,210,210,305,305,325,325,336,68,68,68,82,82,106,136,161,173,202,224,236,248],"floor_reached":51,"playtime":5426,"items_purged":["Strike_R","Strike_R","Strike_R"],"score":755,"play_id":"fd383363-39fc-46cf-acbc-2e27b0c4fd86","local_time":"20181006161748","is_ascension_mode":true,"campfire_choices":[{"data":"1","floor":7,"key":"LIFT"},{"data":"Armaments","floor":12,"key":"SMITH"},{"data":"2","floor":15,"key":"LIFT"},{"data":"3","floor":23,"key":"LIFT"},{"data":"Body Slam","floor":25,"key":"SMITH"},{"data":"Body Slam","floor":29,"key":"SMITH"},{"floor":32,"key":"REST"},{"data":"Limit Break","floor":40,"key":"SMITH"},{"data":"Pommel Strike","floor":42,"key":"SMITH"},{"data":"Heavy Blade","floor":46,"key":"SMITH"},{"data":"Iron Wave","floor":49,"key":"SMITH"}],"neow_cost":"PERCENT_DAMAGE","seed_source_timestamp":68244058759823,"circlet_count":0,"master_deck":["Strike_R","Strike_R","Defend_R","Defend_R","Defend_R","Bash","Iron Wave","Body Slam+1","Iron Wave+1","Flex","Armaments+1","Pommel Strike+1","Heavy Blade+1","Limit Break+1","Inflame","Body Slam+1","Pommel Strike+1","Headbutt+1","Shrug It Off+1"],"relics":["Burning Blood","Pocketwatch","Girya","Incense Burner","Ornamental Fan","Mark of Pain","Dodecahedron","Vajra","Eternal Feather","PreservedInsect","Self Forming Clay","Bag of Marbles","MawBank"],"potions_floor_usage":[5,16,16,19,28,31,33,41,50,50],"damage_taken":[{"damage":3,"enemies":"Small Slimes","floor":1,"turns":5},{"damage":3,"enemies":"2 Louse","floor":2,"turns":3},{"damage":4,"enemies":"Jaw Worm","floor":3,"turns":3},{"damage":19,"enemies":"3 Louse","floor":5,"turns":6},{"damage":16,"enemies":"3 Sentries","floor":6,"turns":8},{"damage":13,"enemies":"Lagavulin","floor":11,"turns":8},{"damage":1,"enemies":"Looter","floor":13,"turns":2},{"damage":7,"enemies":"2 Fungi Beasts","floor":14,"turns":3},{"damage":12,"enemies":"Hexaghost","floor":16,"turns":7},{"damage":23,"enemies":"2 Thieves","floor":18,"turns":4},{"damage":21,"enemies":"Colosseum Slavers","floor":19,"turns":4},{"damage":6,"enemies":"3 Byrds","floor":20,"turns":5},{"damage":0,"enemies":"Cultist and Chosen","floor":22,"turns":4},{"damage":14,"enemies":"Shelled Parasite and Fungi","floor":27,"turns":3},{"damage":5,"enemies":"Slavers","floor":28,"turns":4},{"damage":4,"enemies":"Chosen and Byrds","floor":30,"turns":5},{"damage":28,"enemies":"Snake Plant","floor":31,"turns":3},{"damage":7,"enemies":"Champ","floor":33,"turns":5},{"damage":12,"enemies":"3 Shapes","floor":35,"turns":4},{"damage":20,"enemies":"3 Darklings","floor":37,"turns":6},{"damage":20,"enemies":"Maw","floor":41,"turns":5},{"damage":8,"enemies":"2 Orb Walkers","floor":44,"turns":3},{"damage":0,"enemies":"Transient","floor":45,"turns":5},{"damage":9,"enemies":"Spire Growth","floor":47,"turns":3},{"damage":7,"enemies":"3 Darklings","floor":48,"turns":4},{"damage":25,"enemies":"Time Eater","floor":50,"turns":7}],"seed_played":"2526917589480687122","potions_obtained":[{"floor":2,"key":"Regen Potion"},{"floor":6,"key":"AttackPotion"},{"floor":11,"key":"Strength Potion"},{"floor":14,"key":"Fire Potion"},{"floor":18,"key":"Swift Potion"},{"floor":27,"key":"AttackPotion"},{"floor":30,"key":"Strength Potion"},{"floor":33,"key":"FearPotion"},{"floor":41,"key":"Weak Potion"},{"floor":45,"key":"Ancient Potion"},{"floor":48,"key":"SkillPotion"}],"is_trial":false,"path_per_floor":["M","M","M","$","M","E","R","?","T","?","E","R","M","M","R","B",null,"M","?","M","$","M","R","?","R","T","M","E","R","M","M","R","B",null,"M","?","M","$","T","R","M","R","T","E","M","R","M","M","R","B"],"character_chosen":"IRONCLAD","items_purchased":["Iron Wave","PreservedInsect"],"campfire_rested":1,"item_purchase_floors":[4,38],"current_hp_per_floor":[59,62,64,64,66,56,56,61,61,61,54,54,59,58,58,52,85,68,53,53,53,59,59,59,59,59,51,52,52,54,32,57,56,85,79,79,65,65,65,74,60,69,69,67,73,82,79,78,85,66],"gold":260,"neow_bonus":"ONE_RARE_RELIC","is_prod":false,"is_daily":false,"chose_seed":false,"campfire_upgraded":7,"win_rate":0,"timestamp":1538835468,"path_taken":["M","M","M","$","M","E","R","?","T","?","E","R","M","M","R","BOSS","M","?","M","$","M","R","?","R","T","M","E","R","M","?","R","BOSS","M","?","?","$","?","R","M","R","T","E","M","R","M","M","R","BOSS"],"build_version":"2018-10-04v2","purchased_purges":3,"victory":true,"max_hp_per_floor":[80,80,80,80,80,80,80,85,85,85,85,85,85,85,85,85,85,85,85,85,85,85,85,85,85,85,85,85,85,85,85,85,85,85,85,85,85,85,85,85,85,85,85,85,85,85,85,85,85,85],"card_choices":[{"not_picked":["Clash","Headbutt"],"picked":"Iron Wave","floor":1},{"not_picked":["Havoc","Warcry"],"picked":"Body Slam","floor":2},{"not_picked":["Reckless Charge","Hemokinesis","Combust"],"picked":"SKIP","floor":3},{"not_picked":["Evolve","Perfected Strike"],"picked":"Flex","floor":5},{"not_picked":["Perfected Strike","Warcry","Wild Strike"],"picked":"SKIP","floor":6},{"not_picked":["Infernal Blade","Exhume"],"picked":"Armaments","floor":11},{"not_picked":["Anger","Sword Boomerang"],"picked":"Pommel Strike","floor":13},{"not_picked":["Clash","Twin Strike"],"picked":"Heavy Blade","floor":14},{"not_picked":["Dark Embrace","Fiend Fire"],"picked":"Limit Break","floor":16},{"not_picked":["Uppercut","Perfected Strike+1"],"picked":"Inflame","floor":18},{"not_picked":["Headbutt","Wild Strike","Battle Trance"],"picked":"SKIP","floor":20},{"not_picked":["Feel No Pain","Rupture","Warcry"],"picked":"SKIP","floor":22},{"not_picked":["Intimidate+1","Clash","Inflame"],"picked":"SKIP","floor":27},{"not_picked":["Wild Strike+1","Burning Pact+1","Sword Boomerang"],"picked":"SKIP","floor":28},{"not_picked":["Searing Blow","Hemokinesis+1","Iron Wave"],"picked":"SKIP","floor":30},{"not_picked":["Shrug It Off","Combust","True Grit"],"picked":"SKIP","floor":31},{"not_picked":["Warcry","Sword Boomerang+1","Power Through"],"picked":"SKIP","floor":35},{"not_picked":["Flex+1","Reckless Charge","Searing Blow"],"picked":"SKIP","floor":37},{"not_picked":["Body Slam","Headbutt"],"picked":"Pommel Strike+1","floor":41},{"not_picked":["Pommel Strike+1","Evolve+1","Shockwave"],"picked":"SKIP","floor":44},{"not_picked":["Clothesline+1","Twin Strike+1"],"picked":"Headbutt+1","floor":45},{"not_picked":["Power Through+1","Twin Strike"],"picked":"Shrug It Off+1","floor":47},{"not_picked":["Twin Strike+1","Carnage","Anger"],"picked":"SKIP","floor":48}],"player_experience":248960,"relics_obtained":[{"floor":6,"key":"Girya"},{"floor":9,"key":"Incense Burner"},{"floor":11,"key":"Ornamental Fan"},{"floor":26,"key":"Dodecahedron"},{"floor":28,"key":"Vajra"},{"floor":39,"key":"Self Forming Clay"},{"floor":43,"key":"Bag of Marbles"},{"floor":44,"key":"MawBank"}],"event_choices":[{"event_name":"Big Fish","player_choice":"Donut","floor":8,"damage_taken":0},{"event_name":"World of Goop","player_choice":"Left","floor":10,"damage_taken":0},{"event_name":"Colosseum","player_choice":"Fight","floor":19,"damage_taken":0},{"event_name":"Colosseum","player_choice":"Fled From Nobs","floor":19,"damage_taken":0},{"event_name":"The Library","player_choice":"Read","floor":24,"damage_taken":0},{"event_name":"Falling","player_choice":"Removed Skill","floor":36,"damage_taken":0}],"is_beta":false,"boss_relics":[{"not_picked":["Philosopher\u0027s Stone","Orrery"],"picked":"Mark of Pain"},{"not_picked":["Runic Cube","Coffee Dripper"],"picked":"Eternal Feather"}],"items_purged_floors":[4,21,38],"is_endless":false,"potions_floor_spawned":[2,6,11,14,18,27,30,33,41,45,48],"ascension_level":2}