{"gold_per_floor":[218,368,379,24,42,42,67,80,80,80,93,124,13,39,39,110,110,121,139,152,168,83,83,118,67,67,98,23,39,74,74],"floor_reached":31,"playtime":1332,"items_purged":["Doubt"],"score":610,"play_id":"2d0c1dfc-3649-43b4-92d0-13673e948879","local_time":"20190201003040","is_ascension_mode":true,"campfire_choices":[{"data":"Bash","floor":6.0,"key":"SMITH"},{"data":"Armaments","floor":10.0,"key":"SMITH"},{"data":"Body Slam","floor":15.0,"key":"SMITH"},{"floor":23.0,"key":"REST"}],"neow_cost":"NONE","seed_source_timestamp":309479552117,"circlet_count":0,"master_deck":["AscendersBane","Strike_R","Strike_R","Strike_R","Strike_R","Defend_R","Defend_R+1","Defend_R","Defend_R","Bash+1","Shrug It Off","Flex","Metallicize","Battle Trance+1","Spot Weakness","Carnage","Rage","Armaments+1","Feel No Pain","Infernal Blade","Body Slam+1","Battle Trance","Double Tap","Pummel","Corruption+1","Intimidate","Seeing Red+1","True Grit","Iron Wave","Havoc+1","Metallicize+1"],"special_seed":0,"relics":["Burning Blood","Boot","War Paint","Frozen Egg 2","Odd Mushroom","Fusion Hammer","Happy Flower","Mercury Hourglass","Toxic Egg 2","Oddly Smooth Stone","Incense Burner"],"potions_floor_usage":[27,31],"damage_taken":[{"damage":7.0,"enemies":"Cultist","floor":1.0,"turns":4.0},{"damage":12.0,"enemies":"Jaw Worm","floor":3.0,"turns":4.0},{"damage":7.0,"enemies":"2 Louse","floor":5.0,"turns":2.0},{"damage":18.0,"enemies":"Lagavulin","floor":7.0,"turns":7.0},{"damage":11.0,"enemies":"Exordium Wildlife","floor":8.0,"turns":7.0},{"damage":3.0,"enemies":"Gremlin Gang","floor":11.0,"turns":6.0},{"damage":7.0,"enemies":"3 Sentries","floor":12.0,"turns":12.0},{"damage":5.0,"enemies":"The Mushroom Lair","floor":14.0,"turns":5.0},{"damage":39.0,"enemies":"Hexaghost","floor":16.0,"turns":9.0},{"damage":5.0,"enemies":"2 Thieves","floor":18.0,"turns":3.0},{"damage":18.0,"enemies":"Spheric Guardian","floor":19.0,"turns":5.0},{"damage":23.0,"enemies":"Centurion and Healer","floor":20.0,"turns":5.0},{"damage":29.0,"enemies":"Snake Plant","floor":21.0,"turns":4.0},{"damage":8.0,"enemies":"Book of Stabbing","floor":24.0,"turns":4.0},{"damage":2,"enemies":"Gremlin Leader","floor":27,"turns":7},{"damage":3,"enemies":"3 Cultists","floor":29,"turns":4},{"damage":39,"enemies":"Book of Stabbing","floor":30,"turns":6},{"damage":10,"enemies":"Cultist and Chosen","floor":31,"turns":4}],"seed_played":"2320563245805075275","potions_obtained":[{"floor":5.0,"key":"Ancient Potion"},{"floor":11.0,"key":"Fire Potion"},{"floor":12.0,"key":"Fire Potion"},{"floor":14.0,"key":"GamblersBrew"},{"floor":18.0,"key":"Strength Potion"},{"floor":20.0,"key":"BloodPotion"},{"floor":21.0,"key":"Swift Potion"},{"floor":30,"key":"Dexterity Potion"}],"is_trial":false,"path_per_floor":["M","?","M","$","M","R","E","M","T","R","M","E","$","?","R","B",null,"M","M","M","M","?","R","E","$","T","E","?","M","E","M"],"character_chosen":"IRONCLAD","items_purchased":["Metallicize","Battle Trance","Spot Weakness","Carnage","Infernal Blade","Body Slam","True Grit"],"campfire_rested":1,"item_purchase_floors":[4,4,4,4,13,13,25],"current_hp_per_floor":[67,67,61,61,60,60,48,43,43,43,46,45,45,46,46,13,60,61,49,32,16,16,38,36,36,36,40,40,43,10,0],"gold":74,"neow_bonus":"HUNDRED_GOLD","is_prod":false,"is_daily":false,"chose_seed":false,"campfire_upgraded":3,"win_rate":0,"timestamp":1549009840,"path_taken":["M","?","M","$","M","R","E","M","T","R","M","E","$","?","R","BOSS","M","M","M","M","?","R","E","$","T","E","?","?","E","M"],"build_version":"2019-01-23","purchased_purges":1,"victory":false,"max_hp_per_floor":[75,75,75,75,75,75,75,75,75,75,75,75,75,75,75,75,75,75,75,75,75,75,75,75,75,75,75,75,75,75,75],"card_choices":[{"not_picked":["Iron Wave","Battle Trance"],"picked":"Shrug It Off","floor":1.0},{"not_picked":["Dropkick","Searing Blow"],"picked":"Flex","floor":3.0},{"not_picked":["Wild Strike","Rampage"],"picked":"Rage","floor":5.0},{"not_picked":["Pommel Strike","Second Wind","Rage"],"picked":"SKIP","floor":7.0},{"not_picked":["Havoc","Inflame"],"picked":"Armaments","floor":8.0},{"not_picked":["Burning Pact","Iron Wave"],"picked":"Feel No Pain","floor":11.0},{"not_picked":["Pommel Strike","Wild Strike"],"picked":"Battle Trance","floor":14.0},{"not_picked":["Exhume","Offering"],"picked":"Double Tap","floor":16.0},{"not_picked":["Second Wind","Bloodletting"],"picked":"Pummel","floor":18.0},{"not_picked":["True Grit","Feel No Pain+1"],"picked":"Corruption+1","floor":19.0},{"not_picked":["Pommel Strike","Clash"],"picked":"Intimidate","floor":21.0},{"not_picked":["Flex+1","Iron Wave"],"picked":"Seeing Red+1","floor":24.0},{"not_picked":["Carnage","Corruption+1"],"picked":"Iron Wave","floor":27},{"not_picked":["Pommel Strike","Warcry+1"],"picked":"Havoc+1","floor":29},{"not_picked":["Rampage","Uppercut"],"picked":"Metallicize+1","floor":30}],"player_experience":1072260,"relics_obtained":[{"floor":7.0,"key":"Boot"},{"floor":9.0,"key":"War Paint"},{"floor":12.0,"key":"Frozen Egg 2"},{"floor":14.0,"key":"Odd Mushroom"},{"floor":24.0,"key":"Mercury Hourglass"},{"floor":26.0,"key":"Toxic Egg 2"},{"floor":27,"key":"Oddly Smooth Stone"},{"floor":30,"key":"Incense Burner"}],"event_choices":[{"damage_healed":0.0,"max_hp_gain":0.0,"max_hp_loss":0.0,"gold_gain":150.0,"event_name":"Liars Game","player_choice":"AGREE","floor":2.0,"gold_loss":0.0,"damage_taken":0.0,"cards_obtained":["Doubt"]},{"damage_healed":0.0,"max_hp_gain":0.0,"max_hp_loss":0.0,"gold_gain":0.0,"event_name":"Mushrooms","player_choice":"Fought Mushrooms","floor":14.0,"gold_loss":0.0,"damage_taken":0.0},{"damage_healed":0.0,"max_hp_gain":0.0,"max_hp_loss":0.0,"gold_gain":0.0,"event_name":"Addict","player_choice":"Obtained Relic","floor":22.0,"gold_loss":85.0,"damage_taken":0.0,"relics_obtained":["Happy Flower"]},{"cards_removed":["Strike_R"],"damage_healed":0,"gold_gain":0,"player_choice":"Gave Gold","damage_taken":0,"max_hp_gain":0,"max_hp_loss":0,"event_name":"Beggar","floor":28,"gold_loss":75}],"is_beta":true,"boss_relics":[{"not_picked":["Snecko Eye","Cursed Key"],"picked":"Fusion Hammer"}],"items_purged_floors":[4],"is_endless":false,"potions_floor_spawned":[5,11,12,14,18,20,21,30],"killed_by":"Cultist and Chosen","ascension_level":20}