{"gold_per_floor":[111,111,123,34,50,50,64,64,87,102,121,121,20,36,36,111,111,125,144,194,21,35,35,63,63,63,63,63],"floor_reached":28,"playtime":713,"items_purged":[],"score":460,"play_id":"0229a509-4589-4cf0-90ae-a3389a278759","local_time":"20181209220303","is_ascension_mode":true,"campfire_choices":[{"data":"Zap","floor":6,"key":"SMITH"},{"data":"Streamline","floor":8,"key":"SMITH"},{"data":"Coolheaded","floor":12,"key":"SMITH"},{"data":"Discovery","floor":15,"key":"SMITH"},{"data":"Creative AI","floor":23,"key":"SMITH"},{"floor":25,"key":"REST"},{"data":"Hologram","floor":27,"key":"SMITH"}],"neow_cost":"NONE","seed_source_timestamp":204600478301972,"circlet_count":0,"master_deck":["AscendersBane","Strike_B","Strike_B","Strike_B","Defend_B","Defend_B","Defend_B","Defend_B","Zap+1","Dualcast+1","Streamline+1","Leap","Coolheaded+1","Melter","Rebound","Leap+1","Cold Snap","Hello World","Discovery+1","Hologram+1","Creative AI+1"],"relics":["Cracked Core","NeowsBlessing","Oddly Smooth Stone","Busted Crown","War Paint","Omamori"],"potions_floor_usage":[7,16,22,24,28,28],"damage_taken":[{"damage":0,"enemies":"Small Slimes","floor":1,"turns":1},{"damage":0,"enemies":"Cultist","floor":3,"turns":1},{"damage":0,"enemies":"Jaw Worm","floor":5,"turns":1},{"damage":0,"enemies":"Exordium Wildlife","floor":7,"turns":2},{"damage":3,"enemies":"2 Fungi Beasts","floor":10,"turns":4},{"damage":10,"enemies":"Red Slaver","floor":11,"turns":4},{"damage":3,"enemies":"Blue Slaver","floor":14,"turns":2},{"damage":8,"enemies":"The Guardian","floor":16,"turns":8},{"damage":0,"enemies":"Spheric Guardian","floor":18,"turns":3},{"damage":12,"enemies":"Chosen","floor":19,"turns":7},{"damage":13,"enemies":"Shelled Parasite and Fungi","floor":22,"turns":8},{"damage":19,"enemies":"Slavers","floor":24,"turns":7},{"damage":46,"enemies":"Book of Stabbing","floor":28,"turns":4}],"seed_played":"-1812734224069351389","potions_obtained":[{"floor":1,"key":"SneckoOil"},{"floor":3,"key":"Poison Potion"},{"floor":11,"key":"Poison Potion"},{"floor":16,"key":"Dexterity Potion"},{"floor":19,"key":"Block Potion"},{"floor":24,"key":"EntropicBrew"}],"is_trial":false,"path_per_floor":["M","?","M","$","M","R","M","R","T","M","M","R","$","M","R","B",null,"M","M","?","$","M","R","E","R","T","R","E"],"character_chosen":"DEFECT","items_purchased":["Coolheaded","Melter","Discovery","War Paint"],"campfire_rested":1,"item_purchase_floors":[4,4,13,21],"current_hp_per_floor":[64,64,64,64,64,64,64,64,64,61,51,51,51,48,48,40,63,63,51,51,51,38,38,19,40,40,40,0],"gold":63,"neow_bonus":"THREE_ENEMY_KILL","is_prod":false,"is_daily":false,"chose_seed":false,"campfire_upgraded":6,"win_rate":0,"timestamp":1544421783,"path_taken":["M","?","M","$","M","R","M","R","T","M","M","R","?","M","R","BOSS","M","?","?","?","M","R","E","R","T","R","E"],"build_version":"2018-12-06","purchased_purges":0,"victory":false,"max_hp_per_floor":[71,71,71,71,71,71,71,71,71,71,71,71,71,71,71,71,71,71,71,71,71,71,71,71,71,71,71,71],"card_choices":[{"not_picked":["Skim","Doom and Gloom"],"picked":"Streamline","floor":1},{"not_picked":["Genetic Algorithm","Go for the Eyes"],"picked":"Leap","floor":3},{"not_picked":["Aggregate","Steam Power"],"picked":"Rebound","floor":5},{"not_picked":["Rip and Tear","Beam Cell"],"picked":"Leap","floor":7},{"not_picked":["Blizzard","Hologram"],"picked":"Cold Snap","floor":10},{"not_picked":["Chaos","Fusion"],"picked":"Hello World","floor":11},{"not_picked":["Turbo","Darkness"],"picked":"Hologram","floor":14},{"not_picked":["Buffer","Reboot"],"picked":"Creative AI","floor":16},{"not_picked":["Aggregate"],"picked":"SKIP","floor":19}],"player_experience":983168,"relics_obtained":[{"floor":9,"key":"Oddly Smooth Stone"},{"floor":24,"key":"Omamori"}],"event_choices":[{"cards_removed":["Strike_B"],"damage_healed":0,"gold_gain":0,"player_choice":"Offered Basic","damage_taken":0,"max_hp_gain":0,"max_hp_loss":0,"event_name":"Bonfire Elementals","floor":2,"gold_loss":0},{"damage_healed":0,"gold_gain":50,"player_choice":"Stole From Cult","damage_taken":0,"max_hp_gain":0,"max_hp_loss":0,"event_name":"Nest","floor":20,"gold_loss":0}],"is_beta":true,"boss_relics":[{"not_picked":["Nuclear Battery","Philosopher\u0027s Stone"],"picked":"Busted Crown"}],"items_purged_floors":[],"is_endless":false,"potions_floor_spawned":[1,3,11,16,19,24],"killed_by":"Book of Stabbing","ascension_level":20}