{"gold_per_floor":[113,129,129,129,148,179,179,198,198,198,214,214,214],"floor_reached":13,"playtime":364,"items_purged":[],"score":149,"play_id":"ac7cc780-e1b4-475b-9fdf-b4adffd97b99","local_time":"20180703154212","is_ascension_mode":true,"campfire_choices":[{"data":"Body Slam","floor":7,"key":"SMITH"},{"data":"Whirlwind","floor":10,"key":"SMITH"},{"data":"Metallicize","floor":12,"key":"SMITH"}],"neow_cost":"NONE","seed_source_timestamp":65593264881117,"circlet_count":0,"master_deck":["Strike_R","Strike_R","Strike_R","Strike_R","Strike_R","Defend_R","Defend_R","Defend_R","Bash","AscendersBane","Metallicize+1","True Grit+1","Body Slam+1","Whirlwind+1"],"relics":["Burning Blood","NeowsBlessing","Blue Candle","Dodecahedron"],"potions_floor_usage":[6,6],"damage_taken":[{"damage":0,"enemies":"Cultist","floor":1,"turns":1},{"damage":0,"enemies":"Small Slimes","floor":2,"turns":1},{"damage":0,"enemies":"Jaw Worm","floor":5,"turns":1},{"damage":37,"enemies":"3 Sentries","floor":6,"turns":15},{"damage":1,"enemies":"Exordium Wildlife","floor":8,"turns":4},{"damage":21,"enemies":"3 Louse","floor":11,"turns":3},{"damage":47,"enemies":"Lagavulin","floor":13,"turns":7}],"seed_played":"-2929823473239655782","potions_obtained":[{"floor":1,"key":"SkillPotion"},{"floor":5,"key":"GamblersBrew"}],"is_trial":false,"path_per_floor":["M","M","?","?","M","E","R","M","T","R","M","R"],"character_chosen":"IRONCLAD","items_purchased":[],"campfire_rested":0,"item_purchase_floors":[],"current_hp_per_floor":[74,75,75,68,74,43,43,48,48,48,33,33,0],"gold":214,"neow_bonus":"THREE_ENEMY_KILL","is_prod":false,"is_daily":false,"chose_seed":false,"campfire_upgraded":3,"win_rate":0,"timestamp":1530657732,"path_taken":["M","?","?","?","?","E","R","M","T","R","M","R","E"],"build_version":"2018-07-02","purchased_purges":0,"victory":false,"max_hp_per_floor":[75,75,75,75,75,75,75,75,75,75,75,75,75],"card_choices":[{"not_picked":["Wild Strike","Body Slam"],"picked":"Metallicize","floor":1},{"not_picked":["Twin Strike","Thunderclap"],"picked":"True Grit","floor":2},{"not_picked":["Berserk","Thunderclap"],"picked":"Body Slam","floor":6},{"not_picked":["Combust","Bloodletting"],"picked":"Whirlwind","floor":8}],"player_experience":471641,"relics_obtained":[{"floor":6,"key":"Blue Candle"},{"floor":9,"key":"Dodecahedron"}],"event_choices":[{"event_name":"Living Wall","player_choice":"Grow","floor":3,"damage_taken":0},{"event_name":"Golden Wing","player_choice":"Card Removal","floor":4,"damage_taken":0}],"boss_relics":[],"items_purged_floors":[],"is_endless":false,"potions_floor_spawned":[1,5],"killed_by":"Lagavulin","ascension_level":15}