{"gold_per_floor":[119,134,153,164,174,174,202,215,215,215,244,244],"floor_reached":12,"playtime":742,"items_purged":[],"score":184,"play_id":"5d127558-90eb-46ce-acca-3a420c09b4e4","local_time":"20190825085938","is_ascension_mode":true,"campfire_choices":[{"data":"Zap","floor":6,"key":"SMITH"},{"floor":10,"key":"REST"}],"neow_cost":"NONE","seed_source_timestamp":649567457847000,"circlet_count":0,"master_deck":["AscendersBane","Strike_B","Strike_B","Strike_B","Strike_B","Defend_B","Defend_B","Defend_B","Defend_B","Zap+1","Dualcast","Gash","Compile Driver","Cold Snap","Lockon","Undo","Creative AI","Conserve Battery"],"special_seed":0,"relics":["Cracked Core","Art of War","Gremlin Horn","Omamori"],"potions_floor_usage":[4,7,11],"damage_taken":[{"damage":1.0,"enemies":"Cultist","floor":1.0,"turns":4.0},{"damage":12.0,"enemies":"2 Louse","floor":2.0,"turns":3.0},{"damage":7.0,"enemies":"Jaw Worm","floor":3.0,"turns":3.0},{"damage":0,"enemies":"Gremlin Gang","floor":4,"turns":3},{"damage":2,"enemies":"Looter","floor":5,"turns":3},{"damage":18,"enemies":"Lagavulin","floor":7,"turns":5},{"damage":14,"enemies":"Red Slaver","floor":8,"turns":3},{"damage":24,"enemies":"3 Sentries","floor":11,"turns":7},{"damage":9,"enemies":"Lots of Slimes","floor":12,"turns":2}],"seed_played":"2308001938890848291","potions_obtained":[{"floor":0.0,"key":"FocusPotion"},{"floor":0.0,"key":"LiquidBronze"},{"floor":2.0,"key":"Explosive Potion"},{"floor":5,"key":"AttackPotion"},{"floor":8,"key":"Weak Potion"}],"is_trial":false,"path_per_floor":["M","M","M","M","M","R","E","M","T","R","E","M"],"character_chosen":"DEFECT","items_purchased":[],"campfire_rested":1,"item_purchase_floors":[],"current_hp_per_floor":[63,51,44,44,42,42,24,10,10,31,7,0],"gold":244,"neow_bonus":"THREE_SMALL_POTIONS","is_prod":false,"is_daily":false,"chose_seed":false,"campfire_upgraded":1,"win_rate":0,"timestamp":1566737978,"path_taken":["M","M","M","M","M","R","E","M","T","R","E","?"],"build_version":"2019-07-17","purchased_purges":0,"victory":false,"max_hp_per_floor":[71,71,71,71,71,71,71,71,71,71,71,71],"card_choices":[{"not_picked":["Redo","Stack"],"picked":"Gash","floor":1.0},{"not_picked":["Redo","Turbo","Hello World"],"picked":"SKIP","floor":2.0},{"not_picked":["Leap","Tempest"],"picked":"Compile Driver","floor":3.0},{"not_picked":["Beam Cell","Auto Shields"],"picked":"Cold Snap","floor":4},{"not_picked":["Capacitor","Rebound"],"picked":"Lockon","floor":5},{"not_picked":["Turbo","Hologram"],"picked":"Undo","floor":7},{"not_picked":["Steam Power","Storm"],"picked":"Creative AI","floor":8},{"not_picked":["Hello World","White Noise"],"picked":"Conserve Battery","floor":11}],"player_experience":2703295,"relics_obtained":[{"floor":7,"key":"Art of War"},{"floor":9,"key":"Gremlin Horn"},{"floor":11,"key":"Omamori"}],"event_choices":[],"is_beta":false,"boss_relics":[],"items_purged_floors":[],"is_endless":false,"potions_floor_spawned":[2,5,8],"killed_by":"Lots of Slimes","ascension_level":20}