{"gold_per_floor":[114,24,24,24,45,45,58,58,85,85,129,129,129,152,152,245,245,265,290,290,290,306,306,324,342,365,365,66,66,66],"floor_reached":30,"playtime":728,"items_purged":[],"score":399,"play_id":"55d7691a-1067-4df1-8c6c-61c1ad2b541e","local_time":"20180810000610","is_ascension_mode":true,"campfire_choices":[{"data":"Cloak And Dagger","floor":6,"key":"SMITH"},{"data":"Neutralize","floor":8,"key":"SMITH"},{"data":"Cloak And Dagger","floor":12,"key":"SMITH"},{"data":"Calculated Gamble","floor":15,"key":"SMITH"},{"data":"A Thousand Cuts","floor":23,"key":"SMITH"},{"data":"Sucker Punch","floor":27,"key":"SMITH"}],"neow_cost":"NONE","seed_source_timestamp":58736246545735,"circlet_count":0,"master_deck":["Defend_G","Defend_G","Defend_G","Defend_G","Defend_G","Strike_G","Strike_G","Strike_G","Strike_G","Strike_G","Survivor","Neutralize+1","AscendersBane","Cloak And Dagger+1","Sucker Punch+1","Calculated Gamble+1","Cloak And Dagger+1","Infinite Blades","Accuracy","A Thousand Cuts+1","Backstab","Dodge and Roll","Slice","Deflect"],"relics":["WristBlade","Golden Idol","Bronze Scales","Centennial Puzzle","Darkstone Periapt","Coffee Dripper","Enchiridion","Bag of Preparation","Incense Burner"],"potions_floor_usage":[16,19,25,30],"damage_taken":[{"damage":3,"enemies":"Small Slimes","floor":1,"turns":6},{"damage":0,"enemies":"2 Louse","floor":5,"turns":3},{"damage":1,"enemies":"Jaw Worm","floor":7,"turns":2},{"damage":1,"enemies":"Lagavulin","floor":11,"turns":6},{"damage":0,"enemies":"Looter","floor":14,"turns":3},{"damage":19,"enemies":"The Guardian","floor":16,"turns":11},{"damage":1,"enemies":"Spheric Guardian","floor":18,"turns":3},{"damage":3,"enemies":"2 Thieves","floor":19,"turns":3},{"damage":0,"enemies":"Centurion and Healer","floor":22,"turns":6},{"damage":19,"enemies":"Snake Plant","floor":24,"turns":3},{"damage":0,"enemies":"3 Cultists","floor":25,"turns":4},{"damage":18,"enemies":"Book of Stabbing","floor":30,"turns":4}],"seed_played":"3166712436832463810","potions_obtained":[{"floor":5,"key":"SteroidPotion"},{"floor":14,"key":"Explosive Potion"},{"floor":16,"key":"Poison Potion"},{"floor":18,"key":"Fire Potion"},{"floor":24,"key":"SpeedPotion"}],"is_trial":false,"path_per_floor":["M","$","?","?","M","R","M","R","T","?","E","R","?","M","R","B",null,"M","M","?","?","M","R","M","M","T","R","$","$"],"character_chosen":"THE_SILENT","items_purchased":["Sucker Punch","Calculated Gamble","Incense Burner"],"campfire_rested":0,"item_purchase_floors":[2,2,28],"current_hp_per_floor":[56,56,61,61,61,61,60,60,60,60,59,59,59,59,59,40,58,57,54,33,33,33,33,14,14,14,14,14,14,0],"gold":66,"neow_bonus":"BOSS_RELIC","is_prod":false,"is_daily":false,"chose_seed":false,"campfire_upgraded":6,"win_rate":0,"timestamp":1533884770,"path_taken":["M","$","?","?","M","R","M","R","T","?","E","R","?","?","R","BOSS","M","M","?","?","M","R","M","M","T","R","?","$","E"],"build_version":"2018-08-08","purchased_purges":0,"victory":false,"max_hp_per_floor":[66,66,71,64,64,64,64,64,64,64,64,64,64,64,64,64,64,64,64,64,64,64,64,64,64,64,64,64,64,64],"card_choices":[{"not_picked":["Deflect","Predator"],"picked":"Cloak And Dagger","floor":1},{"not_picked":["Dagger Spray","Reflex"],"picked":"Cloak And Dagger","floor":5},{"not_picked":["Bane","Endless Agony"],"picked":"Infinite Blades","floor":7},{"not_picked":["Dagger Spray","Quick Slash"],"picked":"Accuracy","floor":14},{"not_picked":["Venomology","Grand Finale"],"picked":"A Thousand Cuts","floor":16},{"not_picked":["Flying Knee","Deflect"],"picked":"Backstab","floor":18},{"not_picked":["Dagger Throw+1","PiercingWail"],"picked":"Dodge and Roll","floor":22},{"not_picked":["Blade Dance","All Out Attack"],"picked":"Slice","floor":24},{"not_picked":["PiercingWail","Escape Plan"],"picked":"Deflect","floor":25}],"player_experience":783224,"relics_obtained":[{"floor":9,"key":"Bronze Scales"},{"floor":11,"key":"Darkstone Periapt"},{"floor":20,"key":"Enchiridion"},{"floor":26,"key":"Bag of Preparation"}],"event_choices":[{"event_name":"Big Fish","player_choice":"Donut","floor":3,"damage_taken":0},{"event_name":"Golden Idol","player_choice":"Lose Max HP","floor":4,"damage_taken":0},{"event_name":"WeMeetAgain","player_choice":"Potion","floor":10,"damage_taken":0},{"event_name":"Match and Keep!","player_choice":"0 cards matched","floor":13,"damage_taken":0},{"event_name":"Cursed Tome","player_choice":"Obtained Book","floor":20,"damage_taken":0},{"event_name":"Ghosts","player_choice":"Ignored","floor":21,"damage_taken":0}],"is_beta":true,"boss_relics":[{"not_picked":["Tiny House","Velvet Choker"],"picked":"Coffee Dripper"}],"items_purged_floors":[],"is_endless":false,"potions_floor_spawned":[5,14,16,18,24],"killed_by":"Book of Stabbing","ascension_level":15}