{"gold_per_floor":[109,121,20,20,20,20,20,20,75,92,102,161,161,174,174,174],"floor_reached":16,"playtime":357,"items_purged":["Decay"],"score":200,"play_id":"6e162e39-3132-4ba1-a1d6-47efbef93127","local_time":"20190330130727","is_ascension_mode":true,"campfire_choices":[{"data":"Bash","floor":6,"key":"SMITH"},{"data":"Havoc","floor":8,"key":"SMITH"},{"data":"Dual Wield","floor":15,"key":"SMITH"}],"neow_cost":"NONE","seed_source_timestamp":6254876583418,"circlet_count":0,"master_deck":["AscendersBane","Strike_R","Strike_R","Strike_R","Strike_R","Strike_R","Defend_R","Defend_R","Defend_R","Defend_R","Bash+1","Parasite","Clothesline","Spot Weakness","Havoc+1","Shockwave","Ghostly Armor","Clash","Dual Wield+1"],"relics":["Calling Bell","Dream Catcher","Ornamental Fan","Thread and Needle","Self Forming Clay","Bag of Preparation","Tiny Chest","Sundial"],"potions_floor_usage":[12,16],"damage_taken":[{"damage":7,"enemies":"Cultist","floor":1,"turns":4},{"damage":3,"enemies":"Jaw Worm","floor":2,"turns":5},{"damage":5,"enemies":"Small Slimes","floor":10,"turns":3},{"damage":5,"enemies":"Exordium Thugs","floor":11,"turns":4},{"damage":6,"enemies":"Lagavulin","floor":12,"turns":7},{"damage":20,"enemies":"Exordium Wildlife","floor":14,"turns":6},{"damage":14,"enemies":"Slime Boss","floor":16,"turns":6}],"seed_played":"-8191420390250030080","potions_obtained":[{"floor":1,"key":"Poison Potion"},{"floor":12,"key":"LiquidBronze"},{"floor":14,"key":"SteroidPotion"}],"is_trial":false,"path_per_floor":["M","M","$","T","?","R","?","R","T","M","M","E","T","M","R","B"],"character_chosen":"IRONCLAD","items_purchased":["Havoc"],"campfire_rested":0,"item_purchase_floors":[3],"current_hp_per_floor":[61,58,58,58,58,58,51,51,51,46,41,35,35,15,15,1],"gold":174,"neow_bonus":"BOSS_RELIC","is_prod":false,"is_daily":false,"chose_seed":false,"campfire_upgraded":3,"win_rate":0,"timestamp":1553976447,"path_taken":["M","?","$","?","?","R","?","R","T","?","M","E","?","M","R","BOSS"],"build_version":"2019-03-15","purchased_purges":1,"victory":false,"max_hp_per_floor":[75,75,75,75,75,75,75,75,75,75,75,75,75,75,75,75],"card_choices":[{"not_picked":["Havoc","Cleave"],"picked":"Clothesline","floor":1},{"not_picked":["Thunderclap","Headbutt"],"picked":"Spot Weakness","floor":2},{"not_picked":["Battle Trance","Clash"],"picked":"Shockwave","floor":10},{"not_picked":["Havoc","Combust"],"picked":"Ghostly Armor","floor":11},{"not_picked":["Clothesline","Pommel Strike"],"picked":"Clash","floor":12},{"not_picked":["Havoc","Warcry"],"picked":"Dual Wield","floor":14}],"player_experience":1389056,"relics_obtained":[{"floor":0,"key":"Dream Catcher"},{"floor":0,"key":"Ornamental Fan"},{"floor":0,"key":"Thread and Needle"},{"floor":4,"key":"Self Forming Clay"},{"floor":9,"key":"Bag of Preparation"},{"floor":12,"key":"Tiny Chest"},{"floor":13,"key":"Sundial"}],"event_choices":[{"damage_healed":0,"gold_gain":0,"player_choice":"Leave","damage_taken":0,"max_hp_gain":0,"max_hp_loss":0,"event_name":"The Cleric","floor":5,"gold_loss":0},{"cards_removed":["Injury"],"damage_healed":0,"gold_gain":0,"player_choice":"Card Removal","damage_taken":7,"max_hp_gain":0,"max_hp_loss":0,"event_name":"Golden Wing","floor":7,"gold_loss":0}],"is_beta":true,"boss_relics":[],"items_purged_floors":[3],"is_endless":false,"potions_floor_spawned":[1,12,14],"killed_by":"Slime Boss","ascension_level":20}