{"gold_per_floor":[111,111,111,127,137,137,64,64,90,110,139,151,113,141,153,288,300,306,318],"floor_reached":19,"playtime":1353,"items_purged":[],"score":173,"play_id":"cd999511-5dc5-490f-a3d5-06291fa213be","local_time":"20190604230217","is_ascension_mode":true,"campfire_choices":[{"data":"Footwork","floor":6,"key":"SMITH"},{"data":"A Thousand Cuts","floor":8,"key":"SMITH"},{"floor":15,"key":"REST"}],"neow_cost":"NONE","seed_source_timestamp":430701667260500,"circlet_count":0,"master_deck":["Defend_G","Defend_G","Defend_G","Defend_G","Defend_G","Strike_G","Strike_G","Strike_G","Survivor","Neutralize","Dramatic Entrance","PiercingWail","Footwork+1","A Thousand Cuts+1","Dagger Spray","Dodge and Roll","Quick Slash+1"],"relics":["Ring of the Snake","Odd Mushroom","MawBank","Golden Idol","HoveringKite"],"potions_floor_usage":[16,16],"damage_taken":[{"damage":0,"enemies":"2 Louse","floor":1,"turns":3},{"damage":3,"enemies":"Jaw Worm","floor":4,"turns":6},{"damage":3,"enemies":"Cultist","floor":5,"turns":6},{"damage":5,"enemies":"The Mushroom Lair","floor":10,"turns":3},{"damage":44,"enemies":"Lagavulin","floor":11,"turns":12},{"damage":1,"enemies":"Red Slaver","floor":14,"turns":6},{"damage":21,"enemies":"The Guardian","floor":16,"turns":20},{"damage":9,"enemies":"2 Thieves","floor":18,"turns":4},{"damage":6,"enemies":"Shell Parasite","floor":19,"turns":5}],"seed_played":"3740188066487440021","potions_obtained":[{"floor":4,"key":"Dexterity Potion"},{"floor":10,"key":"EssenceOfSteel"},{"floor":14,"key":"SkillPotion"}],"is_trial":false,"path_per_floor":["M","?","?","M","M","R","$","R","T","?","E","?","?","M","R","B",null,"M","M"],"character_chosen":"THE_SILENT","items_purchased":["A Thousand Cuts"],"campfire_rested":1,"item_purchase_floors":[7],"current_hp_per_floor":[70,63,63,60,57,57,57,57,57,52,8,8,8,7,26,5,65,56,50],"gold":318,"neow_bonus":"RANDOM_COLORLESS","is_prod":false,"is_daily":false,"chose_seed":false,"campfire_upgraded":2,"win_rate":0,"timestamp":1559707337,"path_taken":["M","?","?","M","?","R","?","R","T","?","E","?","?","M","R","BOSS","M","M"],"build_version":"2019-01-23","purchased_purges":0,"victory":false,"max_hp_per_floor":[70,70,70,70,70,70,70,70,70,70,70,65,65,65,65,65,65,65,65],"card_choices":[{"not_picked":["Eviscerate","Flechettes"],"picked":"PiercingWail","floor":1},{"not_picked":["Bane","Distraction","Flechettes"],"picked":"SKIP","floor":4},{"not_picked":["Prepared","Masterful Stab"],"picked":"Footwork","floor":5},{"not_picked":["Bane","Underhanded Strike"],"picked":"Dagger Spray","floor":10},{"not_picked":["Concentrate","Dagger Throw"],"picked":"Dodge and Roll","floor":11},{"not_picked":["Flying Knee","PiercingWail","Outmaneuver"],"picked":"SKIP","floor":14},{"not_picked":["Masterful Stab","Dagger Throw"],"picked":"Quick Slash+1","floor":18}],"player_experience":330176,"relics_obtained":[{"floor":10,"key":"Odd Mushroom"},{"floor":11,"key":"MawBank"}],"event_choices":[{"cards_removed":["Strike_G"],"damage_healed":0,"gold_gain":0,"player_choice":"Card Removal","damage_taken":7,"max_hp_gain":0,"max_hp_loss":0,"event_name":"Golden Wing","floor":2,"gold_loss":0},{"damage_healed":0,"gold_gain":0,"cards_transformed":["Strike_G"],"player_choice":"Transformed","damage_taken":0,"max_hp_gain":0,"max_hp_loss":0,"event_name":"Transmorgrifier","floor":3,"gold_loss":0,"cards_obtained":["Wraith Form v2"]},{"damage_healed":0,"gold_gain":0,"player_choice":"Fought Mushrooms","damage_taken":0,"max_hp_gain":0,"max_hp_loss":0,"event_name":"Mushrooms","floor":10,"gold_loss":0},{"damage_healed":0,"gold_gain":0,"player_choice":"Lose Max HP","damage_taken":0,"relics_obtained":["Golden Idol"],"max_hp_gain":0,"max_hp_loss":5,"event_name":"Golden Idol","floor":12,"gold_loss":0},{"cards_removed":["Wraith Form v2"],"damage_healed":0,"gold_gain":0,"player_choice":"Card Removal","damage_taken":0,"max_hp_gain":0,"max_hp_loss":0,"event_name":"The Cleric","floor":13,"gold_loss":50}],"is_beta":false,"boss_relics":[{"not_picked":["Runic Dome","Astrolabe"],"picked":"HoveringKite"}],"items_purged_floors":[],"is_endless":false,"potions_floor_spawned":[4,10,14],"killed_by":"Shell Parasite","ascension_level":1}