{"gold_per_floor":[115,65,65,81,101,133,133,158,185,185,200,211,231,231,231,336,336,349,367,38,38,52,52,52,52,52,81,97,115,141,158,158,253,253,273,287,187,187,187,213,229,256,282,282,310,310,310,131,131,131],"floor_reached":51,"playtime":4288,"items_purged":["Strike_B","Strike_B","Strike_B"],"score":919,"play_id":"13ba775a-c854-453b-b2f7-cbdb7a053d70","local_time":"20190726201747","is_ascension_mode":true,"campfire_choices":[{"data":"Self Repair","floor":7,"key":"SMITH"},{"floor":10,"key":"REST"},{"data":"Machine Learning","floor":15,"key":"SMITH"},{"data":"Chill","floor":23,"key":"SMITH"},{"data":"Coolheaded","floor":25,"key":"SMITH"},{"data":"Scrape","floor":32,"key":"SMITH"},{"data":"Seek","floor":44,"key":"SMITH"},{"floor":46,"key":"REST"},{"floor":49,"key":"REST"}],"neow_cost":"NONE","seed_source_timestamp":1432501846323965,"circlet_count":0,"master_deck":["Strike_B","Defend_B+1","Defend_B","Defend_B+1","Zap","Dualcast","Leap","Gash","Self Repair+1","Beam Cell","Coolheaded+1","Cold Snap","Machine Learning+1","Gash+1","Core Surge+1","Chill+1","Echo Form","BootSequence","Scrape+1","Seek+1","Hologram","Thinking Ahead","Hologram","Glacier"],"relics":["Cracked Core","NeowsBlessing","Dream Catcher","Omamori","Blood Vial","Bronze Scales","Orrery","Ornamental Fan","WarpedTongs","Torii","Oddly Smooth Stone","Anchor","Sozu","Bottled Tornado","Art of War","Whetstone","FossilizedHelix"],"potions_floor_usage":[6,6,16,22,27,33,33,42,50],"damage_taken":[{"damage":0,"enemies":"2 Louse","floor":1,"turns":1},{"damage":0,"enemies":"Jaw Worm","floor":4,"turns":1},{"damage":0,"enemies":"Small Slimes","floor":5,"turns":1},{"damage":24,"enemies":"Gremlin Nob","floor":6,"turns":5},{"damage":41,"enemies":"3 Sentries","floor":8,"turns":8},{"damage":4,"enemies":"Looter","floor":11,"turns":4},{"damage":28,"enemies":"Exordium Thugs","floor":12,"turns":5},{"damage":5,"enemies":"Blue Slaver","floor":13,"turns":4},{"damage":5,"enemies":"The Guardian","floor":16,"turns":11},{"damage":8,"enemies":"Chosen","floor":18,"turns":5},{"damage":11,"enemies":"Spheric Guardian","floor":19,"turns":6},{"damage":1,"enemies":"Snecko","floor":22,"turns":5},{"damage":15,"enemies":"Slavers","floor":27,"turns":7},{"damage":11,"enemies":"Centurion and Healer","floor":28,"turns":6},{"damage":13,"enemies":"Sentry and Sphere","floor":29,"turns":6},{"damage":18,"enemies":"Gremlin Leader","floor":30,"turns":8},{"damage":2,"enemies":"Snake Plant","floor":31,"turns":4},{"damage":68,"enemies":"Collector","floor":33,"turns":9},{"damage":1,"enemies":"3 Darklings","floor":35,"turns":6},{"damage":9,"enemies":"3 Shapes","floor":36,"turns":5},{"damage":30,"enemies":"Nemesis","floor":40,"turns":7},{"damage":9,"enemies":"Transient","floor":41,"turns":5},{"damage":3,"enemies":"Giant Head","floor":42,"turns":7},{"damage":53,"enemies":"Nemesis","floor":45,"turns":9},{"damage":54,"enemies":"Donu and Deca","floor":50,"turns":12}],"seed_played":"6999467101015768868","potions_obtained":[{"floor":1,"key":"Block Potion"},{"floor":5,"key":"AttackPotion"},{"floor":12,"key":"GamblersBrew"},{"floor":13,"key":"SteroidPotion"},{"floor":19,"key":"SneckoOil"},{"floor":22,"key":"Block Potion"},{"floor":29,"key":"SteroidPotion"},{"floor":30,"key":"Dexterity Potion"},{"floor":33,"key":"Strength Potion"}],"is_trial":false,"path_per_floor":["M","?","?","M","M","E","R","E","T","R","M","M","M","?","R","B",null,"M","M","$","?","M","R","$","R","T","E","M","M","E","M","R","B",null,"M","M","$","?","?","E","M","E","T","R","E","R","?","$","R","B",null],"character_chosen":"DEFECT","items_purchased":["Ornamental Fan","Hologram"],"campfire_rested":3,"item_purchase_floors":[20,48],"current_hp_per_floor":[75,75,60,60,60,43,43,12,12,34,42,26,33,33,33,40,66,70,71,71,71,75,75,75,75,75,70,71,70,74,75,75,17,61,72,75,75,75,75,55,48,67,67,67,36,58,58,58,75,41],"gold":131,"neow_bonus":"THREE_ENEMY_KILL","is_prod":false,"is_daily":false,"chose_seed":false,"campfire_upgraded":6,"win_rate":0,"timestamp":1564190267,"path_taken":["M","?","?","M","M","E","R","E","T","R","M","?","M","?","R","BOSS","M","M","$","?","M","R","?","R","T","E","M","M","E","M","R","BOSS","M","M","$","?","?","E","M","E","T","R","E","R","?","$","R","BOSS"],"build_version":"2019-07-17","purchased_purges":3,"victory":true,"max_hp_per_floor":[75,75,75,75,75,75,75,75,75,75,75,75,75,75,75,75,75,75,75,75,75,75,75,75,75,75,75,75,75,75,75,75,75,75,75,75,75,75,75,75,75,75,75,75,75,75,75,75,75,75],"card_choices":[{"not_picked":["Doom and Gloom","Turbo"],"picked":"Leap","floor":1},{"not_picked":["Compile Driver","Skim"],"picked":"Gash","floor":4},{"not_picked":["Sweeping Beam","Double Energy"],"picked":"Self Repair","floor":5},{"not_picked":["Auto Shields","Undo"],"picked":"Beam Cell","floor":6},{"not_picked":["Redo","Storm"],"picked":"Coolheaded","floor":8},{"not_picked":["Redo","Sweeping Beam"],"picked":"Cold Snap","floor":11},{"not_picked":["Darkness","Beam Cell"],"picked":"Machine Learning","floor":12},{"not_picked":["Streamline","Stack"],"picked":"Gash","floor":13},{"not_picked":["Fission","Meteor Strike"],"picked":"Core Surge","floor":16},{"not_picked":["Genetic Algorithm","Self Repair"],"picked":"Chill","floor":17},{"not_picked":["Static Discharge","FTL","Force Field+1"],"picked":"SKIP","floor":18},{"not_picked":["Conserve Battery","Capacitor+1"],"picked":"Rebound","floor":19},{"not_picked":["Ball Lightning","Compile Driver+1"],"picked":"Echo Form","floor":22},{"not_picked":["Cold Snap","Consume","Electrodynamics"],"picked":"SKIP","floor":27},{"not_picked":["Leap","Heatsinks"],"picked":"BootSequence","floor":28},{"not_picked":["Static Discharge","Sweeping Beam"],"picked":"Scrape","floor":29},{"not_picked":["Streamline","Sweeping Beam","Recycle+1"],"picked":"SKIP","floor":30},{"not_picked":["Lockon","Heatsinks","Turbo"],"picked":"SKIP","floor":31},{"not_picked":["Coolheaded","Streamline","Rebound"],"picked":"SKIP","floor":35},{"not_picked":["Compile Driver","White Noise+1","Stack+1"],"picked":"SKIP","floor":36},{"not_picked":["Chaos","Coolheaded+1","Seek"],"picked":"SKIP","floor":40},{"not_picked":["Chaos","Coolheaded+1"],"picked":"Seek","floor":40},{"not_picked":["Ball Lightning","Stack+1","Defragment"],"picked":"SKIP","floor":41},{"not_picked":["Stack+1","Hello World+1","Streamline+1"],"picked":"SKIP","floor":42},{"not_picked":["Stack+1","White Noise"],"picked":"Hologram","floor":45},{"not_picked":["Mind Blast","Madness"],"picked":"Thinking Ahead","floor":47},{"not_picked":["Reprogram","Chaos+1"],"picked":"Glacier","floor":49}],"player_experience":894557,"relics_obtained":[{"floor":6,"key":"Dream Catcher"},{"floor":8,"key":"Omamori"},{"floor":9,"key":"Blood Vial"},{"floor":26,"key":"Torii"},{"floor":27,"key":"Oddly Smooth Stone"},{"floor":30,"key":"Anchor"},{"floor":40,"key":"Bottled Tornado"},{"floor":42,"key":"Art of War"},{"floor":43,"key":"Whetstone"},{"floor":45,"key":"FossilizedHelix"}],"event_choices":[{"cards_removed":["Defend_B"],"damage_healed":0,"gold_gain":0,"player_choice":"Card Removal","damage_taken":0,"max_hp_gain":0,"max_hp_loss":0,"event_name":"The Cleric","floor":2,"gold_loss":50},{"damage_healed":0,"gold_gain":0,"player_choice":"Entered Light","damage_taken":15,"max_hp_gain":0,"max_hp_loss":0,"event_name":"Shining Light","floor":3,"gold_loss":0,"cards_upgraded":["Defend_B","Defend_B"]},{"damage_healed":0,"gold_gain":0,"player_choice":"Searched \u00271\u0027 times","damage_taken":0,"relics_obtained":["Bronze Scales"],"max_hp_gain":0,"max_hp_loss":0,"event_name":"Dead Adventurer","floor":14,"gold_loss":0},{"damage_healed":0,"gold_gain":0,"player_choice":"Rummage","damage_taken":0,"relics_obtained":["WarpedTongs"],"max_hp_gain":0,"max_hp_loss":0,"event_name":"Accursed Blacksmith","floor":21,"gold_loss":0,"cards_obtained":["Pain"]},{"damage_healed":0,"gold_gain":0,"player_choice":"Ignored","damage_taken":0,"max_hp_gain":0,"max_hp_loss":0,"event_name":"Tomb of Lord Red Mask","floor":38,"gold_loss":0},{"cards_removed":["Rebound"],"damage_healed":0,"gold_gain":0,"player_choice":"Removed Attack","damage_taken":0,"max_hp_gain":0,"max_hp_loss":0,"event_name":"Falling","floor":39,"gold_loss":0},{"damage_healed":0,"gold_gain":0,"player_choice":"Memory 1","damage_taken":0,"max_hp_gain":0,"max_hp_loss":0,"event_name":"SensoryStone","floor":47,"gold_loss":0}],"is_beta":false,"boss_relics":[{"not_picked":["Velvet Choker","White Beast Statue"],"picked":"Orrery"},{"not_picked":["Runic Dome","Pandora\u0027s Box"],"picked":"Sozu"}],"items_purged_floors":[20,37,48],"is_endless":false,"potions_floor_spawned":[1,5,12,13,19,22,29,30,33,41,45],"ascension_level":5}