{"path_per_floor":["M","?","M","M","M","E","R","E","T","M","M","?","M","M","R","B",null,"M","$","?","?","M","R"],"character_chosen":"DEFECT","items_purchased":["Apotheosis","Frozen Egg 2"],"gold_per_floor":[115,115,129,145,162,188,188,217,217,230,245,245,257,270,270,369,369,381,23,23,123,138,138,138],"floor_reached":24,"campfire_rested":3,"playtime":1394,"item_purchase_floors":[19,19],"current_hp_per_floor":[70,70,64,57,57,7,29,13,13,7,7,32,25,25,47,47,75,43,43,43,43,33,55,0],"items_purged":[],"gold":138,"score":260,"play_id":"ed97b4e2-b2aa-4112-91f4-9b6cf43b2f03","local_time":"20180617194703","is_prod":false,"is_daily":false,"chose_seed":false,"is_ascension_mode":false,"campfire_upgraded":0,"win_rate":0,"timestamp":1529279223,"campfire_choices":[{"floor":7,"key":"REST"},{"floor":15,"key":"REST"},{"floor":23,"key":"REST"}],"path_taken":["M","?","M","M","M","E","R","E","T","?","M","?","M","M","R","BOSS","M","$","?","?","M","R","E"],"build_version":"2018-06-14v2","seed_source_timestamp":339688597525172,"purchased_purges":0,"victory":false,"master_deck":["Strike_B","Strike_B","Defend_B","Defend_B","Defend_B","Defend_B","Zap","Dualcast","Rebound","Tempest","Barrage","Beam Cell","Rainbow","Creative AI","Compile Driver","Go for the Eyes","Ball Lightning","Steam","Creative AI","Redo","Apotheosis","Hologram"],"max_hp_per_floor":[75,75,75,75,75,75,75,75,75,75,75,75,75,75,75,75,75,75,75,75,75,75,75,75],"relics":["Cracked Core","Toolbox","Happy Flower","The Courier","Black Star","Frozen Egg 2"],"card_choices":[{"not_picked":["Coolheaded","Ball Lightning"],"picked":"Rebound","floor":1},{"not_picked":["Skim","Stack"],"picked":"Tempest","floor":3},{"not_picked":["Hologram","Reprogram"],"picked":"Barrage","floor":4},{"not_picked":["Redo","Coolheaded"],"picked":"Beam Cell","floor":5},{"not_picked":["Barrage","Turbo"],"picked":"Rainbow","floor":6},{"not_picked":["Reinforced Body","Barrage"],"picked":"Creative AI","floor":8},{"not_picked":["Cold Snap","Redo"],"picked":"Compile Driver","floor":10},{"not_picked":["Darkness","Conserve Battery"],"picked":"Go for the Eyes","floor":11},{"not_picked":["Redo","Rebound"],"picked":"Ball Lightning","floor":13},{"not_picked":["Compile Driver","Double Energy"],"picked":"Steam","floor":14},{"not_picked":["Biased Cognition","All For One"],"picked":"Creative AI","floor":16},{"not_picked":["Self Repair","Sweeping Beam"],"picked":"Redo","floor":18},{"not_picked":["Heatsinks+1","Doom and Gloom+1"],"picked":"Hologram","floor":22}],"player_experience":128539,"potions_floor_usage":[5,16,18],"damage_taken":[{"damage":5,"enemies":"Cultist","floor":1,"turns":4},{"damage":6,"enemies":"2 Louse","floor":3,"turns":2},{"damage":7,"enemies":"Small Slimes","floor":4,"turns":3},{"damage":0,"enemies":"Looter","floor":5,"turns":2},{"damage":50,"enemies":"Lagavulin","floor":6,"turns":8},{"damage":16,"enemies":"Gremlin Nob","floor":8,"turns":3},{"damage":15,"enemies":"Exordium Wildlife","floor":10,"turns":4},{"damage":0,"enemies":"Large Slime","floor":11,"turns":2},{"damage":7,"enemies":"Looter","floor":13,"turns":2},{"damage":0,"enemies":"3 Louse","floor":14,"turns":2},{"damage":0,"enemies":"Slime Boss","floor":16,"turns":5},{"damage":32,"enemies":"Shell Parasite","floor":18,"turns":7},{"damage":10,"enemies":"Spheric Guardian","floor":22,"turns":4},{"damage":61,"enemies":"Slavers","floor":24,"turns":3}],"relics_obtained":[{"floor":6,"key":"Toolbox"},{"floor":8,"key":"Happy Flower"},{"floor":9,"key":"The Courier"}],"event_choices":[{"event_name":"Bonfire Elementals","player_choice":"BASIC","floor":2,"damage_taken":0},{"event_name":"Big Fish","player_choice":"Banana","floor":12,"damage_taken":0},{"event_name":"Vampires","player_choice":"Ignored","floor":20,"damage_taken":0},{"event_name":"Golden Shrine","player_choice":"Pray","floor":21,"damage_taken":0}],"boss_relics":[{"not_picked":["Lizard Tail","Calling Bell"],"picked":"Black Star"}],"items_purged_floors":[],"is_endless":false,"potions_floor_spawned":[3,4,10,11],"seed_played":"-7058750375572000117","killed_by":"Slavers","ascension_level":0,"potions_obtained":[{"floor":3,"key":"FairyPotion"},{"floor":4,"key":"Energy Potion"},{"floor":10,"key":"Weak Potion"},{"floor":11,"key":"FocusPotion"}],"is_trial":false}