{"gold_per_floor":[112,130,140,140,140,154,169,169,169,204,217,229,240,46,46,147,197,216,206,128,147,147,162,176,176,176,176,176,176,176,194,194,296,296,311,325,3,15,29,29,29,46,46,46,46,75,75,0,0,0],"floor_reached":51,"playtime":3439,"items_purged":["Doubt"],"score":658,"play_id":"11ad7068-4bbb-4423-9e9e-fcaf700f9755","local_time":"20190705153928","is_ascension_mode":false,"campfire_choices":[{"data":"Chaos","floor":8,"key":"SMITH"},{"floor":15,"key":"REST"},{"data":"Reboot","floor":25,"key":"SMITH"},{"data":"Seek","floor":27,"key":"SMITH"},{"floor":29,"key":"REST"},{"data":"Capacitor","floor":32,"key":"SMITH"},{"floor":40,"key":"REST"},{"data":"Apotheosis","floor":45,"key":"SMITH"},{"data":"Machine Learning","floor":49,"key":"SMITH"}],"neow_cost":"NONE","seed_source_timestamp":351399199953320,"circlet_count":0,"master_deck":["Strike_B","Strike_B","Defend_B","Defend_B","Defend_B","Defend_B","Zap","Machine Learning+1","Fusion+1","Chaos+1","Capacitor+1","Glacier","Glacier","Seek+1","Stack","Ball Lightning+1","Apotheosis+1","Conserve Battery","Machine Learning","Compile Driver+1","Reboot+1","Capacitor","Hello World","BootSequence","Consume+1","RitualDagger","Coolheaded+1","Machine Learning","Ball Lightning+1","Self Repair","Capacitor+1","Static Discharge+1"],"relics":["Cracked Core","Bag of Marbles","Bronze Scales","Letter Opener","Tiny House","Sundial","Ginger","Lizard Tail","Frozen Egg 2","Ornamental Fan","Pantograph"],"potions_floor_usage":[13,16,19,21,24,36,39,50,50,50],"damage_taken":[{"damage":1,"enemies":"Cultist","floor":1,"turns":3},{"damage":6,"enemies":"Jaw Worm","floor":2,"turns":4},{"damage":12,"enemies":"Small Slimes","floor":3,"turns":3},{"damage":8,"enemies":"2 Fungi Beasts","floor":6,"turns":3},{"damage":7,"enemies":"Blue Slaver","floor":7,"turns":6},{"damage":11,"enemies":"3 Sentries","floor":10,"turns":10},{"damage":0,"enemies":"Exordium Thugs","floor":11,"turns":5},{"damage":5,"enemies":"Looter","floor":12,"turns":3},{"damage":4,"enemies":"3 Louse","floor":13,"turns":3},{"damage":2,"enemies":"The Guardian","floor":16,"turns":13},{"damage":0,"enemies":"3 Byrds","floor":18,"turns":3},{"damage":20,"enemies":"2 Thieves","floor":19,"turns":4},{"damage":19,"enemies":"Centurion and Healer","floor":21,"turns":9},{"damage":3,"enemies":"Snake Plant","floor":23,"turns":5},{"damage":2,"enemies":"Snecko","floor":24,"turns":6},{"damage":0,"enemies":"Cultist and Chosen","floor":31,"turns":4},{"damage":19,"enemies":"Champ","floor":33,"turns":13},{"damage":25,"enemies":"Orb Walker","floor":35,"turns":6},{"damage":5,"enemies":"3 Shapes","floor":36,"turns":6},{"damage":24,"enemies":"Spire Growth","floor":38,"turns":8},{"damage":19,"enemies":"4 Shapes","floor":39,"turns":4},{"damage":49,"enemies":"Jaw Worm Horde","floor":42,"turns":7},{"damage":27,"enemies":"Nemesis","floor":46,"turns":8},{"damage":39,"enemies":"Time Eater","floor":50,"turns":11}],"seed_played":"-7454410500968857816","potions_obtained":[{"floor":2,"key":"FearPotion"},{"floor":7,"key":"Block Potion"},{"floor":10,"key":"SteroidPotion"},{"floor":12,"key":"Dexterity Potion"},{"floor":16,"key":"Regen Potion"},{"floor":17,"key":"FearPotion"},{"floor":19,"key":"Ancient Potion"},{"floor":24,"key":"GamblersBrew"},{"floor":31,"key":"GamblersBrew"},{"floor":42,"key":"EssenceOfSteel"},{"floor":46,"key":"Energy Potion"}],"is_trial":false,"path_per_floor":["M","M","M","T","?","M","M","R","T","E","M","M","M","$","R","B",null,"M","M","$","M","?","M","M","R","T","R","?","R","T","M","R","B",null,"M","M","$","M","M","R","?","M","T","?","R","E","?","$","R","B",null],"character_chosen":"DEFECT","items_purchased":["Apotheosis","Conserve Battery","Capacitor","Self Repair","Frozen Egg 2"],"campfire_rested":3,"item_purchase_floors":[14,14,20,37,37],"current_hp_per_floor":[74,68,56,56,56,48,41,41,41,30,30,25,21,21,43,41,80,80,60,60,56,56,53,51,51,51,51,45,69,69,69,69,50,80,55,50,50,33,14,38,38,38,38,80,80,63,63,63,63,51],"gold":0,"neow_bonus":"TRANSFORM_CARD","is_prod":false,"is_daily":false,"chose_seed":false,"campfire_upgraded":6,"win_rate":0.0,"timestamp":1562308768,"path_taken":["M","M","M","?","?","M","M","R","T","E","M","M","M","?","R","BOSS","M","M","$","M","?","M","M","R","T","R","?","R","?","?","R","BOSS","M","M","$","M","M","R","?","M","T","?","R","E","?","$","R","BOSS"],"build_version":"2019-07-01","purchased_purges":1,"victory":true,"max_hp_per_floor":[75,75,75,75,75,75,75,75,75,75,75,75,75,75,75,75,80,80,80,80,80,80,80,80,80,80,80,80,80,80,80,80,80,80,80,80,80,80,80,80,80,80,80,80,80,80,80,80,80,80],"card_choices":[{"not_picked":["Conserve Battery","Cold Snap"],"picked":"Fusion","floor":1},{"not_picked":["Rebound","Heatsinks"],"picked":"Chaos","floor":2},{"not_picked":["Compile Driver","Sweeping Beam"],"picked":"Capacitor","floor":3},{"not_picked":["Go for the Eyes","Blizzard"],"picked":"Glacier","floor":6},{"not_picked":["Chaos","Heatsinks"],"picked":"Glacier","floor":7},{"not_picked":["Melter","Redo"],"picked":"Seek","floor":10},{"not_picked":["Cold Snap","Go for the Eyes","Barrage"],"picked":"SKIP","floor":11},{"not_picked":["Reprogram","Rip and Tear"],"picked":"Stack","floor":12},{"not_picked":["Barrage","Fusion"],"picked":"Ball Lightning","floor":13},{"not_picked":["Multi-Cast","Electrodynamics"],"picked":"Machine Learning","floor":16},{"not_picked":["BootSequence","Coolheaded"],"picked":"Compile Driver+1","floor":18},{"not_picked":["Steam+1","Ball Lightning"],"picked":"Reboot","floor":19},{"not_picked":["Go for the Eyes","Coolheaded","Melter"],"picked":"SKIP","floor":21},{"not_picked":["Beam Cell+1","Go for the Eyes+1"],"picked":"Consume+1","floor":23},{"not_picked":["Stack","Hologram","Compile Driver"],"picked":"SKIP","floor":24},{"not_picked":["Genetic Algorithm","Lockon"],"picked":"Coolheaded+1","floor":31},{"not_picked":["Electrodynamics","All For One"],"picked":"Machine Learning","floor":33},{"not_picked":["Fusion","Rebound+1","Barrage"],"picked":"SKIP","floor":35},{"not_picked":["Darkness","Loop+1"],"picked":"Ball Lightning+1","floor":36},{"not_picked":["Ball Lightning+1","Turbo+1"],"picked":"Lockon+1","floor":38},{"not_picked":["Rip and Tear","Steam","Sweeping Beam+1"],"picked":"SKIP","floor":39},{"not_picked":["Beam Cell+1","Go for the Eyes+1"],"picked":"Capacitor+1","floor":42},{"not_picked":["Coolheaded+1","Steam+1"],"picked":"Static Discharge+1","floor":46}],"player_experience":28367,"relics_obtained":[{"floor":4,"key":"Bag of Marbles"},{"floor":9,"key":"Bronze Scales"},{"floor":10,"key":"Letter Opener"},{"floor":26,"key":"Sundial"},{"floor":30,"key":"Ginger"},{"floor":43,"key":"Ornamental Fan"},{"floor":46,"key":"Pantograph"}],"event_choices":[{"damage_healed":0,"gold_gain":0,"player_choice":"Grow","damage_taken":0,"max_hp_gain":0,"max_hp_loss":0,"event_name":"Living Wall","floor":5,"gold_loss":0,"cards_upgraded":["Fusion"]},{"damage_healed":0,"gold_gain":0,"cards_transformed":["Strike_B","Strike_B"],"player_choice":"Became Test Subject","damage_taken":0,"max_hp_gain":0,"max_hp_loss":0,"event_name":"Drug Dealer","floor":22,"gold_loss":0,"cards_obtained":["Hello World","BootSequence"]},{"damage_healed":0,"gold_gain":0,"player_choice":"Joined the Cult","damage_taken":6,"max_hp_gain":0,"max_hp_loss":0,"event_name":"Nest","floor":28,"gold_loss":0,"cards_obtained":["RitualDagger"]},{"damage_healed":0,"gold_gain":0,"player_choice":"Ignored","damage_taken":0,"max_hp_gain":0,"max_hp_loss":0,"event_name":"Mysterious Sphere","floor":41,"gold_loss":0},{"damage_healed":42,"gold_gain":0,"player_choice":"Heal","damage_taken":0,"max_hp_gain":0,"max_hp_loss":0,"event_name":"MindBloom","floor":44,"gold_loss":0,"cards_obtained":["Doubt"]},{"cards_removed":["Lockon"],"damage_healed":0,"gold_gain":0,"player_choice":"Removed Attack","damage_taken":0,"max_hp_gain":0,"max_hp_loss":0,"event_name":"Falling","floor":47,"gold_loss":0}],"is_beta":false,"boss_relics":[{"not_picked":["Black Star","White Beast Statue"],"picked":"Tiny House"},{"not_picked":["Fusion Hammer","Snecko Eye"],"picked":"Lizard Tail"}],"items_purged_floors":[48],"is_endless":false,"potions_floor_spawned":[2,7,10,12,16,19,24,31,35,42,46],"ascension_level":0}