{"gold_per_floor":[116,266,266,25,40,66,66,85,109,122,149,166,131,148,148,221,221,239,254,254,304,3,3,3],"floor_reached":24,"playtime":753,"items_purged":["Doubt"],"score":427,"play_id":"60db29af-d0a8-47a0-8c8f-90aaf3afd6ba","local_time":"20190824180156","is_ascension_mode":true,"campfire_choices":[{"data":"Zap","floor":7,"key":"SMITH"},{"data":"Loop","floor":15,"key":"SMITH"},{"floor":23,"key":"REST"}],"neow_cost":"NONE","seed_source_timestamp":365758768403600,"circlet_count":0,"master_deck":["AscendersBane","Defend_B","Defend_B","Defend_B","Defend_B+1","Zap+1","Dualcast+1","Core Surge","Sweeping Beam","Cold Snap","Electrodynamics","Steam","Storm","Static Discharge","Conserve Battery","Loop+1","Thunder Strike","Loop","Leap","Bite","Bite","Bite","Bite","Bite","Conserve Battery"],"relics":["Cracked Core","Darkstone Periapt","Potion Belt","War Paint","Smiling Mask","Juzu Bracelet","Cursed Key","Kunai"],"potions_floor_usage":[6,14,16,19,24,24],"damage_taken":[{"damage":0,"enemies":"2 Louse","floor":1,"turns":3},{"damage":2,"enemies":"Jaw Worm","floor":5,"turns":3},{"damage":20,"enemies":"Gremlin Nob","floor":6,"turns":4},{"damage":0,"enemies":"Cultist","floor":8,"turns":3},{"damage":0,"enemies":"Large Slime","floor":10,"turns":4},{"damage":5,"enemies":"3 Sentries","floor":11,"turns":3},{"damage":1,"enemies":"2 Fungi Beasts","floor":12,"turns":2},{"damage":7,"enemies":"Gremlin Gang","floor":14,"turns":3},{"damage":45,"enemies":"Slime Boss","floor":16,"turns":8},{"damage":13,"enemies":"Chosen","floor":18,"turns":4},{"damage":31,"enemies":"2 Thieves","floor":19,"turns":3},{"damage":35,"enemies":"Book of Stabbing","floor":24,"turns":5}],"seed_played":"-262316137432801347","potions_obtained":[{"floor":1,"key":"Explosive Potion"},{"floor":6,"key":"FearPotion"},{"floor":11,"key":"SpeedPotion"},{"floor":14,"key":"Explosive Potion"},{"floor":16,"key":"Poison Potion"},{"floor":18,"key":"Energy Potion"}],"is_trial":false,"path_per_floor":["M","?","T","$","M","E","R","M","T","M","E","M","?","M","R","B",null,"M","M","?","?","$","R","E"],"character_chosen":"DEFECT","items_purchased":["Potion Belt","Kunai","Conserve Battery"],"campfire_rested":1,"item_purchase_floors":[4,22,22],"current_hp_per_floor":[64,64,64,64,62,42,42,42,42,42,37,36,53,46,46,1,54,41,10,10,10,10,24,0],"gold":3,"neow_bonus":"ONE_RANDOM_RARE_CARD","is_prod":false,"is_daily":false,"chose_seed":false,"campfire_upgraded":2,"win_rate":0,"timestamp":1566637316,"path_taken":["M","?","?","$","M","E","R","M","T","M","E","M","?","M","R","BOSS","M","M","?","?","$","R","E"],"build_version":"2019-07-17","purchased_purges":1,"victory":false,"max_hp_per_floor":[71,71,71,71,71,71,71,71,71,71,71,71,71,71,71,71,71,71,71,49,49,49,49,49],"card_choices":[{"not_picked":["Fusion","Barrage"],"picked":"Sweeping Beam","floor":1},{"not_picked":["Doom and Gloom","Turbo"],"picked":"Cold Snap","floor":5},{"not_picked":["Defragment","Amplify"],"picked":"Electrodynamics","floor":6},{"not_picked":["Barrage","Fusion"],"picked":"Steam","floor":8},{"not_picked":["Force Field","Chaos"],"picked":"Storm","floor":10},{"not_picked":["Aggregate","Auto Shields"],"picked":"Static Discharge","floor":11},{"not_picked":["Steam","Beam Cell"],"picked":"Conserve Battery","floor":12},{"not_picked":["Chill","Redo"],"picked":"Loop","floor":14},{"not_picked":["Electrodynamics","Meteor Strike"],"picked":"Thunder Strike","floor":16},{"not_picked":["Heatsinks","Sweeping Beam+1"],"picked":"Loop","floor":18},{"not_picked":["Sunder","Static Discharge"],"picked":"Leap","floor":19}],"player_experience":227718,"relics_obtained":[{"floor":3,"key":"Darkstone Periapt"},{"floor":6,"key":"War Paint"},{"floor":9,"key":"Smiling Mask"},{"floor":11,"key":"Juzu Bracelet"}],"event_choices":[{"damage_healed":0,"gold_gain":150,"player_choice":"AGREE","damage_taken":0,"max_hp_gain":0,"max_hp_loss":0,"event_name":"Liars Game","floor":2,"gold_loss":0,"cards_obtained":["Doubt"]},{"damage_healed":17,"gold_gain":0,"player_choice":"Healed","damage_taken":0,"max_hp_gain":0,"max_hp_loss":0,"event_name":"The Cleric","floor":13,"gold_loss":35},{"damage_healed":0,"gold_gain":0,"player_choice":"Became a vampire","damage_taken":0,"max_hp_gain":0,"max_hp_loss":22,"event_name":"Vampires","floor":20,"gold_loss":0,"cards_obtained":["Bite","Bite","Bite","Bite","Bite"]},{"damage_healed":0,"gold_gain":50,"player_choice":"Stole From Cult","damage_taken":0,"max_hp_gain":0,"max_hp_loss":0,"event_name":"Nest","floor":21,"gold_loss":0}],"is_beta":false,"boss_relics":[{"not_picked":["Ectoplasm","Empty Cage"],"picked":"Cursed Key"}],"items_purged_floors":[4],"is_endless":false,"potions_floor_spawned":[1,6,11,14,16,18],"killed_by":"Book of Stabbing","ascension_level":19}