{"gold_per_floor":[164,164,177,177,192,192,218,218,218,246,246,121,148,161,161,238,238,255,255,268,318,318,318,345,345,430,430,446,446,458,486,486,486],"floor_reached":33,"playtime":1040,"items_purged":["Strike_B"],"score":602,"play_id":"5a4e9d09-86e0-46be-959b-c6ad6920bf63","local_time":"20190401175956","is_ascension_mode":true,"campfire_choices":[{"data":"Dualcast","floor":6.0,"key":"SMITH"},{"data":"Defragment","floor":11.0,"key":"SMITH"},{"data":"Hologram","floor":15.0,"key":"SMITH"},{"data":"Beam Cell","floor":23.0,"key":"SMITH"},{"data":"Hello World","floor":27.0,"key":"SMITH"},{"data":"Biased Cognition","floor":29.0,"key":"SMITH"},{"data":"Streamline","floor":32.0,"key":"SMITH"}],"neow_cost":"NONE","seed_source_timestamp":1789252703481,"circlet_count":0,"master_deck":["AscendersBane","Strike_B+1","Strike_B+1","Defend_B+1","Defend_B+1","Defend_B+1","Defend_B+1","Zap+1","Dualcast+1","Cold Snap","BootSequence","Ball Lightning","Core Surge","Hologram+1","Defragment+1","Beam Cell+1","Rebound","Conserve Battery","Biased Cognition+1","Sweeping Beam","Hello World+1","Streamline+1","Sunder+1","Cold Snap","Glacier"],"special_seed":0,"relics":["Tiny House","Sundial","Boot","Kunai","Ornamental Fan","Mercury Hourglass","Coffee Dripper","Centennial Puzzle","Ancient Tea Set","Tiny Chest","Bronze Scales"],"potions_floor_usage":[],"damage_taken":[{"damage":2.0,"enemies":"Cultist","floor":1.0,"turns":4.0},{"damage":2.0,"enemies":"2 Louse","floor":3.0,"turns":3.0},{"damage":0.0,"enemies":"Jaw Worm","floor":5.0,"turns":3.0},{"damage":18.0,"enemies":"Lagavulin","floor":7.0,"turns":6.0},{"damage":10.0,"enemies":"3 Sentries","floor":10.0,"turns":7.0},{"damage":6.0,"enemies":"Lagavulin","floor":13.0,"turns":5.0},{"damage":5.0,"enemies":"Large Slime","floor":14.0,"turns":5.0},{"damage":26.0,"enemies":"Hexaghost","floor":16.0,"turns":10.0},{"damage":11.0,"enemies":"Spheric Guardian","floor":18.0,"turns":4.0},{"damage":7.0,"enemies":"2 Thieves","floor":20.0,"turns":4.0},{"damage":12.0,"enemies":"Book of Stabbing","floor":24.0,"turns":5.0},{"damage":2.0,"enemies":"Cultist and Chosen","floor":28.0,"turns":4.0},{"damage":9.0,"enemies":"Snake Plant","floor":30.0,"turns":2.0},{"damage":9.0,"enemies":"Gremlin Leader","floor":31.0,"turns":4.0},{"damage":23,"enemies":"Collector","floor":33,"turns":2}],"seed_played":"4024688797370170845","potions_obtained":[{"floor":0.0,"key":"Fruit Juice"},{"floor":5.0,"key":"Swift Potion"},{"floor":14.0,"key":"Strength Potion"},{"floor":18.0,"key":"Swift Potion"},{"floor":28.0,"key":"Poison Potion"},{"floor":30.0,"key":"Weak Potion"}],"is_trial":false,"path_per_floor":["M","?","M","?","M","R","E","T","T","E","R","$","E","M","R","B",null,"M","?","M","?","?","R","E","T","T","R","M","R","M","E","R","B"],"character_chosen":"DEFECT","items_purchased":["Beam Cell"],"campfire_rested":0,"item_purchase_floors":[12],"current_hp_per_floor":[67,67,65,65,65,65,52,52,52,42,42,42,36,31,31,5,62,51,51,44,44,44,44,32,32,32,32,30,30,21,12,12,0],"gold":486,"neow_bonus":"BOSS_RELIC","is_prod":false,"is_daily":false,"chose_seed":false,"campfire_upgraded":7,"win_rate":0,"timestamp":1554166796,"path_taken":["M","?","?","?","M","R","E","?","T","E","R","$","E","M","R","BOSS","M","?","M","?","?","R","E","?","T","R","?","R","M","E","R","BOSS"],"build_version":"2019-03-15","purchased_purges":1,"victory":false,"max_hp_per_floor":[76,76,76,76,76,76,81,81,81,81,81,81,81,81,81,81,81,81,81,81,81,81,81,81,81,81,81,81,81,81,81,81,81],"card_choices":[{"not_picked":["Rebound","Rip and Tear"],"picked":"Cold Snap","floor":0.0},{"not_picked":["Barrage","Turbo"],"picked":"BootSequence","floor":1.0},{"not_picked":["Chill","Go for the Eyes"],"picked":"Ball Lightning","floor":3.0},{"not_picked":["FTL","Capacitor"],"picked":"Core Surge","floor":5.0},{"not_picked":["Lockon","Stack"],"picked":"Hologram","floor":7.0},{"not_picked":["Redo","Seek"],"picked":"Defragment","floor":10.0},{"not_picked":["Force Field","Storm"],"picked":"Rebound","floor":13.0},{"not_picked":["Force Field","Scrape"],"picked":"Conserve Battery","floor":14.0},{"not_picked":["Rainbow","Meteor Strike"],"picked":"Biased Cognition","floor":16.0},{"not_picked":["Double Energy","BootSequence"],"picked":"Sweeping Beam","floor":18.0},{"not_picked":["Rebound","Coolheaded"],"picked":"Hello World","floor":20.0},{"not_picked":["Recycle","Genetic Algorithm"],"picked":"Streamline","floor":24.0},{"not_picked":["Coolheaded","Conserve Battery"],"picked":"Sunder+1","floor":28.0},{"not_picked":["Turbo","Scrape"],"picked":"Cold Snap","floor":30.0},{"not_picked":["Streamline","Hologram"],"picked":"Glacier","floor":31.0}],"player_experience":1396210,"relics_obtained":[{"floor":7.0,"key":"Sundial"},{"floor":8.0,"key":"Boot"},{"floor":9.0,"key":"Kunai"},{"floor":10.0,"key":"Ornamental Fan"},{"floor":13.0,"key":"Mercury Hourglass"},{"floor":24.0,"key":"Centennial Puzzle"},{"floor":25.0,"key":"Ancient Tea Set"},{"floor":26.0,"key":"Tiny Chest"},{"floor":31.0,"key":"Bronze Scales"}],"event_choices":[{"cards_removed":["Strike_B"],"damage_healed":0.0,"max_hp_gain":0.0,"max_hp_loss":0.0,"gold_gain":0.0,"event_name":"Bonfire Elementals","player_choice":"Offered Basic","floor":2.0,"gold_loss":0.0,"damage_taken":0.0},{"damage_healed":0.0,"max_hp_gain":0.0,"max_hp_loss":0.0,"gold_gain":0.0,"event_name":"Living Wall","player_choice":"Grow","floor":4.0,"gold_loss":0.0,"damage_taken":0.0,"cards_upgraded":["Zap"]},{"damage_healed":0.0,"max_hp_gain":0.0,"max_hp_loss":0.0,"gold_gain":0.0,"event_name":"Back to Basics","player_choice":"Simplicity","floor":19.0,"gold_loss":0.0,"damage_taken":0.0,"cards_upgraded":["Strike_B","Defend_B","Defend_B","Defend_B","Defend_B"]},{"damage_healed":0.0,"max_hp_gain":0.0,"max_hp_loss":0.0,"gold_gain":50.0,"event_name":"Nest","player_choice":"Stole From Cult","floor":21.0,"gold_loss":0.0,"damage_taken":0.0},{"damage_healed":0.0,"max_hp_gain":0.0,"max_hp_loss":0.0,"gold_gain":0.0,"event_name":"Cursed Tome","player_choice":"Ignored","floor":22.0,"gold_loss":0.0,"damage_taken":0.0}],"is_beta":true,"boss_relics":[{"not_picked":["Runic Pyramid","Nuclear Battery"],"picked":"Coffee Dripper"}],"items_purged_floors":[12],"is_endless":false,"potions_floor_spawned":[5,14,18,28,30],"killed_by":"Collector","ascension_level":20}