{"gold_per_floor":[113,188,188,208,208,241,241,270,294,294,444,444,135,150,150,224,224,144,144,144,144,144,144,144,144,144,144,144,61,61,61,61,61,61,61,61,61,61,8,8,8,8,8,8,8,8,8,8,8,8,8],"floor_reached":52,"playtime":2248,"items_purged":["Doubt"],"score":2411,"play_id":"f8156f14-0b92-4b58-b657-2cda4293e462","local_time":"20190826163759","is_ascension_mode":true,"campfire_choices":[{"data":"Clothesline","floor":7.0,"key":"SMITH"},{"data":"Pommel Strike","floor":10.0,"key":"SMITH"},{"data":"Clash","floor":12.0,"key":"SMITH"},{"data":"Iron Wave","floor":15.0,"key":"SMITH"},{"data":"Corruption","floor":24.0,"key":"SMITH"},{"data":"Feel No Pain","floor":28.0,"key":"SMITH"},{"data":"Feed","floor":32.0,"key":"SMITH"},{"data":"Juggernaut","floor":42,"key":"SMITH"},{"data":"Wild Strike+1","floor":49,"key":"PURGE"}],"neow_cost":"NONE","seed_source_timestamp":36821958800126,"circlet_count":0,"master_deck":["AscendersBane","Defend_R","Defend_R","Defend_R","Bash+1","Pommel Strike+1","Clothesline+1","Clash+1","True Grit+1","Bandage Up+1","Bloodletting+1","Iron Wave+1","Exhume+1","Feel No Pain+1","Feed+1","Offering+1","Corruption+1","Ghostly Armor+1","Flame Barrier+1","Battle Trance+1","Shrug It Off+1","Juggernaut+1","Dark Embrace+1","Double Tap+1","Body Slam","Secret Technique+1","The Bomb+1","Body Slam","Disarm+1"],"special_seed":0,"relics":["Burning Blood","NeowsBlessing","Juzu Bracelet","Toxic Egg 2","Bag of Preparation","PreservedInsect","Ectoplasm","Vajra","Blue Candle","Sundial","Anchor","Astrolabe","StoneCalendar","Art of War","Paper Frog","Dream Catcher","Peace Pipe","Old Coin"],"potions_floor_usage":[50,51],"damage_taken":[{"damage":0.0,"enemies":"Small Slimes","floor":1.0,"turns":1.0},{"damage":0.0,"enemies":"Jaw Worm","floor":4.0,"turns":1.0},{"damage":0.0,"enemies":"Lagavulin","floor":6.0,"turns":1.0},{"damage":20.0,"enemies":"3 Sentries","floor":8.0,"turns":7.0},{"damage":3.0,"enemies":"Cultist","floor":14.0,"turns":2.0},{"damage":33.0,"enemies":"The Guardian","floor":16.0,"turns":11.0},{"damage":21.0,"enemies":"2 Thieves","floor":18.0,"turns":5.0},{"damage":9.0,"enemies":"Spheric Guardian","floor":20.0,"turns":3.0},{"damage":9.0,"enemies":"Gremlin Leader","floor":23.0,"turns":4.0},{"damage":23.0,"enemies":"Slavers","floor":25.0,"turns":5.0},{"damage":10.0,"enemies":"Book of Stabbing","floor":27.0,"turns":3.0},{"damage":9.0,"enemies":"Shelled Parasite and Fungi","floor":31.0,"turns":4.0},{"damage":74.0,"enemies":"Automaton","floor":33.0,"turns":11.0},{"damage":10.0,"enemies":"3 Shapes","floor":35.0,"turns":1.0},{"damage":20.0,"enemies":"Mind Bloom Boss Battle","floor":36.0,"turns":6.0},{"damage":9,"enemies":"Reptomancer","floor":40,"turns":2},{"damage":9,"enemies":"Orb Walker","floor":41,"turns":4},{"damage":6,"enemies":"2 Orb Walkers","floor":45,"turns":2},{"damage":6,"enemies":"Giant Head","floor":47,"turns":4},{"damage":6,"enemies":"Writhing Mass","floor":48,"turns":3},{"damage":18,"enemies":"Donu and Deca","floor":50,"turns":4},{"damage":19,"enemies":"Time Eater","floor":51,"turns":4}],"seed_played":"1888593062656841250","potions_obtained":[{"floor":1.0,"key":"AttackPotion"},{"floor":4.0,"key":"EssenceOfSteel"},{"floor":16.0,"key":"Poison Potion"},{"floor":20.0,"key":"SteroidPotion"},{"floor":31.0,"key":"AttackPotion"},{"floor":33.0,"key":"AttackPotion"},{"floor":41,"key":"EssenceOfSteel"},{"floor":45,"key":"Block Potion"}],"is_trial":false,"path_per_floor":["M","?","T","M","?","E","R","E","T","R","?","R","$","M","R","B",null,"M","?","M","?","?","E","R","E","T","E","R","$","T","M","R","B",null,"M","?","?","?","$","E","M","R","T","T","?","$","E","M","R","B","B",null],"character_chosen":"IRONCLAD","items_purchased":["True Grit+1","Bandage Up+1","Bloodletting+1","Battle Trance+1","Body Slam"],"campfire_rested":0,"item_purchase_floors":[13,13,13,29,39],"current_hp_per_floor":[74,63,63,69,69,75,75,61,61,61,61,61,61,70,70,49,69,60,60,69,69,69,78,78,67,67,72,72,72,72,81,81,19,75,81,83,83,73,73,86,83,83,83,83,89,89,101,109,109,103,100],"gold":8,"neow_bonus":"THREE_ENEMY_KILL","is_prod":false,"is_daily":false,"chose_seed":false,"campfire_upgraded":8,"win_rate":0,"timestamp":1566862679,"path_taken":["M","?","?","M","?","E","R","E","T","R","?","R","$","M","R","BOSS","M","?","M","?","?","E","R","E","T","E","R","?","?","M","R","BOSS","M","?","?","?","$","E","M","R","T","?","?","?","E","M","R","BOSS","BOSS"],"build_version":"2019-08-23","purchased_purges":1,"victory":true,"max_hp_per_floor":[75,75,75,75,75,75,75,75,75,75,75,75,75,75,75,75,75,75,75,75,75,75,78,78,84,84,87,87,87,87,93,93,93,93,97,101,101,101,101,105,105,105,105,105,105,105,105,109,109,109,113],"card_choices":[{"not_picked":["Twin Strike","Dropkick"],"picked":"Pommel Strike","floor":1.0},{"not_picked":["Rage","Cleave"],"picked":"Clothesline","floor":4.0},{"not_picked":["Sword Boomerang","Pummel"],"picked":"Clash","floor":6.0},{"not_picked":["Anger","Cleave"],"picked":"Iron Wave","floor":14.0},{"not_picked":["Fiend Fire","Bludgeon"],"picked":"Exhume+1","floor":16.0},{"not_picked":["Wild Strike","Headbutt"],"picked":"Feel No Pain","floor":18.0},{"not_picked":["Headbutt","Flex+1","Clash"],"picked":"SKIP","floor":20.0},{"not_picked":["Anger","Twin Strike","Entrench+1"],"picked":"SKIP","floor":23.0},{"not_picked":["Body Slam","Twin Strike"],"picked":"Ghostly Armor+1","floor":25.0},{"not_picked":["Iron Wave","Clothesline"],"picked":"Flame Barrier+1","floor":27.0},{"not_picked":["True Grit+1","Heavy Blade"],"picked":"Shrug It Off+1","floor":31.0},{"not_picked":["Bludgeon","Fiend Fire"],"picked":"Juggernaut","floor":33.0},{"not_picked":["Cleave","Wild Strike","Twin Strike"],"picked":"SKIP","floor":35.0},{"not_picked":["Clash","Intimidate+1"],"picked":"Body Slam","floor":36.0},{"not_picked":["Deep Breath+1","Thinking Ahead+1"],"picked":"Secret Technique+1","floor":38},{"not_picked":["Jack Of All Trades+1","Forethought+1"],"picked":"The Bomb+1","floor":38},{"not_picked":["Sever Soul","Flex+1","Rampage"],"picked":"SKIP","floor":40},{"not_picked":["Bloodletting+1","Clothesline","Sword Boomerang+1"],"picked":"SKIP","floor":41},{"not_picked":["Second Wind+1","Ghostly Armor+1"],"picked":"Disarm+1","floor":47},{"not_picked":["Evolve+1","Rampage","Limit Break+1"],"picked":"SKIP","floor":48},{"not_picked":["Evolve+1","Rampage","Limit Break+1"],"picked":"SKIP","floor":48}],"player_experience":1450145,"relics_obtained":[{"floor":3.0,"key":"Juzu Bracelet"},{"floor":6.0,"key":"Toxic Egg 2"},{"floor":8.0,"key":"Bag of Preparation"},{"floor":9.0,"key":"PreservedInsect"},{"floor":23.0,"key":"Vajra"},{"floor":25.0,"key":"Blue Candle"},{"floor":26.0,"key":"Sundial"},{"floor":27.0,"key":"Anchor"},{"floor":36.0,"key":"StoneCalendar"},{"floor":40,"key":"Art of War"},{"floor":43,"key":"Paper Frog"},{"floor":44,"key":"Dream Catcher"},{"floor":45,"key":"Peace Pipe"},{"floor":47,"key":"Old Coin"}],"event_choices":[{"damage_healed":0.0,"max_hp_gain":0.0,"max_hp_loss":0.0,"gold_gain":75.0,"event_name":"World of Goop","player_choice":"Gather Gold","floor":2.0,"gold_loss":0.0,"damage_taken":11.0},{"damage_healed":0.0,"max_hp_gain":0.0,"max_hp_loss":0.0,"gold_gain":0.0,"event_name":"Upgrade Shrine","player_choice":"Upgraded","floor":5.0,"gold_loss":0.0,"damage_taken":0.0,"cards_upgraded":["Bash"]},{"damage_healed":0.0,"max_hp_gain":0.0,"max_hp_loss":0.0,"gold_gain":150.0,"event_name":"Liars Game","player_choice":"AGREE","floor":11.0,"gold_loss":0.0,"damage_taken":0.0,"cards_obtained":["Doubt"]},{"damage_healed":0.0,"max_hp_gain":0.0,"max_hp_loss":0.0,"gold_gain":0.0,"cards_transformed":["Strike_R","Strike_R"],"event_name":"Drug Dealer","player_choice":"Became Test Subject","floor":19.0,"gold_loss":0.0,"damage_taken":0.0,"cards_obtained":["Feed","Offering"]},{"cards_removed":["Strike_R"],"damage_healed":0.0,"max_hp_gain":0.0,"max_hp_loss":0.0,"gold_gain":0.0,"event_name":"Bonfire Elementals","player_choice":"Offered Basic","floor":21.0,"gold_loss":0.0,"damage_taken":0.0},{"damage_healed":0.0,"max_hp_gain":0.0,"max_hp_loss":0.0,"gold_gain":0.0,"event_name":"Match and Keep!","player_choice":"1 cards matched","floor":22.0,"gold_loss":0.0,"damage_taken":0.0,"cards_obtained":["Corruption"]},{"damage_healed":0.0,"max_hp_gain":0.0,"max_hp_loss":0.0,"gold_gain":0.0,"event_name":"MindBloom","player_choice":"Fight","floor":36.0,"gold_loss":0.0,"damage_taken":0.0},{"damage_healed":0.0,"max_hp_gain":0.0,"max_hp_loss":0.0,"gold_gain":50.0,"event_name":"Golden Shrine","player_choice":"Pray","floor":37.0,"gold_loss":0.0,"damage_taken":0.0},{"damage_healed":0,"gold_gain":0,"player_choice":"Memory 3","damage_taken":10,"max_hp_gain":0,"max_hp_loss":0,"event_name":"SensoryStone","floor":38,"gold_loss":0},{"damage_healed":0,"gold_gain":0,"player_choice":"Fight","damage_taken":0,"max_hp_gain":0,"max_hp_loss":0,"event_name":"Mysterious Sphere","floor":45,"gold_loss":0}],"is_beta":true,"boss_relics":[{"not_picked":["Lizard Tail","Orrery"],"picked":"Ectoplasm"},{"not_picked":["Empty Cage","Black Star"],"picked":"Astrolabe"}],"items_purged_floors":[13],"is_endless":false,"potions_floor_spawned":[1,4,16,20,31,33,41,45,48],"ascension_level":20}