{"gold_per_floor":[117,128,146,60,76,76,76,1,1,11,21,33,47,60,60,60],"floor_reached":16,"playtime":792,"items_purged":["Strike_R"],"score":148,"play_id":"8432e227-c28f-4cb5-a68e-63eda9e81b22","local_time":"20190728123402","is_ascension_mode":false,"campfire_choices":[{"data":"Bash","floor":6,"key":"SMITH"},{"floor":15,"key":"REST"}],"neow_cost":"PERCENT_DAMAGE","seed_source_timestamp":0,"circlet_count":0,"master_deck":["Strike_R","Strike_R","Defend_R","Defend_R","Defend_R","Bash+1","Deep Breath","Dropkick"],"special_seed":0,"relics":["Burning Blood","Matryoshka"],"potions_floor_usage":[11,16,16,16],"damage_taken":[{"damage":6,"enemies":"Cultist","floor":1,"turns":3},{"damage":6,"enemies":"Small Slimes","floor":2,"turns":4},{"damage":13,"enemies":"Jaw Worm","floor":3,"turns":3},{"damage":15,"enemies":"Looter","floor":5,"turns":3},{"damage":6,"enemies":"2 Fungi Beasts","floor":10,"turns":3},{"damage":9,"enemies":"Large Slime","floor":11,"turns":5},{"damage":8,"enemies":"Exordium Thugs","floor":12,"turns":4},{"damage":3,"enemies":"2 Fungi Beasts","floor":13,"turns":3},{"damage":10,"enemies":"3 Louse","floor":14,"turns":5},{"damage":61,"enemies":"Hexaghost","floor":16,"turns":9}],"seed_played":"7234733772814606803","potions_obtained":[{"floor":3,"key":"EssenceOfSteel"},{"floor":5,"key":"FearPotion"},{"floor":10,"key":"Strength Potion"},{"floor":11,"key":"Swift Potion"},{"floor":14,"key":"Energy Potion"}],"is_trial":false,"path_per_floor":["M","M","M","$","M","R","?","$","T","M","M","M","M","M","R","B"],"character_chosen":"IRONCLAD","items_purchased":["Deep Breath"],"campfire_rested":1,"item_purchase_floors":[4],"current_hp_per_floor":[56,56,49,49,40,40,40,40,40,40,37,35,38,34,58,0],"gold":60,"neow_bonus":"REMOVE_TWO","is_prod":false,"is_daily":false,"chose_seed":false,"campfire_upgraded":1,"win_rate":0,"timestamp":1564335242,"path_taken":["M","M","M","?","?","R","?","$","T","M","M","?","?","M","R","BOSS"],"build_version":"2019-07-17","purchased_purges":1,"victory":false,"max_hp_per_floor":[80,80,80,80,80,80,80,80,80,80,80,80,80,80,80,80],"card_choices":[{"not_picked":["Iron Wave","Warcry","Flex"],"picked":"SKIP","floor":1},{"not_picked":["Hemokinesis","True Grit","Pummel"],"picked":"SKIP","floor":2},{"not_picked":["Cleave","Body Slam","Blood for Blood"],"picked":"SKIP","floor":3},{"not_picked":["Warcry","Metallicize"],"picked":"Dropkick","floor":5},{"not_picked":["Wild Strike","Exhume","Clothesline"],"picked":"SKIP","floor":10},{"not_picked":["Headbutt","Pommel Strike","Body Slam"],"picked":"SKIP","floor":11},{"not_picked":["Havoc","Anger","Twin Strike"],"picked":"SKIP","floor":12},{"not_picked":["Sentinel","Anger","Feed"],"picked":"SKIP","floor":13},{"not_picked":["Clothesline","Fire Breathing","Shrug It Off"],"picked":"SKIP","floor":14}],"player_experience":921215,"relics_obtained":[{"floor":9,"key":"Matryoshka"}],"event_choices":[{"cards_removed":["Strike_R"],"damage_healed":0,"gold_gain":0,"player_choice":"Offered Basic","damage_taken":0,"max_hp_gain":0,"max_hp_loss":0,"event_name":"Bonfire Elementals","floor":7,"gold_loss":0}],"is_beta":false,"boss_relics":[],"items_purged_floors":[8],"is_endless":false,"potions_floor_spawned":[3,5,10,11,14],"killed_by":"Hexaghost","ascension_level":0}