{"gold_per_floor":[117,117,135,135,28,28,56,56,79,140,33,65,81,93,93,172,172,184,234,251,251,266,299,299,311,363,383,383,399,399,428,428,500,500,519,529,539,539,104,104,138,138,138,138,152,171,171,7,7,7],"floor_reached":50,"playtime":1392,"items_purged":["Defend_R"],"score":1160,"play_id":"99d82e03-b561-46af-87b6-beeb4e630aaa","local_time":"20190722231812","is_ascension_mode":true,"campfire_choices":[{"data":"Perfected Strike","floor":6.0,"key":"SMITH"},{"data":"Armaments","floor":8.0,"key":"SMITH"},{"data":"True Grit","floor":15.0,"key":"SMITH"},{"data":"Bash","floor":24.0,"key":"SMITH"},{"data":"Impervious","floor":28.0,"key":"SMITH"},{"data":"Wild Strike","floor":30.0,"key":"SMITH"},{"data":"Inflame","floor":32.0,"key":"SMITH"},{"data":"Impervious","floor":40.0,"key":"SMITH"},{"data":"Disarm","floor":42.0,"key":"SMITH"},{"data":"Defend_R","floor":44.0,"key":"SMITH"},{"data":"Defend_R","floor":47.0,"key":"SMITH"},{"data":"Strike_R","floor":49.0,"key":"SMITH"}],"neow_cost":"NONE","seed_source_timestamp":375683055739,"circlet_count":0,"master_deck":["AscendersBane","Strike_R","Strike_R","Strike_R+1","Strike_R","Strike_R","Defend_R+1","Defend_R+1","Bash+1","Perfected Strike+1","Wild Strike+1","Anger+1","Clothesline+1","Armaments+1","True Grit+1","Clash+1","Reaper+1","Pommel Strike+1","Twin Strike+1","Immolate+1","Shrug It Off+1","Battle Trance+1","Impervious+1","Immolate+1","Shockwave+1","Pommel Strike+1","Inflame+1","Reaper+1","Twin Strike+1","Iron Wave+1","Impervious+1","Disarm+1"],"special_seed":0,"relics":["Burning Blood","NeowsBlessing","Molten Egg 2","Self Forming Clay","Smiling Mask","Tiny Chest","Bag of Marbles","Sozu","Lantern","Blood Vial","Omamori","Coffee Dripper","Membership Card","Paper Frog","Blue Candle","Bird Faced Urn","Turnip"],"potions_floor_usage":[],"damage_taken":[{"damage":0.0,"enemies":"Jaw Worm","floor":1.0,"turns":1.0},{"damage":0.0,"enemies":"2 Louse","floor":3.0,"turns":1.0},{"damage":0.0,"enemies":"Gremlin Nob","floor":7.0,"turns":1.0},{"damage":31.0,"enemies":"3 Sentries","floor":10.0,"turns":8.0},{"damage":10.0,"enemies":"Lagavulin","floor":12.0,"turns":5.0},{"damage":0.0,"enemies":"Small Slimes","floor":13.0,"turns":1.0},{"damage":9.0,"enemies":"Red Slaver","floor":14.0,"turns":2.0},{"damage":31.0,"enemies":"The Guardian","floor":16.0,"turns":8.0},{"damage":0.0,"enemies":"Spheric Guardian","floor":18.0,"turns":3.0},{"damage":6.0,"enemies":"2 Thieves","floor":20.0,"turns":2.0},{"damage":13.0,"enemies":"Snake Plant","floor":22.0,"turns":4.0},{"damage":15.0,"enemies":"Book of Stabbing","floor":23.0,"turns":3.0},{"damage":16.0,"enemies":"Cultist and Chosen","floor":25.0,"turns":4.0},{"damage":0.0,"enemies":"Snecko","floor":27.0,"turns":2.0},{"damage":6.0,"enemies":"Sentry and Sphere","floor":29.0,"turns":4.0},{"damage":0.0,"enemies":"Gremlin Leader","floor":31.0,"turns":5.0},{"damage":73.0,"enemies":"Collector","floor":33.0,"turns":8.0},{"damage":0.0,"enemies":"3 Shapes","floor":35.0,"turns":1.0},{"damage":0.0,"enemies":"Orb Walker","floor":36.0,"turns":2.0},{"damage":15.0,"enemies":"Transient","floor":37.0,"turns":6.0},{"damage":29.0,"enemies":"Reptomancer","floor":41.0,"turns":5.0},{"damage":0.0,"enemies":"Writhing Mass","floor":45.0,"turns":4.0},{"damage":20.0,"enemies":"Jaw Worm Horde","floor":46.0,"turns":5.0},{"damage":86,"enemies":"Time Eater","floor":50,"turns":12}],"seed_played":"-7284852183919699159","potions_obtained":[{"floor":1.0,"key":"Poison Potion"},{"floor":10.0,"key":"Strength Potion"},{"floor":14.0,"key":"AttackPotion"}],"is_trial":false,"path_per_floor":["M","?","M","?","$","R","E","R","T","E","$","E","M","M","R","B",null,"M","?","M","?","M","E","R","M","T","M","R","M","R","E","R","B",null,"M","M","M","?","$","R","E","R","T","R","M","M","R","$","R","B"],"character_chosen":"IRONCLAD","items_purchased":["Anger+1","Clothesline+1","Clash+1","Membership Card","Impervious","Paper Frog","Turnip"],"campfire_rested":0,"item_purchase_floors":[5,5,11,39,39,39,48],"current_hp_per_floor":[74,67,73,47,47,47,53,53,53,28,28,24,30,34,34,9,59,65,65,70,70,67,58,58,48,48,63,63,65,65,75,75,8,58,66,75,66,66,66,66,53,53,53,53,67,71,71,71,71,0],"gold":7,"neow_bonus":"THREE_ENEMY_KILL","is_prod":false,"is_daily":false,"chose_seed":false,"campfire_upgraded":12,"win_rate":0,"timestamp":1563862692,"path_taken":["M","?","M","?","?","R","E","R","T","E","$","E","M","M","R","BOSS","M","?","M","?","?","E","R","M","T","M","R","M","R","E","R","BOSS","M","M","M","?","$","R","E","R","T","R","M","M","R","$","R","BOSS"],"build_version":"2019-07-18","purchased_purges":1,"victory":false,"max_hp_per_floor":[75,75,75,75,75,75,75,75,75,75,75,75,75,75,75,75,75,75,75,75,75,75,75,75,75,75,75,75,75,75,75,75,75,75,75,75,75,75,75,75,75,75,75,75,75,75,75,75,75,75],"card_choices":[{"not_picked":["Bloodletting","Blood for Blood"],"picked":"Perfected Strike","floor":1.0},{"not_picked":["Sentinel","Armaments"],"picked":"Wild Strike","floor":3.0},{"not_picked":["Anger+1","Feel No Pain"],"picked":"Armaments","floor":7.0},{"not_picked":["Havoc","Berserk"],"picked":"True Grit","floor":10.0},{"not_picked":["Hemokinesis+1","Havoc"],"picked":"Reaper+1","floor":12.0},{"not_picked":["True Grit","Headbutt+1"],"picked":"Pommel Strike+1","floor":13.0},{"not_picked":["Sword Boomerang+1","Clash+1"],"picked":"Twin Strike+1","floor":14.0},{"not_picked":["Impervious","Juggernaut"],"picked":"Immolate+1","floor":16.0},{"not_picked":["Anger+1","True Grit"],"picked":"Shrug It Off+1","floor":18.0},{"not_picked":["Armaments","Flex"],"picked":"Battle Trance+1","floor":20.0},{"not_picked":["Whirlwind+1","Warcry","Body Slam+1"],"picked":"SKIP","floor":22.0},{"not_picked":["Clash+1","Blood for Blood+1"],"picked":"Immolate+1","floor":23.0},{"not_picked":["Sword Boomerang+1","Warcry"],"picked":"Shockwave+1","floor":25.0},{"not_picked":["Sentinel","Burning Pact","Armaments"],"picked":"SKIP","floor":27.0},{"not_picked":["True Grit","Cleave+1"],"picked":"Pommel Strike+1","floor":29.0},{"not_picked":["Anger+1","Body Slam+1"],"picked":"Inflame","floor":31.0},{"not_picked":["Juggernaut","Exhume"],"picked":"Reaper+1","floor":33.0},{"not_picked":["Evolve","Clothesline+1"],"picked":"Twin Strike+1","floor":35.0},{"not_picked":["Intimidate","Second Wind"],"picked":"Iron Wave+1","floor":36.0},{"not_picked":["Warcry","Cleave+1","Fire Breathing"],"picked":"SKIP","floor":37.0},{"not_picked":["Twin Strike+1","Shrug It Off"],"picked":"Disarm","floor":41.0},{"not_picked":["Seeing Red+1","Warcry","Cleave+1"],"picked":"SKIP","floor":45.0},{"not_picked":["Combust+1","Thunderclap+1","Searing Blow+1"],"picked":"SKIP","floor":46.0}],"player_experience":1368659,"relics_obtained":[{"floor":7.0,"key":"Self Forming Clay"},{"floor":9.0,"key":"Smiling Mask"},{"floor":10.0,"key":"Tiny Chest"},{"floor":12.0,"key":"Bag of Marbles"},{"floor":23.0,"key":"Lantern"},{"floor":26.0,"key":"Blood Vial"},{"floor":31.0,"key":"Omamori"},{"floor":41.0,"key":"Blue Candle"},{"floor":43.0,"key":"Bird Faced Urn"}],"event_choices":[{"cards_removed":["Defend_R"],"damage_healed":0.0,"max_hp_gain":0.0,"max_hp_loss":0.0,"gold_gain":0.0,"event_name":"Golden Wing","player_choice":"Card Removal","floor":2.0,"gold_loss":0.0,"damage_taken":7.0},{"damage_healed":0.0,"max_hp_gain":0.0,"max_hp_loss":0.0,"gold_gain":0.0,"event_name":"Scrap Ooze","player_choice":"Success","floor":4.0,"gold_loss":0.0,"damage_taken":26.0,"relics_obtained":["Molten Egg 2"]},{"damage_healed":0.0,"max_hp_gain":0.0,"max_hp_loss":0.0,"gold_gain":50.0,"event_name":"Nest","player_choice":"Stole From Cult","floor":19.0,"gold_loss":0.0,"damage_taken":0.0},{"damage_healed":0.0,"max_hp_gain":0.0,"max_hp_loss":0.0,"gold_gain":0.0,"event_name":"Match and Keep!","player_choice":"1 cards matched","floor":21.0,"gold_loss":0.0,"damage_taken":0.0,"cards_obtained":["Impervious"]},{"damage_healed":0.0,"max_hp_gain":0.0,"max_hp_loss":0.0,"gold_gain":0.0,"event_name":"SensoryStone","player_choice":"Memory 1","floor":38.0,"gold_loss":0.0,"damage_taken":0.0}],"is_beta":true,"boss_relics":[{"not_picked":["Runic Cube","Runic Dome"],"picked":"Sozu"},{"not_picked":["White Beast Statue","Black Star"],"picked":"Coffee Dripper"}],"items_purged_floors":[11],"is_endless":false,"potions_floor_spawned":[1,10,14,20,23,27,31,33,36,37,45,46],"killed_by":"Time Eater","ascension_level":20}