{"gold_per_floor":[114,114,114,33,33,33,64,64,134,21,60,110,151,166,166,262,262,276,276,294,310,310,310,323,323,392,431,456,456,101,142,142,142],"floor_reached":33,"playtime":785,"items_purged":["Strike_R"],"score":698,"play_id":"579cdad4-cc74-42f2-8f47-bb15b7841624","local_time":"20190409193843","is_ascension_mode":true,"campfire_choices":[{"data":"Disarm","floor":6.0,"key":"SMITH"},{"data":"Shockwave","floor":8.0,"key":"SMITH"},{"data":"Ghostly Armor","floor":15.0,"key":"SMITH"},{"floor":23,"key":"REST"},{"floor":25,"key":"REST"},{"data":"Metallicize","floor":32,"key":"SMITH"}],"neow_cost":"NONE","seed_source_timestamp":10450412979647,"circlet_count":0,"master_deck":["AscendersBane","Strike_R","Strike_R+1","Strike_R","Defend_R","Defend_R","Defend_R","Defend_R","Bash+1","Shockwave+1","Disarm+1","Twin Strike","Hemokinesis+1","Twin Strike+1","Perfected Strike+1","Ghostly Armor+1","Rampage+1","Feed+1","Headbutt+1","Thunderclap+1","Whirlwind+1","Dual Wield","Iron Wave+1","True Grit+1","Ghostly+1","Ghostly+1","Ghostly+1","Flame Barrier+1","Metallicize+1","Battle Trance+1","Uppercut+1","Offering+1"],"special_seed":0,"relics":["Burning Blood","NeowsBlessing","Golden Idol","Dream Catcher","Molten Egg 2","Bag of Preparation","Lantern","Velvet Choker","Toxic Egg 2","Art of War","Dead Branch"],"potions_floor_usage":[20,24,27,31],"damage_taken":[{"damage":0.0,"enemies":"Cultist","floor":1.0,"turns":1.0},{"damage":0.0,"enemies":"Gremlin Nob","floor":7.0,"turns":1.0},{"damage":0.0,"enemies":"3 Sentries","floor":11.0,"turns":2.0},{"damage":26.0,"enemies":"Lagavulin","floor":13.0,"turns":4.0},{"damage":3.0,"enemies":"2 Louse","floor":14.0,"turns":2.0},{"damage":8.0,"enemies":"Hexaghost","floor":16.0,"turns":7.0},{"damage":1.0,"enemies":"3 Byrds","floor":18.0,"turns":5.0},{"damage":22,"enemies":"Spheric Guardian","floor":20,"turns":5},{"damage":25,"enemies":"3 Cultists","floor":21,"turns":5},{"damage":37,"enemies":"Cultist and Chosen","floor":24,"turns":8},{"damage":20,"enemies":"Book of Stabbing","floor":27,"turns":4},{"damage":10,"enemies":"Snecko","floor":28,"turns":3},{"damage":11,"enemies":"Slavers","floor":31,"turns":5},{"damage":50,"enemies":"Collector","floor":33,"turns":7}],"seed_played":"-5127219035462920978","potions_obtained":[{"floor":7.0,"key":"Dexterity Potion"},{"floor":13.0,"key":"Energy Potion"},{"floor":21,"key":"Block Potion"},{"floor":24,"key":"SteroidPotion"},{"floor":27,"key":"EssenceOfSteel"}],"is_trial":false,"path_per_floor":["M","?","?","$","?","R","E","R","T","$","E","?","E","M","R","B",null,"M","?","M","M","?","R","M","R","T","E","M","?","$","E","R","B"],"character_chosen":"IRONCLAD","items_purchased":["Disarm","Hemokinesis+1","Twin Strike+1","Flame Barrier+1","Metallicize","Battle Trance+1","Uppercut+1"],"campfire_rested":2,"item_purchase_floors":[4,10,10,30,30,30,30],"current_hp_per_floor":[74,68,61,61,41,41,47,47,47,47,53,53,33,36,36,34,60,69,69,57,42,42,66,39,64,64,50,46,42,42,41,41,0],"gold":142,"neow_bonus":"THREE_ENEMY_KILL","is_prod":false,"is_daily":false,"chose_seed":false,"campfire_upgraded":4,"win_rate":0,"timestamp":1554863923,"path_taken":["M","?","?","$","?","R","E","R","T","$","E","?","E","?","R","BOSS","M","?","M","M","?","R","M","R","T","E","?","?","$","E","R","BOSS"],"build_version":"2019-04-04","purchased_purges":1,"victory":false,"max_hp_per_floor":[75,68,68,68,68,68,68,68,68,68,68,68,68,68,68,68,68,72,72,76,80,80,80,84,84,84,84,84,42,42,46,46,46],"card_choices":[{"not_picked":["Headbutt","Warcry"],"picked":"Shockwave","floor":1.0},{"not_picked":["Pummel","Thunderclap"],"picked":"Twin Strike","floor":7.0},{"not_picked":["Pummel+1","Flex"],"picked":"Perfected Strike+1","floor":11.0},{"not_picked":["Anger+1","Exhume"],"picked":"Ghostly Armor","floor":13.0},{"not_picked":["Clash+1","Armaments"],"picked":"Rampage+1","floor":14.0},{"not_picked":["Double Tap","Exhume"],"picked":"Feed+1","floor":16.0},{"not_picked":["Sentinel","Rage"],"picked":"Headbutt+1","floor":18.0},{"not_picked":["Body Slam+1","Clash+1"],"picked":"Thunderclap+1","floor":20},{"not_picked":["Carnage+1","Anger+1"],"picked":"Whirlwind+1","floor":24},{"not_picked":["Entrench","Bloodletting"],"picked":"Dual Wield","floor":25},{"not_picked":["Flex+1","Second Wind+1"],"picked":"Iron Wave+1","floor":27},{"not_picked":["Flex+1","Corruption"],"picked":"True Grit+1","floor":28},{"not_picked":["Pummel+1","Dual Wield+1"],"picked":"Offering+1","floor":31}],"player_experience":1405628,"relics_obtained":[{"floor":7.0,"key":"Dream Catcher"},{"floor":9.0,"key":"Molten Egg 2"},{"floor":11.0,"key":"Bag of Preparation"},{"floor":13.0,"key":"Lantern"},{"floor":26,"key":"Toxic Egg 2"},{"floor":27,"key":"Art of War"},{"floor":31,"key":"Dead Branch"}],"event_choices":[{"damage_healed":0.0,"max_hp_gain":0.0,"max_hp_loss":7.0,"gold_gain":0.0,"event_name":"Golden Idol","player_choice":"Lose Max HP","floor":2.0,"gold_loss":0.0,"damage_taken":0.0,"relics_obtained":["Golden Idol"]},{"cards_removed":["Strike_R"],"damage_healed":0.0,"max_hp_gain":0.0,"max_hp_loss":0.0,"gold_gain":0.0,"event_name":"Golden Wing","player_choice":"Card Removal","floor":3.0,"gold_loss":0.0,"damage_taken":7.0},{"damage_healed":0.0,"max_hp_gain":0.0,"max_hp_loss":0.0,"gold_gain":0.0,"event_name":"Shining Light","player_choice":"Entered Light","floor":5.0,"gold_loss":0.0,"damage_taken":20.0,"cards_upgraded":["Bash","Strike_R"]},{"damage_healed":0.0,"max_hp_gain":0.0,"max_hp_loss":0.0,"gold_gain":50.0,"event_name":"Golden Shrine","player_choice":"Pray","floor":12.0,"gold_loss":0.0,"damage_taken":0.0},{"damage_healed":0,"gold_gain":0,"player_choice":"Ignored","damage_taken":0,"max_hp_gain":0,"max_hp_loss":0,"event_name":"The Mausoleum","floor":19,"gold_loss":0},{"damage_healed":0,"gold_gain":0,"player_choice":"Ignored","damage_taken":0,"max_hp_gain":0,"max_hp_loss":0,"event_name":"N\u0027loth","floor":22,"gold_loss":0},{"damage_healed":0,"gold_gain":0,"player_choice":"Became a Ghost","damage_taken":0,"max_hp_gain":0,"max_hp_loss":42,"event_name":"Ghosts","floor":29,"gold_loss":0,"cards_obtained":["Ghostly","Ghostly","Ghostly"]}],"is_beta":true,"boss_relics":[{"not_picked":["Black Star","Ectoplasm"],"picked":"Velvet Choker"}],"items_purged_floors":[30],"is_endless":false,"potions_floor_spawned":[7,13,14,16,21,24,27],"killed_by":"Collector","ascension_level":20}