{"gold_per_floor":[111,186,14,14,14,344,344,358,358,358,371,388,388,422,422,499,499,519,519,531,531,312,312,10,45,45,65,65],"floor_reached":28,"playtime":675,"items_purged":["Decay","Strike_B"],"score":538,"play_id":"81638bf0-ad24-4dff-9e8e-8c0c4ade8bf4","local_time":"20190327004411","is_ascension_mode":true,"campfire_choices":[{"data":"Chaos","floor":7,"key":"SMITH"},{"data":"Defragment","floor":10,"key":"SMITH"},{"data":"Zap","floor":15,"key":"SMITH"},{"data":"Buffer","floor":23,"key":"SMITH"}],"neow_cost":"NONE","seed_source_timestamp":8480429395245,"circlet_count":0,"master_deck":["AscendersBane","Strike_B","Strike_B","Defend_B","Defend_B","Defend_B","Defend_B","Zap+1","Dualcast","Gash","Defragment+1","Chaos+1","Core Surge","Melter","Coolheaded+1","Hologram+1","Buffer+1","Leap+1","Chaos+1","Undo+1","Conserve Battery+1","Sunder","Hologram+1","Fission+1"],"relics":["Cracked Core","NeowsBlessing","Old Coin","Toxic Egg 2","Darkstone Periapt","Velvet Choker","Membership Card","WingedGreaves","Mummified Hand"],"potions_floor_usage":[12,14,25,25],"damage_taken":[{"damage":0,"enemies":"2 Louse","floor":1,"turns":1},{"damage":0,"enemies":"3 Sentries","floor":6,"turns":1},{"damage":0,"enemies":"Small Slimes","floor":8,"turns":1},{"damage":5,"enemies":"Jaw Worm","floor":11,"turns":2},{"damage":7,"enemies":"Lots of Slimes","floor":12,"turns":3},{"damage":27,"enemies":"Gremlin Nob","floor":14,"turns":5},{"damage":6,"enemies":"The Guardian","floor":16,"turns":9},{"damage":15,"enemies":"Chosen","floor":18,"turns":5},{"damage":2,"enemies":"3 Byrds","floor":20,"turns":6},{"damage":35,"enemies":"Slavers","floor":25,"turns":7},{"damage":12,"enemies":"Sentry and Sphere","floor":27,"turns":4},{"damage":0,"enemies":"Centurion and Healer","floor":28,"turns":1}],"seed_played":"-4052417062904252040","potions_obtained":[{"floor":1,"key":"Energy Potion"},{"floor":6,"key":"Poison Potion"},{"floor":12,"key":"SpeedPotion"},{"floor":16,"key":"SpeedPotion"},{"floor":27,"key":"FearPotion"}],"is_trial":false,"path_per_floor":["M","?","$","?","?","E","R","M","T","R","M","M","?","E","R","B",null,"M","?","M","?","$","R","$","E","T","M","M"],"character_chosen":"DEFECT","items_purchased":["Defragment","Chaos","Conserve Battery+1","Sunder","Membership Card","Hologram+1"],"campfire_rested":0,"item_purchase_floors":[3,3,22,22,24,24],"current_hp_per_floor":[64,53,53,46,46,46,46,46,46,46,41,34,57,30,30,24,59,44,44,42,48,48,48,48,13,13,1,1],"gold":65,"neow_bonus":"THREE_ENEMY_KILL","is_prod":false,"is_daily":false,"chose_seed":false,"campfire_upgraded":4,"win_rate":0,"timestamp":1553672651,"path_taken":["M","?","$","?","?","E","R","M","T","R","M","M","?","E","R","BOSS","M","?","M","?","$","R","?","E","T","M","M"],"build_version":"2019-03-15","purchased_purges":2,"victory":false,"max_hp_per_floor":[71,71,71,71,71,71,71,71,71,71,71,71,71,71,71,71,71,71,71,71,77,77,77,77,77,77,77,77],"card_choices":[{"not_picked":["Redo","BootSequence"],"picked":"Gash","floor":1},{"not_picked":["Beam Cell","Coolheaded"],"picked":"Core Surge","floor":6},{"not_picked":["Beam Cell","Consume"],"picked":"Melter","floor":8},{"not_picked":["Genetic Algorithm+1","Sweeping Beam"],"picked":"Coolheaded+1","floor":11},{"not_picked":["Capacitor","Chill+1"],"picked":"Hologram+1","floor":12},{"not_picked":["Multi-Cast+1","Creative AI"],"picked":"Buffer","floor":16},{"not_picked":["Streamline+1","Beam Cell+1"],"picked":"Leap+1","floor":18},{"not_picked":["Darkness+1","Compile Driver"],"picked":"Undo+1","floor":20},{"not_picked":["Storm+1","Double Energy+1"],"picked":"Fission+1","floor":27}],"player_experience":1364334,"relics_obtained":[{"floor":6,"key":"Old Coin"},{"floor":9,"key":"Toxic Egg 2"},{"floor":14,"key":"Darkstone Periapt"},{"floor":25,"key":"WingedGreaves"},{"floor":26,"key":"Mummified Hand"}],"event_choices":[{"damage_healed":0,"gold_gain":75,"player_choice":"Gather Gold","damage_taken":11,"max_hp_gain":0,"max_hp_loss":0,"event_name":"World of Goop","floor":2,"gold_loss":0},{"cards_removed":["Strike_B"],"damage_healed":0,"gold_gain":0,"player_choice":"Card Removal","damage_taken":7,"max_hp_gain":0,"max_hp_loss":0,"event_name":"Golden Wing","floor":4,"gold_loss":0},{"damage_healed":0,"gold_gain":0,"player_choice":"Leave","damage_taken":0,"max_hp_gain":0,"max_hp_loss":0,"event_name":"The Cleric","floor":5,"gold_loss":0},{"damage_healed":23,"gold_gain":0,"player_choice":"Banana","damage_taken":0,"max_hp_gain":0,"max_hp_loss":0,"event_name":"Big Fish","floor":13,"gold_loss":0},{"damage_healed":0,"gold_gain":0,"player_choice":"Read","damage_taken":0,"max_hp_gain":0,"max_hp_loss":0,"event_name":"The Library","floor":19,"gold_loss":0,"cards_obtained":["Chaos"]},{"damage_healed":0,"gold_gain":0,"player_choice":"Smashed Altar","damage_taken":0,"max_hp_gain":0,"max_hp_loss":0,"event_name":"Forgotten Altar","floor":21,"gold_loss":0,"cards_obtained":["Decay"]}],"is_beta":true,"boss_relics":[{"not_picked":["Nuclear Battery","Busted Crown"],"picked":"Velvet Choker"}],"items_purged_floors":[22,24],"is_endless":false,"potions_floor_spawned":[1,6,11,12,16,27],"killed_by":"Centurion and Healer","ascension_level":20}