{"gold_per_floor":[116,131,145,145,157,157,168,201,201,201,7,7,37,47,47,125,125,138,138,157,173,12,12,45,45,126,46,62,62,82,101,101,101],"floor_reached":33,"playtime":1591,"items_purged":["Strike_B"],"score":558,"play_id":"78df8e45-49b8-4765-8492-cab3aa73ead0","local_time":"20190825174005","is_ascension_mode":true,"campfire_choices":[{"data":"Streamline","floor":6,"key":"SMITH"},{"floor":10,"key":"REST"},{"data":"Electrodynamics","floor":15,"key":"SMITH"},{"data":"Biased Cognition","floor":23,"key":"SMITH"},{"data":"Defragment","floor":29,"key":"SMITH"},{"data":"Defragment","floor":32,"key":"SMITH"}],"neow_cost":"NONE","seed_source_timestamp":450012061755400,"circlet_count":0,"master_deck":["AscendersBane","Strike_B","Strike_B","Strike_B","Defend_B","Defend_B","Zap+1","Dualcast","Reinforced Body","Coolheaded","Glacier","Streamline+1","Hologram","Blizzard","Cold Snap","Melter","Genetic Algorithm+1","Streamline","Electrodynamics+1","Hologram+1","Biased Cognition+1","Self Repair","Stack+1","Injury","Defragment+1","Defragment+1","Cold Snap+1"],"relics":["Cracked Core","Toxic Egg 2","Dream Catcher","Anchor","Cursed Key","Bag of Preparation","Matryoshka","Blood Vial","Question Card"],"potions_floor_usage":[8,16,18,21,30,33],"damage_taken":[{"damage":0,"enemies":"2 Louse","floor":1,"turns":2},{"damage":1,"enemies":"Small Slimes","floor":2,"turns":3},{"damage":0,"enemies":"Cultist","floor":3,"turns":3},{"damage":3,"enemies":"Large Slime","floor":5,"turns":6},{"damage":11,"enemies":"Exordium Thugs","floor":7,"turns":6},{"damage":6,"enemies":"Gremlin Nob","floor":8,"turns":4},{"damage":12,"enemies":"3 Sentries","floor":13,"turns":6},{"damage":0,"enemies":"Exordium Wildlife","floor":14,"turns":3},{"damage":35,"enemies":"Hexaghost","floor":16,"turns":13},{"damage":0,"enemies":"Chosen","floor":18,"turns":3},{"damage":10,"enemies":"Shell Parasite","floor":20,"turns":3},{"damage":0,"enemies":"Snake Plant","floor":21,"turns":4},{"damage":41,"enemies":"Gremlin Leader","floor":24,"turns":7},{"damage":3,"enemies":"Shelled Parasite and Fungi","floor":28,"turns":6},{"damage":0,"enemies":"3 Cultists","floor":30,"turns":3},{"damage":0,"enemies":"Sentry and Sphere","floor":31,"turns":3},{"damage":59,"enemies":"Collector","floor":33,"turns":6}],"seed_played":"4063885717938232260","potions_obtained":[{"floor":1,"key":"Block Potion"},{"floor":7,"key":"Dexterity Potion"},{"floor":14,"key":"Explosive Potion"},{"floor":16,"key":"SteroidPotion"},{"floor":19,"key":"Fire Potion"},{"floor":21,"key":"Fruit Juice"},{"floor":24,"key":"Swift Potion"},{"floor":31,"key":"Poison Potion"}],"is_trial":false,"path_per_floor":["M","M","M","?","M","R","M","E","T","R","$","?","E","M","R","B",null,"M","?","M","M","$","R","E","?","T","$","M","R","M","M","R","B"],"character_chosen":"DEFECT","items_purchased":["Melter","Genetic Algorithm+1","Bag of Preparation","Defragment"],"campfire_rested":1,"item_purchase_floors":[11,11,22,27],"current_hp_per_floor":[64,63,63,56,53,53,42,36,36,57,57,57,45,45,45,10,56,56,56,46,58,58,58,24,24,24,24,30,30,39,48,48,0],"gold":101,"neow_bonus":"UPGRADE_CARD","is_prod":false,"is_daily":false,"chose_seed":false,"campfire_upgraded":5,"win_rate":0,"timestamp":1566722405,"path_taken":["M","M","M","?","M","R","M","E","T","R","$","?","E","?","R","BOSS","M","?","M","?","$","R","E","?","T","?","?","R","M","M","R","BOSS"],"build_version":"2019-07-17","purchased_purges":1,"victory":false,"max_hp_per_floor":[71,71,71,71,71,71,71,71,71,71,71,71,71,71,71,71,71,71,71,71,76,76,76,76,76,76,76,76,76,76,76,76,76],"card_choices":[{"not_picked":["Stack","Beam Cell"],"picked":"Reinforced Body","floor":1},{"not_picked":["Streamline","Reinforced Body"],"picked":"Coolheaded","floor":2},{"not_picked":["Reinforced Body","Self Repair"],"picked":"Glacier","floor":3},{"not_picked":["Leap","Undo"],"picked":"Streamline","floor":5},{"not_picked":["Coolheaded","Heatsinks"],"picked":"Hologram","floor":7},{"not_picked":["Beam Cell","Storm"],"picked":"Blizzard","floor":8},{"not_picked":["Gash","Go for the Eyes"],"picked":"Cold Snap","floor":10},{"not_picked":["Chaos+1","Ball Lightning"],"picked":"Electrodynamics","floor":13},{"not_picked":["Barrage","Streamline"],"picked":"Hologram+1","floor":14},{"not_picked":["All For One","Thunder Strike"],"picked":"Biased Cognition","floor":16},{"not_picked":["Sunder","Leap+1","Heatsinks+1"],"picked":"SKIP","floor":18},{"not_picked":["Double Energy+1","Consume+1"],"picked":"Self Repair","floor":20},{"not_picked":["Steam+1","Gash","Genetic Algorithm+1"],"picked":"SKIP","floor":21},{"not_picked":["Steam+1","Streamline"],"picked":"Stack+1","floor":24},{"not_picked":["Turbo+1","Chill+1","Conserve Battery+1"],"picked":"Defragment","floor":28},{"not_picked":["Aggregate+1","Go for the Eyes","Conserve Battery+1","Electrodynamics"],"picked":"SKIP","floor":30},{"not_picked":["Turbo+1","Consume+1","Double Energy+1"],"picked":"Cold Snap+1","floor":31}],"player_experience":240779,"relics_obtained":[{"floor":8,"key":"Toxic Egg 2"},{"floor":9,"key":"Dream Catcher"},{"floor":13,"key":"Anchor"},{"floor":24,"key":"Matryoshka"},{"floor":26,"key":"Blood Vial"},{"floor":26,"key":"Question Card"}],"event_choices":[{"cards_removed":["Defend_B"],"damage_healed":0,"gold_gain":0,"player_choice":"Card Removal","damage_taken":7,"max_hp_gain":0,"max_hp_loss":0,"event_name":"Golden Wing","floor":4,"gold_loss":0},{"damage_healed":0,"gold_gain":0,"cards_transformed":["Defend_B"],"player_choice":"Transformed","damage_taken":0,"max_hp_gain":0,"max_hp_loss":0,"event_name":"Transmorgrifier","floor":12,"gold_loss":0,"cards_obtained":["Streamline"]},{"damage_healed":0,"gold_gain":0,"player_choice":"Got Potions","damage_taken":0,"max_hp_gain":0,"max_hp_loss":0,"event_name":"Lab","floor":19,"gold_loss":0}],"is_beta":false,"boss_relics":[{"not_picked":["Black Star","Empty Cage"],"picked":"Cursed Key"}],"items_purged_floors":[11],"is_endless":false,"potions_floor_spawned":[1,7,14,16,21,24,28,31],"killed_by":"Collector","ascension_level":20}