{"gold_per_floor":[119,131,2,22,22,22,49,49,73,108,108],"floor_reached":11,"playtime":240,"items_purged":[],"score":142,"play_id":"e4ded64b-aa84-46d1-94c7-1b1c0b6afd97","local_time":"20180810150758","is_ascension_mode":true,"campfire_choices":[{"data":"Static Discharge","floor":6,"key":"SMITH"},{"data":"Static Discharge","floor":8,"key":"SMITH"}],"neow_cost":"NONE","seed_source_timestamp":3376548410789,"circlet_count":0,"master_deck":["Strike_B","Strike_B","Strike_B","Strike_B","Defend_B","Defend_B+1","Defend_B","Defend_B","Zap","Dualcast+1","AscendersBane","Beam Cell","Barrage","Consume+1","Ball Lightning","Static Discharge+1","Static Discharge+1","Consume"],"special_seed":0,"relics":["Inserter","War Paint","Vajra","Turnip"],"potions_floor_usage":[7,11],"damage_taken":[{"damage":0.0,"enemies":"Small Slimes","floor":1.0,"turns":3.0},{"damage":1.0,"enemies":"Cultist","floor":2.0,"turns":3.0},{"damage":8.0,"enemies":"2 Louse","floor":4.0,"turns":4.0},{"damage":21,"enemies":"Gremlin Nob","floor":7,"turns":4},{"damage":30,"enemies":"Lagavulin","floor":10,"turns":5},{"damage":5,"enemies":"Lots of Slimes","floor":11,"turns":2}],"seed_played":"7880748589918830987","potions_obtained":[{"floor":2.0,"key":"FearPotion"},{"floor":4.0,"key":"Block Potion"},{"floor":10,"key":"Block Potion"}],"is_trial":false,"path_per_floor":["M","M","$","M","?","R","E","R","T","E"],"character_chosen":"DEFECT","items_purchased":["Consume","Ball Lightning"],"campfire_rested":0,"item_purchase_floors":[3,3],"current_hp_per_floor":[64,63,63,55,55,55,34,34,34,4,0],"gold":108,"neow_bonus":"BOSS_RELIC","is_prod":false,"is_daily":false,"chose_seed":false,"campfire_upgraded":2,"win_rate":0,"timestamp":1533938878,"path_taken":["M","M","$","M","?","R","E","R","T","E","?"],"build_version":"2018-08-08","purchased_purges":0,"victory":false,"max_hp_per_floor":[71,71,71,71,71,71,71,71,71,71,71],"card_choices":[{"not_picked":["Skim","Heatsinks"],"picked":"Beam Cell","floor":1.0},{"not_picked":["Skim","Aggregate"],"picked":"Barrage","floor":2.0},{"not_picked":["Turbo","Streamline"],"picked":"Static Discharge","floor":4.0},{"not_picked":["Storm","Redo"],"picked":"Static Discharge","floor":7},{"not_picked":["Doom and Gloom","Streamline"],"picked":"Consume","floor":10}],"player_experience":787978,"relics_obtained":[{"floor":7,"key":"War Paint"},{"floor":9,"key":"Vajra"},{"floor":10,"key":"Turnip"}],"event_choices":[{"event_name":"Accursed Blacksmith","player_choice":"Forge","floor":5.0,"damage_taken":0.0}],"is_beta":true,"boss_relics":[],"items_purged_floors":[],"is_endless":false,"potions_floor_spawned":[2,4,10],"killed_by":"Lots of Slimes","ascension_level":15}