{"gold_per_floor":[115,115,133,3,3,28,42,68,140,160,85,85,85,85,85,85],"floor_reached":16,"playtime":295,"items_purged":["Defend_R"],"score":266,"play_id":"4cc59e5c-82b7-42a6-99e8-0857888a324b","local_time":"20190203133654","is_ascension_mode":true,"campfire_choices":[{"data":"Pommel Strike","floor":13,"key":"SMITH"},{"data":"Bash","floor":15,"key":"SMITH"}],"neow_cost":"NONE","seed_source_timestamp":98811339130883,"circlet_count":0,"master_deck":["AscendersBane","Strike_R","Strike_R","Strike_R","Strike_R","Defend_R","Defend_R","Defend_R","Bash+1","Clash","Warcry","Clash","Pommel Strike+1","Disarm","Headbutt","True Grit+1"],"relics":["Burning Blood","NeowsBlessing","Nunchaku","Juzu Bracelet","Darkstone Periapt","Bottled Flame","Golden Idol"],"potions_floor_usage":[16,16,16,16],"damage_taken":[{"damage":0,"enemies":"Jaw Worm","floor":1,"turns":1},{"damage":0,"enemies":"2 Louse","floor":3,"turns":1},{"damage":0,"enemies":"Gremlin Nob","floor":6,"turns":1},{"damage":8,"enemies":"Small Slimes","floor":7,"turns":2},{"damage":21,"enemies":"Lagavulin","floor":8,"turns":6},{"damage":7,"enemies":"3 Louse","floor":10,"turns":3},{"damage":50,"enemies":"Hexaghost","floor":16,"turns":9}],"seed_played":"655663615470123535","potions_obtained":[{"floor":8,"key":"EntropicBrew"},{"floor":10,"key":"FearPotion"}],"is_trial":false,"path_per_floor":["M","?","M","$","?","E","M","E","T","M","?","?","R","?","R","B"],"character_chosen":"IRONCLAD","items_purchased":["Clash"],"campfire_rested":0,"item_purchase_floors":[4],"current_hp_per_floor":[74,56,62,62,62,68,66,51,51,50,50,50,50,50,50,0],"gold":85,"neow_bonus":"THREE_ENEMY_KILL","is_prod":false,"is_daily":false,"chose_seed":false,"campfire_upgraded":2,"win_rate":0,"timestamp":1549229814,"path_taken":["M","?","M","$","?","E","M","E","T","M","?","?","R","?","R","BOSS"],"build_version":"2019-01-23","purchased_purges":1,"victory":false,"max_hp_per_floor":[75,75,75,75,75,75,75,75,75,75,75,75,75,68,68,68],"card_choices":[{"not_picked":["Perfected Strike","Reckless Charge"],"picked":"Clash","floor":1},{"not_picked":["Reckless Charge","Fire Breathing"],"picked":"Warcry","floor":3},{"not_picked":["Wild Strike","Combust"],"picked":"Pommel Strike","floor":6},{"not_picked":["Thunderclap","Iron Wave"],"picked":"Disarm","floor":7},{"not_picked":["Brutality","Entrench"],"picked":"Headbutt","floor":8},{"not_picked":["Shrug It Off","Corruption"],"picked":"True Grit","floor":10}],"player_experience":1124229,"relics_obtained":[{"floor":6,"key":"Juzu Bracelet"},{"floor":8,"key":"Darkstone Periapt"},{"floor":9,"key":"Bottled Flame"}],"event_choices":[{"damage_healed":0,"gold_gain":0,"player_choice":"Success","damage_taken":18,"relics_obtained":["Nunchaku"],"max_hp_gain":0,"max_hp_loss":0,"event_name":"Scrap Ooze","floor":2,"gold_loss":0},{"damage_healed":0,"gold_gain":0,"player_choice":"Ignored","damage_taken":0,"max_hp_gain":0,"max_hp_loss":0,"event_name":"Liars Game","floor":5,"gold_loss":0},{"cards_removed":["Strike_R"],"damage_healed":0,"gold_gain":0,"player_choice":"Card Removal","damage_taken":0,"max_hp_gain":0,"max_hp_loss":0,"event_name":"The Cleric","floor":11,"gold_loss":75},{"damage_healed":0,"gold_gain":0,"player_choice":"Upgraded","damage_taken":0,"max_hp_gain":0,"max_hp_loss":0,"event_name":"Upgrade Shrine","floor":12,"gold_loss":0,"cards_upgraded":["True Grit"]},{"damage_healed":0,"gold_gain":0,"player_choice":"Lose Max HP","damage_taken":0,"relics_obtained":["Golden Idol"],"max_hp_gain":0,"max_hp_loss":7,"event_name":"Golden Idol","floor":14,"gold_loss":0}],"is_beta":true,"boss_relics":[],"items_purged_floors":[4],"is_endless":false,"potions_floor_spawned":[8,10],"killed_by":"Hexaghost","ascension_level":20}