{"gold_per_floor":[113,132,13,24,42,42,5,5,5,5,36,49,76,88,88,190,240,258,13,13,13,26,26,37,54,78,3,3,13,47,57,57,162,162,176,20,20,32,49,49,49,83,83,83,5,16,16,30,30,30],"floor_reached":50,"playtime":4357,"items_purged":[],"score":632,"play_id":"61fd5314-ac8a-4301-904f-9bdda160afc9","local_time":"20190223123217","is_ascension_mode":true,"campfire_choices":[{"data":"Neutralize","floor":6.0,"key":"SMITH"},{"data":"Prepared","floor":8.0,"key":"SMITH"},{"data":"Eviscerate","floor":10.0,"key":"SMITH"},{"data":"Noxious Fumes","floor":15.0,"key":"SMITH"},{"data":"Cloak And Dagger","floor":23,"key":"SMITH"},{"data":"Cloak And Dagger","floor":28,"key":"SMITH"},{"floor":32,"key":"REST"},{"data":"After Image","floor":40,"key":"SMITH"},{"floor":44,"key":"REST"},{"data":"Eviscerate","floor":49,"key":"SMITH"}],"neow_cost":"NONE","seed_source_timestamp":3048422583989,"circlet_count":0,"master_deck":["Defend_G+1","Defend_G","Defend_G","Defend_G","Defend_G","Strike_G","Strike_G","Survivor","Neutralize+1","Deflect","Predator","Dodge and Roll","Eviscerate+1","Prepared+1","Choke","Doppelganger","Acrobatics","Noxious Fumes+1","Cloak And Dagger+1","Corpse Explosion","Backflip","Cloak And Dagger+1","Noxious Fumes+1","Acrobatics","Grand Finale","Dodge and Roll","Eviscerate+1","Infinite Blades+1","Acrobatics","Backflip+1","Dash+1","Masterful Stab","After Image+1","Bullet Time","PiercingWail+1","Parasite","Dagger Throw","Master of Strategy","Forethought","Master of Strategy","Adrenaline","Outmaneuver","Acrobatics+1","Terror+1"],"special_seed":0,"relics":["Ring of the Snake","Dream Catcher","Incense Burner","Mercury Hourglass","Snake Skull","Tiny House","Nloth\u0027s Gift","Regal Pillow","Bag of Preparation","Philosopher\u0027s Stone","Centennial Puzzle","Singing Bowl","Mummified Hand","FaceOfCleric"],"potions_floor_usage":[25,30,39,42,42,42,42,42,50,50],"damage_taken":[{"damage":3.0,"enemies":"Cultist","floor":1.0,"turns":5.0},{"damage":0.0,"enemies":"2 Louse","floor":2.0,"turns":3.0},{"damage":0.0,"enemies":"Small Slimes","floor":4.0,"turns":3.0},{"damage":21.0,"enemies":"Exordium Thugs","floor":5.0,"turns":5.0},{"damage":6.0,"enemies":"3 Sentries","floor":11.0,"turns":8.0},{"damage":2.0,"enemies":"Large Slime","floor":12.0,"turns":4.0},{"damage":10.0,"enemies":"Lagavulin","floor":13.0,"turns":8.0},{"damage":0.0,"enemies":"2 Fungi Beasts","floor":14.0,"turns":4.0},{"damage":0.0,"enemies":"Slime Boss","floor":16.0,"turns":7.0},{"damage":21.0,"enemies":"2 Thieves","floor":18.0,"turns":4.0},{"damage":1,"enemies":"3 Byrds","floor":22,"turns":3},{"damage":10,"enemies":"Shelled Parasite and Fungi","floor":24,"turns":9},{"damage":0,"enemies":"Chosen and Byrds","floor":25,"turns":5},{"damage":11,"enemies":"Snake Plant","floor":29,"turns":5},{"damage":9,"enemies":"Gremlin Leader","floor":30,"turns":6},{"damage":5,"enemies":"Centurion and Healer","floor":31,"turns":5},{"damage":28,"enemies":"Automaton","floor":33,"turns":11},{"damage":0,"enemies":"3 Shapes","floor":35,"turns":3},{"damage":4,"enemies":"3 Darklings","floor":38,"turns":3},{"damage":6,"enemies":"Writhing Mass","floor":39,"turns":6},{"damage":19,"enemies":"Nemesis","floor":42,"turns":7},{"damage":0,"enemies":"Jaw Worm Horde","floor":46,"turns":3},{"damage":0,"enemies":"4 Shapes","floor":48,"turns":4},{"damage":77,"enemies":"Awakened One","floor":50,"turns":14}],"seed_played":"5410473726346582892","potions_obtained":[{"floor":4.0,"key":"PowerPotion"},{"floor":5.0,"key":"Weak Potion"},{"floor":12.0,"key":"FearPotion"},{"floor":14.0,"key":"Ancient Potion"},{"floor":16.0,"key":"SpeedPotion"},{"floor":25,"key":"GhostInAJar"},{"floor":33,"key":"Strength Potion"},{"floor":39,"key":"EntropicBrew"}],"is_trial":false,"path_per_floor":["M","M","$","M","M","R","$","R","T","R","E","M","E","M","R","B",null,"M","$","?","?","M","R","M","M","T","?","R","M","E","M","R","B",null,"M","$","?","M","M","R","?","E","T","R","$","M","?","M","R","B"],"character_chosen":"THE_SILENT","items_purchased":["GamblersBrew","Dodge and Roll","Choke","DollysMirror","Acrobatics","Centennial Puzzle","GamblersBrew"],"campfire_rested":2,"item_purchase_floors":[3,3,7,19,19,36,45],"current_hp_per_floor":[67,67,67,67,46,46,46,46,46,46,40,38,28,28,28,28,75,54,54,54,54,53,53,43,43,43,43,43,32,23,18,55,27,75,75,75,75,71,65,65,55,36,36,73,73,73,73,74,74,0],"gold":30,"neow_bonus":"RANDOM_COMMON_RELIC","is_prod":false,"is_daily":false,"chose_seed":false,"campfire_upgraded":8,"win_rate":0,"timestamp":1550953937,"path_taken":["M","M","?","M","M","R","$","R","T","R","E","M","E","M","R","BOSS","M","$","?","?","M","R","?","M","T","?","R","M","E","M","R","BOSS","M","$","?","M","M","R","?","E","T","R","?","M","?","M","R","BOSS"],"build_version":"2019-02-06","purchased_purges":0,"victory":false,"max_hp_per_floor":[70,70,70,70,70,70,70,70,70,70,70,70,70,70,70,70,75,75,75,75,75,75,75,75,75,75,75,75,75,75,75,75,75,75,75,75,75,75,75,75,75,75,75,75,75,75,75,76,76,76],"card_choices":[{"not_picked":["Underhanded Strike","Blade Dance"],"picked":"Deflect","floor":1.0},{"not_picked":["Outmaneuver","Slice"],"picked":"Predator","floor":2.0},{"not_picked":["Slice","Poisoned Stab"],"picked":"Eviscerate","floor":4.0},{"not_picked":["Sucker Punch","Riddle With Holes"],"picked":"Prepared","floor":5.0},{"not_picked":["Venomology","Endless Agony"],"picked":"Doppelganger","floor":11.0},{"not_picked":["PiercingWail","Dash"],"picked":"Acrobatics","floor":12.0},{"not_picked":["Deflect","Flechettes"],"picked":"Noxious Fumes","floor":13.0},{"not_picked":["Deflect","Distraction"],"picked":"Cloak And Dagger","floor":14.0},{"not_picked":["Unload","Envenom"],"picked":"Corpse Explosion","floor":16.0},{"not_picked":["Terror","Slice"],"picked":"Backflip","floor":17.0},{"not_picked":["Blade Dance","Deflect+1"],"picked":"Cloak And Dagger","floor":18.0},{"not_picked":["Prepared","Grand Finale"],"picked":"Dodge and Roll","floor":22},{"not_picked":["Poisoned Stab+1","Underhanded Strike"],"picked":"Eviscerate","floor":24},{"not_picked":["Tactician+1","Distraction"],"picked":"Infinite Blades+1","floor":25},{"not_picked":["Dodge and Roll+1","A Thousand Cuts"],"picked":"Acrobatics","floor":29},{"not_picked":["Predator","Deadly Poison"],"picked":"Backflip+1","floor":30},{"not_picked":["All Out Attack","Bouncing Flask"],"picked":"Dash+1","floor":31},{"not_picked":["Sucker Punch","Dagger Spray"],"picked":"Masterful Stab","floor":32},{"not_picked":["Malaise","Die Die Die"],"picked":"After Image","floor":33},{"not_picked":["Flechettes","Flying Knee+1"],"picked":"Bullet Time","floor":35},{"not_picked":["Choke","Dash"],"picked":"PiercingWail+1","floor":38},{"not_picked":["Slice+1","Grand Finale"],"picked":"Dagger Throw","floor":39},{"not_picked":["Chrysalis","Dark Shackles"],"picked":"Master of Strategy","floor":41},{"not_picked":["PanicButton","Secret Technique"],"picked":"Forethought","floor":41},{"not_picked":["Good Instincts","Secret Technique"],"picked":"Master of Strategy","floor":41},{"not_picked":["Bane+1","Outmaneuver"],"picked":"Adrenaline","floor":42},{"not_picked":["Heel Hook+1","Flying Knee"],"picked":"Outmaneuver","floor":44},{"not_picked":["Slice","Finisher+1"],"picked":"Acrobatics+1","floor":46},{"not_picked":["Dagger Throw","Outmaneuver"],"picked":"Terror+1","floor":48}],"player_experience":1204225,"relics_obtained":[{"floor":9.0,"key":"Incense Burner"},{"floor":11.0,"key":"Mercury Hourglass"},{"floor":13.0,"key":"Snake Skull"},{"floor":26,"key":"Regal Pillow"},{"floor":30,"key":"Bag of Preparation"},{"floor":42,"key":"Singing Bowl"},{"floor":43,"key":"Mummified Hand"}],"event_choices":[{"damage_healed":0.0,"max_hp_gain":0.0,"max_hp_loss":0.0,"gold_gain":0.0,"cards_transformed":["Strike_G","Strike_G"],"event_name":"Drug Dealer","player_choice":"Became Test Subject","floor":20.0,"gold_loss":0.0,"damage_taken":0.0,"cards_obtained":["Grand Finale","Quick Slash"]},{"damage_healed":0.0,"max_hp_gain":0.0,"max_hp_loss":0.0,"gold_gain":0.0,"event_name":"N\u0027loth","player_choice":"Traded Relic","floor":21.0,"relics_lost":["DollysMirror"],"gold_loss":0.0,"damage_taken":0.0,"relics_obtained":["Nloth\u0027s Gift"]},{"cards_removed":["Strike_G"],"damage_healed":0,"gold_gain":0,"player_choice":"Gave Gold","damage_taken":0,"max_hp_gain":0,"max_hp_loss":0,"event_name":"Beggar","floor":27,"gold_loss":75},{"cards_removed":["Quick Slash"],"damage_healed":0,"gold_gain":0,"player_choice":"Removed Attack","damage_taken":0,"max_hp_gain":0,"max_hp_loss":0,"event_name":"Falling","floor":37,"gold_loss":0},{"damage_healed":0,"gold_gain":0,"player_choice":"Memory 3","damage_taken":10,"max_hp_gain":0,"max_hp_loss":0,"event_name":"SensoryStone","floor":41,"gold_loss":0},{"damage_healed":0,"gold_gain":0,"player_choice":"Trade","damage_taken":0,"relics_obtained":["FaceOfCleric"],"max_hp_gain":0,"max_hp_loss":0,"event_name":"FaceTrader","floor":47,"gold_loss":0}],"is_beta":true,"boss_relics":[{"not_picked":["Runic Dome","Empty Cage"],"picked":"Tiny House"},{"not_picked":["Cursed Key","White Beast Statue"],"picked":"Philosopher\u0027s Stone"}],"items_purged_floors":[],"is_endless":false,"potions_floor_spawned":[4,5,12,14,16,18,22,25,33,35,38,39],"killed_by":"Awakened One","ascension_level":1}