{"gold_per_floor":[118,393,194,204,129,129,279,279,279,70,88,107,107,137,137,214,214,224,224,271,371,371,371,198,232,258,292,292,55,80,99,99,178,178,194,194,213,227,227,256,256,281,281,281,183,129,143,172,172,172,172,172,172,46,81,81],"floor_reached":57,"playtime":4388,"items_purged":["Regret","Doubt"],"score":3155,"play_id":"f15812a0-ac66-4a9a-9015-43c8003b3e76","local_time":"20190323231429","is_ascension_mode":true,"campfire_choices":[{"data":"Neutralize","floor":6.0,"key":"SMITH"},{"data":"Skewer","floor":8.0,"key":"SMITH"},{"data":"Predator","floor":13.0,"key":"SMITH"},{"data":"Well Laid Plans","floor":15.0,"key":"SMITH"},{"floor":23.0,"key":"REST"},{"data":"Footwork","floor":28.0,"key":"SMITH"},{"data":"Malaise","floor":32.0,"key":"SMITH"},{"floor":41.0,"key":"RECALL"},{"data":"PiercingWail","floor":44,"key":"SMITH"},{"data":"Leg Sweep","floor":49,"key":"SMITH"},{"data":"Leg Sweep","floor":53,"key":"SMITH"}],"neow_cost":"NONE","seed_source_timestamp":38390756337499,"circlet_count":0,"master_deck":["AscendersBane","Defend_G+1","Defend_G+1","Defend_G+1","Defend_G+1","Defend_G+1","Strike_G+1","Strike_G+1","Strike_G+1","Strike_G+1","Survivor","Neutralize+1","Skewer+1","Predator+1","Well Laid Plans+1","Crippling Poison","Deadly Poison","Deflect","PiercingWail+1","Terror","Bullet Time","Leg Sweep+1","Footwork+1","Enlightenment","Leg Sweep+1","Malaise+1","Malaise+1","Crippling Poison+1","Night Terror+1","Footwork+1","Night Terror+1","Blur+1","Acrobatics+1","Outmaneuver+1","Discovery+1","Acrobatics+1","Dash","Outmaneuver+1","Crippling Poison+1","Caltrops","Outmaneuver+1"],"special_seed":0,"relics":["Philosopher\u0027s Stone","Regal Pillow","Pantograph","Snecko Eye","Blood Vial","Thread and Needle","Paper Crane","Ice Cream","Strawberry","Juzu Bracelet","Toxic Egg 2","Black Star","Snake Skull","Art of War","Sundial","Bag of Marbles","Bronze Scales","Mango","Tough Bandages","Du-Vu Doll"],"potions_floor_usage":[48,51],"damage_taken":[{"damage":0.0,"enemies":"2 Louse","floor":1.0,"turns":3.0},{"damage":0.0,"enemies":"Cultist","floor":4.0,"turns":3.0},{"damage":5.0,"enemies":"Small Slimes","floor":11.0,"turns":3.0},{"damage":1.0,"enemies":"3 Louse","floor":12.0,"turns":4.0},{"damage":12.0,"enemies":"3 Sentries","floor":14.0,"turns":6.0},{"damage":32.0,"enemies":"Hexaghost","floor":16.0,"turns":9.0},{"damage":11.0,"enemies":"3 Byrds","floor":18.0,"turns":5.0},{"damage":9.0,"enemies":"Colosseum Slavers","floor":21.0,"turns":3.0},{"damage":8.0,"enemies":"Colosseum Nobs","floor":21.0,"turns":4.0},{"damage":2.0,"enemies":"Book of Stabbing","floor":25.0,"turns":6.0},{"damage":5.0,"enemies":"Slavers","floor":27.0,"turns":7.0},{"damage":0.0,"enemies":"Book of Stabbing","floor":30.0,"turns":7.0},{"damage":0.0,"enemies":"Shell Parasite","floor":31.0,"turns":5.0},{"damage":0.0,"enemies":"Automaton","floor":33.0,"turns":10.0},{"damage":5.0,"enemies":"Orb Walker","floor":35.0,"turns":5.0},{"damage":0.0,"enemies":"3 Darklings","floor":37.0,"turns":7.0},{"damage":0.0,"enemies":"Maw","floor":38.0,"turns":11.0},{"damage":0.0,"enemies":"Giant Head","floor":40.0,"turns":13.0},{"damage":0.0,"enemies":"Nemesis","floor":42.0,"turns":9.0},{"damage":0,"enemies":"Transient","floor":47,"turns":6},{"damage":2,"enemies":"Reptomancer","floor":48,"turns":10},{"damage":10,"enemies":"Awakened One","floor":50,"turns":22},{"damage":0,"enemies":"Donu and Deca","floor":51,"turns":10},{"damage":43,"enemies":"Shield and Spear","floor":55,"turns":11},{"damage":55,"enemies":"The Heart","floor":56,"turns":15}],"seed_played":"1280630576475209975","potions_obtained":[{"floor":1.0,"key":"Weak Potion"},{"floor":4.0,"key":"FearPotion"},{"floor":16.0,"key":"LiquidBronze"},{"floor":18.0,"key":"Dexterity Potion"},{"floor":31.0,"key":"Energy Potion"},{"floor":33.0,"key":"Dexterity Potion"},{"floor":38.0,"key":"FearPotion"},{"floor":42.0,"key":"GhostInAJar"}],"is_trial":false,"path_per_floor":["M","?","$","M","?","R","?","R","T","$","M","M","R","E","R","B",null,"M","?","T","?","?","R","$","E","T","E","R","$","E","M","R","B",null,"M","?","M","M","?","E","R","E","T","R","$","$","M","E","R","B","B",null,"R","$","E","B",null],"character_chosen":"THE_SILENT","items_purchased":["Predator","Well Laid Plans","Deadly Poison","Deflect","Footwork","Enlightenment","Leg Sweep","Malaise","Discovery+1","Acrobatics+1","Crippling Poison+1","Caltrops"],"campfire_rested":1,"item_purchase_floors":[3,3,10,10,24,24,29,29,45,46,54,54],"current_hp_per_floor":[59,59,59,59,59,59,59,59,59,59,54,53,53,41,41,34,58,47,47,47,34,34,66,66,64,71,68,68,68,70,72,72,73,73,68,68,70,72,73,73,73,73,73,73,73,73,73,85,85,77,87,87,87,87,44,16],"gold":81,"neow_bonus":"BOSS_RELIC","is_prod":false,"is_daily":false,"chose_seed":false,"campfire_upgraded":9,"win_rate":0,"timestamp":1553408069,"path_taken":["M","?","?","M","?","R","?","R","T","$","M","M","R","E","R","BOSS","M","?","?","?","?","R","$","E","T","E","R","$","E","M","R","BOSS","M","?","M","M","?","E","R","E","T","R","?","$","M","E","R","BOSS","BOSS","R","$","E","BOSS"],"build_version":"2019-03-15","purchased_purges":2,"victory":true,"max_hp_per_floor":[66,66,66,66,66,66,66,66,66,66,66,66,66,66,66,66,66,66,66,66,66,66,66,66,66,73,73,73,73,73,73,73,73,73,73,73,73,73,73,73,73,73,73,73,73,73,73,87,87,87,87,87,87,87,87,87],"card_choices":[{"not_picked":["Finisher","Outmaneuver"],"picked":"Skewer","floor":1.0},{"not_picked":["Accuracy","Flechettes"],"picked":"Crippling Poison","floor":4.0},{"not_picked":["Flying Knee","Sucker Punch"],"picked":"PiercingWail","floor":11.0},{"not_picked":["Concentrate","Phantasmal Killer"],"picked":"Terror","floor":12.0},{"not_picked":["Storm of Steel","Venomology"],"picked":"Bullet Time","floor":16.0},{"not_picked":["Expertise","Dagger Spray"],"picked":"Eviscerate","floor":25.0},{"not_picked":["Quick Slash","Underhanded Strike"],"picked":"Malaise","floor":30.0},{"not_picked":["Dagger Throw","All Out Attack"],"picked":"Crippling Poison+1","floor":31.0},{"not_picked":["Glass Knife","Phantasmal Killer+1"],"picked":"Night Terror+1","floor":33.0},{"not_picked":["Concentrate+1","Outmaneuver+1"],"picked":"Footwork+1","floor":35.0},{"not_picked":["Cloak And Dagger+1","Slice"],"picked":"Blur+1","floor":37.0},{"not_picked":["Poisoned Stab","Slice"],"picked":"Acrobatics+1","floor":38.0},{"not_picked":["Flechettes+1","Die Die Die","All Out Attack"],"picked":"SKIP","floor":40.0},{"not_picked":["Terror+1","Concentrate+1"],"picked":"Outmaneuver+1","floor":42.0},{"not_picked":["Predator","Underhanded Strike+1"],"picked":"Dash","floor":47},{"not_picked":["Blade Dance+1","Cloak And Dagger+1"],"picked":"Outmaneuver+1","floor":48},{"not_picked":["Bane+1","Catalyst+1"],"picked":"Outmaneuver+1","floor":55}],"player_experience":1354199,"relics_obtained":[{"floor":9.0,"key":"Regal Pillow"},{"floor":14.0,"key":"Pantograph"},{"floor":20.0,"key":"Blood Vial"},{"floor":21.0,"key":"Thread and Needle"},{"floor":21.0,"key":"Paper Crane"},{"floor":25.0,"key":"Ice Cream"},{"floor":26.0,"key":"Strawberry"},{"floor":27.0,"key":"Juzu Bracelet"},{"floor":30.0,"key":"Toxic Egg 2"},{"floor":40.0,"key":"Snake Skull"},{"floor":40.0,"key":"Art of War"},{"floor":42.0,"key":"Sundial"},{"floor":42.0,"key":"Bag of Marbles"},{"floor":48,"key":"Bronze Scales"},{"floor":48,"key":"Mango"},{"floor":55,"key":"Tough Bandages"},{"floor":55,"key":"Du-Vu Doll"}],"event_choices":[{"damage_healed":0.0,"max_hp_gain":0.0,"max_hp_loss":0.0,"gold_gain":275.0,"event_name":"Golden Shrine","player_choice":"Desecrate","floor":2.0,"gold_loss":0.0,"damage_taken":0.0,"cards_obtained":["Regret"]},{"cards_removed":["Strike_G"],"damage_healed":0.0,"max_hp_gain":0.0,"max_hp_loss":0.0,"gold_gain":0.0,"event_name":"The Cleric","player_choice":"Card Removal","floor":5.0,"gold_loss":75.0,"damage_taken":0.0},{"damage_healed":0.0,"max_hp_gain":0.0,"max_hp_loss":0.0,"gold_gain":150.0,"event_name":"Liars Game","player_choice":"AGREE","floor":7.0,"gold_loss":0.0,"damage_taken":0.0,"cards_obtained":["Doubt"]},{"damage_healed":0.0,"max_hp_gain":0.0,"max_hp_loss":0.0,"gold_gain":0.0,"event_name":"Back to Basics","player_choice":"Simplicity","floor":19.0,"gold_loss":0.0,"damage_taken":0.0,"cards_upgraded":["Defend_G","Defend_G","Defend_G","Defend_G","Defend_G","Strike_G","Strike_G","Strike_G","Strike_G"]},{"damage_healed":0.0,"max_hp_gain":0.0,"max_hp_loss":0.0,"gold_gain":0.0,"event_name":"Colosseum","player_choice":"Fight","floor":21.0,"gold_loss":0.0,"damage_taken":0.0},{"damage_healed":0.0,"max_hp_gain":0.0,"max_hp_loss":0.0,"gold_gain":0.0,"event_name":"Colosseum","player_choice":"Fought Nobs","floor":21.0,"gold_loss":0.0,"damage_taken":0.0},{"damage_healed":0.0,"max_hp_gain":0.0,"max_hp_loss":0.0,"gold_gain":0.0,"event_name":"The Library","player_choice":"Read","floor":22.0,"gold_loss":0.0,"damage_taken":0.0,"cards_obtained":["Leg Sweep"]},{"damage_healed":0.0,"max_hp_gain":0.0,"max_hp_loss":0.0,"gold_gain":0.0,"event_name":"Duplicator","player_choice":"Copied","floor":36.0,"gold_loss":0.0,"damage_taken":0.0,"cards_obtained":["Night Terror"]},{"cards_removed":["Eviscerate"],"damage_healed":1.0,"max_hp_gain":0.0,"max_hp_loss":0.0,"gold_gain":0.0,"event_name":"Bonfire Elementals","player_choice":"Offered Uncommon","floor":39.0,"gold_loss":0.0,"damage_taken":0.0}],"is_beta":true,"boss_relics":[{"not_picked":["Eternal Feather","White Beast Statue"],"picked":"Snecko Eye"},{"not_picked":["Fusion Hammer","Coffee Dripper"],"picked":"Black Star"}],"items_purged_floors":[3,10],"is_endless":false,"potions_floor_spawned":[1,4,16,18,21,31,33,38,42,47],"ascension_level":20}