{"gold_per_floor":[116,116,135,135,151,184,44,69,69,89,89,122,140,10,10,82,82,97,113,113,129,147,147,176,196,196,210,2,60,71,118,118,196,196,213,226,43,58,74,74,94,123,123,123,158,158,168,200,200,200,200,200,200,35,66,66],"floor_reached":56,"playtime":3858,"items_purged":["Defend_R","Strike_R","Rupture","Inflame"],"score":2448,"play_id":"5ddcf46d-6f9e-418d-a964-b58b087533b3","local_time":"20190718185106","is_ascension_mode":true,"campfire_choices":[{"floor":11.0,"key":"REST"},{"floor":15.0,"key":"REST"},{"floor":23.0,"key":"REST"},{"floor":32.0,"key":"REST"},{"floor":40.0,"key":"REST"},{"floor":44.0,"key":"RECALL"},{"floor":46.0,"key":"REST"},{"floor":49.0,"key":"REST"},{"floor":53.0,"key":"REST"}],"neow_cost":"NONE","seed_source_timestamp":439687233724,"circlet_count":0,"master_deck":["AscendersBane","Bash","Clash","Armaments","Clothesline","Havoc","Shrug It Off","Fire Breathing","Berserk","Evolve","Second Wind","Demon Form","Shrug It Off","Impervious","True Grit+1","Dark Embrace","Corruption","Armaments","Second Wind","Havoc","Mayhem","Entrench","Intimidate","Juggernaut","Limit Break","Uppercut","Infernal Blade","Demon Form","Dropkick","Rage+1","Metallicize+1","Warcry","Corruption","Metallicize","Warcry+1","Flame Barrier","True Grit","Seeing Red+1","Shrug It Off","Shrug It Off","Fire Breathing"],"special_seed":0,"relics":["Fusion Hammer","Dead Branch","The Courier","Dream Catcher","Smiling Mask","Odd Mushroom","Art of War","Philosopher\u0027s Stone","Meat on the Bone","Tiny Chest","Pen Nib","Pandora\u0027s Box","Happy Flower","Anchor","Blue Candle","Mango","Bag of Marbles","Gambling Chip"],"potions_floor_usage":[],"damage_taken":[{"damage":3.0,"enemies":"2 Louse","floor":1.0,"turns":2.0},{"damage":2.0,"enemies":"Jaw Worm","floor":3.0,"turns":2.0},{"damage":1.0,"enemies":"Small Slimes","floor":5.0,"turns":3.0},{"damage":0.0,"enemies":"Gremlin Nob","floor":6.0,"turns":3.0},{"damage":5.0,"enemies":"3 Sentries","floor":8.0,"turns":4.0},{"damage":18.0,"enemies":"The Mushroom Lair","floor":10.0,"turns":4.0},{"damage":22.0,"enemies":"Gremlin Nob","floor":12.0,"turns":4.0},{"damage":10.0,"enemies":"Blue Slaver","floor":13.0,"turns":2.0},{"damage":5.0,"enemies":"Hexaghost","floor":16.0,"turns":7.0},{"damage":10.0,"enemies":"Shell Parasite","floor":18.0,"turns":3.0},{"damage":6.0,"enemies":"3 Byrds","floor":19.0,"turns":4.0},{"damage":6.0,"enemies":"Snake Plant","floor":21.0,"turns":4.0},{"damage":7.0,"enemies":"Centurion and Healer","floor":22.0,"turns":5.0},{"damage":28.0,"enemies":"Book of Stabbing","floor":24.0,"turns":4.0},{"damage":0.0,"enemies":"Snecko","floor":25.0,"turns":4.0},{"damage":0.0,"enemies":"Snake Plant","floor":27.0,"turns":3.0},{"damage":33.0,"enemies":"Slavers","floor":29.0,"turns":5.0},{"damage":5.0,"enemies":"Centurion and Healer","floor":30.0,"turns":3.0},{"damage":12.0,"enemies":"Automaton","floor":33.0,"turns":5.0},{"damage":14.0,"enemies":"3 Shapes","floor":35.0,"turns":4.0},{"damage":6.0,"enemies":"3 Darklings","floor":36.0,"turns":2.0},{"damage":7.0,"enemies":"Spire Growth","floor":38.0,"turns":4.0},{"damage":0.0,"enemies":"Sphere and 2 Shapes","floor":39.0,"turns":3.0},{"damage":11.0,"enemies":"Jaw Worm Horde","floor":41.0,"turns":6.0},{"damage":3.0,"enemies":"Giant Head","floor":42.0,"turns":3.0},{"damage":12.0,"enemies":"Reptomancer","floor":45.0,"turns":2.0},{"damage":11.0,"enemies":"Transient","floor":47.0,"turns":6.0},{"damage":9.0,"enemies":"Giant Head","floor":48.0,"turns":5.0},{"damage":13.0,"enemies":"Donu and Deca","floor":50.0,"turns":5.0},{"damage":13.0,"enemies":"Awakened One","floor":51.0,"turns":4.0},{"damage":84.0,"enemies":"Shield and Spear","floor":55.0,"turns":6.0},{"damage":18,"enemies":"The Heart","floor":56,"turns":5}],"seed_played":"-8365487095394059514","potions_obtained":[{"floor":1.0,"key":"Explosive Potion"},{"floor":10.0,"key":"SkillPotion"},{"floor":16.0,"key":"AttackPotion"},{"floor":19.0,"key":"Ancient Potion"},{"floor":22.0,"key":"SteroidPotion"},{"floor":27.0,"key":"Energy Potion"},{"floor":30.0,"key":"SteroidPotion"},{"floor":35.0,"key":"Energy Potion"},{"floor":38.0,"key":"Fire Potion"},{"floor":48.0,"key":"Block Potion"}],"is_trial":false,"path_per_floor":["M","?","M","T","M","E","$","E","T","?","R","E","M","$","R","B",null,"M","M","?","M","M","R","E","M","T","M","$","E","M","T","R","B",null,"M","M","$","M","M","R","M","E","T","R","E","R","M","E","R","B","B",null,"R","$","E","B"],"character_chosen":"IRONCLAD","items_purchased":["Shrug It Off","Fire Breathing","Demon Form","Mayhem","Happy Flower","Shrug It Off","Fire Breathing"],"campfire_rested":8,"item_purchase_floors":[7,7,14,28,37,54,54],"current_hp_per_floor":[65,58,56,56,55,55,55,50,50,32,54,32,22,22,44,39,66,56,50,50,44,37,59,31,43,43,43,43,22,29,29,51,39,66,52,46,46,39,39,61,50,47,47,47,61,87,76,67,89,76,63,83,89,89,17,0],"gold":66,"neow_bonus":"BOSS_RELIC","is_prod":false,"is_daily":false,"chose_seed":false,"campfire_upgraded":0,"win_rate":0,"timestamp":1563501066,"path_taken":["M","?","M","?","M","E","$","E","T","?","R","E","M","?","R","BOSS","M","M","?","M","M","R","E","M","T","M","$","E","M","?","R","BOSS","M","M","$","M","?","R","M","E","T","R","E","R","M","E","R","BOSS","BOSS","R","$","E","BOSS"],"build_version":"2019-07-10","purchased_purges":4,"victory":false,"max_hp_per_floor":[75,75,75,75,75,75,75,75,75,75,75,75,75,75,75,75,75,75,75,75,75,75,75,75,75,75,75,75,75,75,75,75,75,75,75,75,75,75,75,75,75,75,75,75,89,89,89,89,89,89,89,89,89,89,89,89],"card_choices":[{"not_picked":["Second Wind","Wild Strike"],"picked":"Clash","floor":1.0},{"not_picked":["Rampage","Flex"],"picked":"Armaments","floor":3.0},{"not_picked":["Wild Strike","Flex"],"picked":"Clothesline","floor":5.0},{"not_picked":["Anger","Reckless Charge"],"picked":"Havoc","floor":6.0},{"not_picked":["Rupture","Perfected Strike"],"picked":"Berserk","floor":10.0},{"not_picked":["Twin Strike","Hemokinesis"],"picked":"Evolve","floor":11.0},{"not_picked":["Rampage","Clothesline"],"picked":"Inflame","floor":12.0},{"not_picked":["Havoc","Warcry"],"picked":"Second Wind","floor":13.0},{"not_picked":["Bloodletting","Iron Wave"],"picked":"Shrug It Off","floor":15.0},{"not_picked":["Limit Break","Reaper"],"picked":"Impervious","floor":16.0},{"not_picked":["Warcry","Clothesline"],"picked":"True Grit+1","floor":18.0},{"not_picked":["Iron Wave","Headbutt"],"picked":"Dark Embrace","floor":19.0},{"not_picked":["Sever Soul","Carnage","Thunderclap"],"picked":"SKIP","floor":21.0},{"not_picked":["Hemokinesis","True Grit"],"picked":"Armaments","floor":22.0},{"not_picked":["Iron Wave","Combust+1"],"picked":"Second Wind","floor":23.0},{"not_picked":["Iron Wave+1","Rampage","Heavy Blade"],"picked":"SKIP","floor":24.0},{"not_picked":["Cleave","Reckless Charge"],"picked":"Havoc","floor":25.0},{"not_picked":["Headbutt","Metallicize","Dropkick"],"picked":"SKIP","floor":27.0},{"not_picked":["Thunderclap+1","Blood for Blood"],"picked":"Entrench","floor":29.0},{"not_picked":["Sword Boomerang","Headbutt","Warcry"],"picked":"SKIP","floor":30.0},{"not_picked":["Burning Pact","Clash"],"picked":"Intimidate","floor":32.0},{"not_picked":["Immolate","Bludgeon"],"picked":"Juggernaut","floor":33.0},{"not_picked":["Body Slam","Uppercut"],"picked":"Rage+1","floor":35.0},{"not_picked":["Perfected Strike","Wild Strike"],"picked":"Metallicize+1","floor":36.0},{"not_picked":["Perfected Strike","Iron Wave+1"],"picked":"Warcry","floor":38.0},{"not_picked":["Pommel Strike+1","Anger+1"],"picked":"Corruption","floor":39.0},{"not_picked":["Spot Weakness+1","Anger"],"picked":"Metallicize","floor":40.0},{"not_picked":["Intimidate","Twin Strike"],"picked":"Warcry+1","floor":41.0},{"not_picked":["Inflame","Sword Boomerang"],"picked":"Flame Barrier","floor":42.0},{"not_picked":["Reckless Charge","Hemokinesis"],"picked":"True Grit","floor":45.0},{"not_picked":["Body Slam","Searing Blow+1","Armaments"],"picked":"SKIP","floor":47.0},{"not_picked":["Infernal Blade+1","Flex"],"picked":"Seeing Red+1","floor":49.0},{"not_picked":["Dark Embrace","Evolve"],"picked":"Shrug It Off","floor":53.0},{"not_picked":["Flex","Sword Boomerang","Clothesline+1"],"picked":"SKIP","floor":55.0}],"player_experience":1371844,"relics_obtained":[{"floor":4.0,"key":"Dead Branch"},{"floor":6.0,"key":"The Courier"},{"floor":8.0,"key":"Dream Catcher"},{"floor":9.0,"key":"Smiling Mask"},{"floor":10.0,"key":"Odd Mushroom"},{"floor":12.0,"key":"Art of War"},{"floor":24.0,"key":"Meat on the Bone"},{"floor":29.0,"key":"Tiny Chest"},{"floor":31.0,"key":"Pen Nib"},{"floor":42.0,"key":"Anchor"},{"floor":43.0,"key":"Blue Candle"},{"floor":45.0,"key":"Mango"},{"floor":48.0,"key":"Bag of Marbles"},{"floor":55.0,"key":"Gambling Chip"}],"event_choices":[{"cards_removed":["Strike_R"],"damage_healed":0.0,"max_hp_gain":0.0,"max_hp_loss":0.0,"gold_gain":0.0,"event_name":"Golden Wing","player_choice":"Card Removal","floor":2.0,"gold_loss":0.0,"damage_taken":7.0},{"damage_healed":0.0,"max_hp_gain":0.0,"max_hp_loss":0.0,"gold_gain":0.0,"event_name":"Mushrooms","player_choice":"Fought Mushrooms","floor":10.0,"gold_loss":0.0,"damage_taken":0.0},{"damage_healed":0.0,"max_hp_gain":0.0,"max_hp_loss":0.0,"gold_gain":0.0,"event_name":"The Library","player_choice":"Read","floor":20.0,"gold_loss":0.0,"damage_taken":0.0,"cards_obtained":["Corruption"]}],"is_beta":true,"boss_relics":[{"not_picked":["Runic Dome","Eternal Feather"],"picked":"Philosopher\u0027s Stone"},{"not_picked":["Astrolabe","Calling Bell"],"picked":"Pandora\u0027s Box"}],"items_purged_floors":[7,28,37,54],"is_endless":false,"potions_floor_spawned":[1,10,16,19,22,27,30,35,38,42,48],"killed_by":"The Heart","ascension_level":20}