{"gold_per_floor":[219,219,233,244,264,264,289,289,289,289,141,160,160,170,170,265,265,281,102,102,133,150,150,164,164,213,227,245,255,255,130,130,130],"floor_reached":33,"playtime":2752,"items_purged":["Strike_R","Strike_R","Strike_R"],"score":311,"play_id":"4774b475-8ff4-4f92-a5ff-6755c7abcea8","local_time":"20181126002341","is_ascension_mode":true,"campfire_choices":[{"data":"Rampage","floor":6,"key":"SMITH"},{"data":"Shockwave","floor":8,"key":"SMITH"},{"data":"Heavy Blade","floor":15,"key":"SMITH"},{"floor":23,"key":"REST"},{"data":"Limit Break","floor":25,"key":"SMITH"},{"floor":30,"key":"REST"},{"floor":32,"key":"REST"}],"neow_cost":"NONE","seed_source_timestamp":274644442750848,"circlet_count":0,"master_deck":["Strike_R","Strike_R+1","Defend_R","Defend_R","Defend_R","Defend_R","Bash+1","Clash","Heavy Blade+1","Rampage+1","Shockwave+1","Inflame","Impervious","Cleave","Limit Break+1","Bloodletting","Rupture","Armaments","Searing Blow","Headbutt","Pommel Strike+1","True Grit"],"relics":["Burning Blood","Happy Flower","Red Skull","Dodecahedron","Orrery","Red Mask","Bag of Preparation"],"potions_floor_usage":[7,14,14,21,21,22,33,33,33],"damage_taken":[{"damage":5,"enemies":"Small Slimes","floor":1,"turns":4},{"damage":4,"enemies":"Jaw Worm","floor":3,"turns":4},{"damage":2,"enemies":"2 Louse","floor":4,"turns":2},{"damage":11,"enemies":"Blue Slaver","floor":5,"turns":4},{"damage":8,"enemies":"Gremlin Nob","floor":7,"turns":3},{"damage":1,"enemies":"2 Fungi Beasts","floor":12,"turns":3},{"damage":0,"enemies":"Lots of Slimes","floor":14,"turns":2},{"damage":7,"enemies":"Slime Boss","floor":16,"turns":7},{"damage":6,"enemies":"Chosen","floor":18,"turns":3},{"damage":49,"enemies":"Masked Bandits","floor":21,"turns":6},{"damage":28,"enemies":"Shell Parasite","floor":22,"turns":5},{"damage":20,"enemies":"Centurion and Healer","floor":24,"turns":7},{"damage":24,"enemies":"3 Cultists","floor":27,"turns":5},{"damage":8,"enemies":"Chosen and Byrds","floor":28,"turns":4},{"damage":24,"enemies":"Snake Plant","floor":29,"turns":4},{"damage":78,"enemies":"Collector","floor":33,"turns":7}],"seed_played":"-2713055981290287752","potions_obtained":[{"floor":1,"key":"Explosive Potion"},{"floor":3,"key":"Swift Potion"},{"floor":4,"key":"Regen Potion"},{"floor":12,"key":"Poison Potion"},{"floor":16,"key":"PowerPotion"},{"floor":18,"key":"Regen Potion"},{"floor":29,"key":"EntropicBrew"}],"is_trial":false,"path_per_floor":["M","?","M","M","M","R","E","R","T","?","$","M","?","M","R","B",null,"M","$","?","?","M","R","M","R","T","M","M","M","R","$","R","B"],"character_chosen":"IRONCLAD","items_purchased":["Inflame","Searing Blow"],"campfire_rested":3,"item_purchase_floors":[11,19],"current_hp_per_floor":[80,64,66,70,65,65,63,63,63,63,63,68,68,74,74,73,78,78,78,78,44,36,60,46,46,46,28,26,8,32,32,56,0],"gold":130,"neow_bonus":"HUNDRED_GOLD","is_prod":false,"is_daily":false,"chose_seed":false,"campfire_upgraded":4,"win_rate":0,"timestamp":1543188221,"path_taken":["M","?","M","M","M","R","E","R","T","?","$","M","?","M","R","BOSS","M","$","?","?","M","R","M","R","T","M","M","M","R","$","R","BOSS"],"build_version":"2018-11-15","purchased_purges":3,"victory":false,"max_hp_per_floor":[80,80,80,80,80,80,80,80,80,80,80,80,80,80,80,80,80,80,80,80,80,80,80,80,80,80,80,80,80,80,80,80,80],"card_choices":[{"not_picked":["Reckless Charge","Seeing Red","Corruption"],"picked":"SKIP","floor":1},{"not_picked":["Twin Strike","Blood for Blood"],"picked":"Clash","floor":3},{"not_picked":["Sword Boomerang","Thunderclap"],"picked":"Heavy Blade","floor":4},{"not_picked":["Rupture","Entrench"],"picked":"Rampage","floor":5},{"not_picked":["Cleave","Pommel Strike"],"picked":"Shockwave","floor":7},{"not_picked":["Thunderclap","Burning Pact"],"picked":"Impervious","floor":12},{"not_picked":["Uppercut","Dual Wield"],"picked":"Cleave","floor":14},{"not_picked":["Bludgeon","Feed"],"picked":"Limit Break","floor":16},{"not_picked":["Perfected Strike","Havoc"],"picked":"Bloodletting","floor":17},{"not_picked":["Havoc","Impervious"],"picked":"Rupture","floor":17},{"not_picked":["Rampage","Cleave"],"picked":"Armaments","floor":17},{"not_picked":["Perfected Strike","Armaments","Carnage"],"picked":"SKIP","floor":18},{"not_picked":["Warcry","Power Through"],"picked":"Pommel Strike+1","floor":22},{"not_picked":["Twin Strike","Anger","Thunderclap"],"picked":"SKIP","floor":24},{"not_picked":["Thunderclap","Uppercut","Flex"],"picked":"SKIP","floor":27},{"not_picked":["Searing Blow","Heavy Blade+1"],"picked":"True Grit","floor":28},{"not_picked":["Anger","Pommel Strike","Perfected Strike"],"picked":"SKIP","floor":29}],"player_experience":311670,"relics_obtained":[{"floor":7,"key":"Happy Flower"},{"floor":9,"key":"Red Skull"},{"floor":21,"key":"Red Mask"},{"floor":26,"key":"Bag of Preparation"}],"event_choices":[{"damage_healed":0,"gold_gain":0,"player_choice":"Entered Light","damage_taken":16,"max_hp_gain":0,"max_hp_loss":0,"event_name":"Shining Light","floor":2,"gold_loss":0,"cards_upgraded":["Bash","Strike_R"]},{"damage_healed":0,"gold_gain":0,"player_choice":"Searched \u00271\u0027 times","damage_taken":0,"relics_obtained":["Dodecahedron"],"max_hp_gain":0,"max_hp_loss":0,"event_name":"Dead Adventurer","floor":10,"gold_loss":0},{"damage_healed":0,"gold_gain":0,"player_choice":"Ignored","damage_taken":0,"max_hp_gain":0,"max_hp_loss":0,"event_name":"Liars Game","floor":13,"gold_loss":0},{"damage_healed":0,"gold_gain":0,"player_choice":"Read","damage_taken":0,"max_hp_gain":0,"max_hp_loss":0,"event_name":"The Library","floor":20,"gold_loss":0,"cards_obtained":["Headbutt"]},{"damage_healed":0,"gold_gain":0,"player_choice":"Fought Bandits","damage_taken":0,"max_hp_gain":0,"max_hp_loss":0,"event_name":"Masked Bandits","floor":21,"gold_loss":0}],"is_beta":false,"boss_relics":[{"not_picked":["Lizard Tail","Astrolabe"],"picked":"Orrery"}],"items_purged_floors":[11,19,31],"is_endless":false,"potions_floor_spawned":[1,3,4,12,16,18,29],"killed_by":"Collector","ascension_level":5}