{"gold_per_floor":[110,42,42,217,34,68,78,78,101,111,145,145,170,184,184,287,287,301,391,112,112,5,32,32,67,67,99,99,114,131,104,104,205,205,225,276,276,376,376,409,426,426,426,461,461,1,30,30,30,30],"floor_reached":51,"playtime":2316,"items_purged":["Doubt"],"score":1234,"play_id":"a782f4ef-7d74-4e61-b3e3-3123499225ec","local_time":"20190816203012","is_ascension_mode":true,"campfire_choices":[{"data":"Apotheosis","floor":8,"key":"SMITH"},{"data":"Self Repair","floor":12,"key":"SMITH"},{"data":"Defragment","floor":15,"key":"SMITH"},{"floor":24,"key":"REST"},{"floor":28,"key":"DIG"},{"floor":32,"key":"DIG"},{"floor":42,"key":"DIG"},{"floor":45,"key":"DIG"},{"floor":49,"key":"REST"}],"neow_cost":"NONE","seed_source_timestamp":82831339137600,"circlet_count":0,"master_deck":["Strike_B","Strike_B","Strike_B","Strike_B","Defend_B","Defend_B","Defend_B","Defend_B+1","Zap","Dualcast","Ball Lightning+1","Self Repair+1","Apotheosis+1","Creative AI","Consume","Compile Driver","Coolheaded","Cold Snap","Defragment+1","Echo Form","Sunder","Chill","Sunder+1","Steam+1","Leap","Electrodynamics","Cold Snap+1","Conserve Battery+1","Enlightenment","Coolheaded+1","Reboot","Cold Snap+1","Leap+1"],"relics":["Cracked Core","NeowsBlessing","Mango","Juzu Bracelet","Centennial Puzzle","Symbiotic Virus","Inserter","ClockworkSouvenir","Art of War","Anchor","Question Card","Shovel","Orichalcum","Thread and Needle","Sozu","StoneCalendar","Emotion Chip","Smiling Mask","Pocketwatch","Letter Opener","Toxic Egg 2","Kunai","Ornamental Fan","HandDrill","Dream Catcher"],"potions_floor_usage":[14,16,17,23,25,30,33,40,50,50],"damage_taken":[{"damage":0,"enemies":"Jaw Worm","floor":1,"turns":1},{"damage":0,"enemies":"Gremlin Nob","floor":6,"turns":1},{"damage":0,"enemies":"2 Louse","floor":7,"turns":1},{"damage":0,"enemies":"Cultist","floor":10,"turns":2},{"damage":4,"enemies":"Lagavulin","floor":11,"turns":6},{"damage":16,"enemies":"Gremlin Nob","floor":13,"turns":3},{"damage":15,"enemies":"Gremlin Gang","floor":14,"turns":2},{"damage":62,"enemies":"The Guardian","floor":16,"turns":10},{"damage":23,"enemies":"3 Byrds","floor":18,"turns":4},{"damage":28,"enemies":"Book of Stabbing","floor":23,"turns":7},{"damage":15,"enemies":"Gremlin Leader","floor":25,"turns":9},{"damage":20,"enemies":"Slavers","floor":27,"turns":5},{"damage":1,"enemies":"Spheric Guardian","floor":29,"turns":4},{"damage":0,"enemies":"Centurion and Healer","floor":30,"turns":6},{"damage":23,"enemies":"Automaton","floor":33,"turns":11},{"damage":4,"enemies":"3 Darklings","floor":35,"turns":5},{"damage":23,"enemies":"2 Orb Walkers","floor":36,"turns":6},{"damage":3,"enemies":"Mind Bloom Boss Battle","floor":38,"turns":7},{"damage":34,"enemies":"Reptomancer","floor":40,"turns":7},{"damage":0,"enemies":"Orb Walker","floor":41,"turns":4},{"damage":15,"enemies":"Nemesis","floor":44,"turns":7},{"damage":0,"enemies":"Reptomancer","floor":47,"turns":7},{"damage":22,"enemies":"Time Eater","floor":50,"turns":12}],"seed_played":"833663374199052841","potions_obtained":[{"floor":10,"key":"Regen Potion"},{"floor":11,"key":"Explosive Potion"},{"floor":13,"key":"Ancient Potion"},{"floor":16,"key":"Fruit Juice"},{"floor":18,"key":"FocusPotion"},{"floor":23,"key":"PowerPotion"},{"floor":29,"key":"Regen Potion"},{"floor":30,"key":"FocusPotion"},{"floor":33,"key":"Explosive Potion"}],"is_trial":false,"path_per_floor":["M","$","?","?","$","E","M","R","T","M","E","R","E","M","R","B",null,"M","?","$","?","$","E","R","E","T","E","R","M","M","$","R","B",null,"M","?","?","?","?","E","M","R","T","E","R","$","E","$","R","B",null],"character_chosen":"DEFECT","items_purchased":["Self Repair","Apotheosis","ClockworkSouvenir","Sunder","Regen Potion","Leap","Ornamental Fan","HandDrill"],"campfire_rested":2,"item_purchase_floors":[2,5,20,22,22,31,46,46],"current_hp_per_floor":[68,68,53,53,53,74,74,74,74,74,80,80,74,69,69,32,80,67,49,49,49,49,46,74,69,69,59,59,68,93,93,93,80,91,94,81,81,88,88,64,64,64,64,59,59,59,59,59,87,75],"gold":30,"neow_bonus":"THREE_ENEMY_KILL","is_prod":false,"is_daily":false,"chose_seed":false,"campfire_upgraded":3,"win_rate":0,"timestamp":1565955012,"path_taken":["M","$","?","?","?","E","?","R","T","M","E","R","E","M","R","BOSS","M","?","?","?","?","E","R","E","T","E","R","M","M","$","R","BOSS","M","?","?","?","?","E","M","R","T","E","R","$","E","?","R","BOSS"],"build_version":"2019-07-17","purchased_purges":1,"victory":true,"max_hp_per_floor":[75,75,75,75,75,89,89,89,89,89,89,89,89,89,89,89,94,94,94,94,94,94,94,94,94,94,94,94,94,94,94,94,94,94,94,94,94,94,94,94,94,94,94,94,94,94,94,94,94,94],"card_choices":[{"not_picked":["Barrage","Heatsinks"],"picked":"Ball Lightning","floor":1},{"not_picked":["Cold Snap","Rebound"],"picked":"Creative AI","floor":6},{"not_picked":["Coolheaded","Darkness"],"picked":"Consume","floor":7},{"not_picked":["Hologram","Streamline"],"picked":"Compile Driver","floor":10},{"not_picked":["Beam Cell","Conserve Battery"],"picked":"Coolheaded","floor":11},{"not_picked":["Gash","Redo"],"picked":"Cold Snap","floor":13},{"not_picked":["Storm","Machine Learning"],"picked":"Defragment","floor":14},{"not_picked":["Thunder Strike","All For One"],"picked":"Echo Form","floor":16},{"not_picked":["Rip and Tear","Consume+1","Streamline"],"picked":"SKIP","floor":18},{"not_picked":["Turbo","Go for the Eyes"],"picked":"Chill","floor":23},{"not_picked":["Chaos","Leap"],"picked":"Sunder+1","floor":25},{"not_picked":["Aggregate+1","Rebound","Multi-Cast","Stack"],"picked":"SKIP","floor":27},{"not_picked":["Streamline","Go for the Eyes","Sweeping Beam"],"picked":"Steam+1","floor":29},{"not_picked":["Streamline","Steam Power","Genetic Algorithm","Beam Cell"],"picked":"SKIP","floor":30},{"not_picked":["Core Surge","Creative AI","Echo Form"],"picked":"Electrodynamics","floor":33},{"not_picked":["Reprogram","Sunder+1","Redo+1"],"picked":"Cold Snap+1","floor":35},{"not_picked":["Redo+1","Leap+1","Cold Snap"],"picked":"Conserve Battery+1","floor":36},{"not_picked":["Cold Snap+1","Consume","Compile Driver"],"picked":"Coolheaded+1","floor":38},{"not_picked":["Self Repair","Beam Cell","Double Energy+1"],"picked":"Reboot","floor":40},{"not_picked":["Beam Cell+1","Stack","Barrage+1","Steam+1"],"picked":"SKIP","floor":41},{"not_picked":["Hello World+1","Thunder Strike","Coolheaded","Hologram+1"],"picked":"SKIP","floor":44},{"not_picked":["FTL","Steam+1","Hello World"],"picked":"Cold Snap+1","floor":47},{"not_picked":["Reprogram+1","Steam Power+1","Doom and Gloom+1"],"picked":"Leap+1","floor":49}],"player_experience":166577,"relics_obtained":[{"floor":6,"key":"Mango"},{"floor":9,"key":"Juzu Bracelet"},{"floor":11,"key":"Centennial Puzzle"},{"floor":13,"key":"Symbiotic Virus"},{"floor":23,"key":"Art of War"},{"floor":25,"key":"Anchor"},{"floor":26,"key":"Question Card"},{"floor":27,"key":"Shovel"},{"floor":28,"key":"Orichalcum"},{"floor":32,"key":"Thread and Needle"},{"floor":36,"key":"StoneCalendar"},{"floor":38,"key":"Emotion Chip"},{"floor":40,"key":"Smiling Mask"},{"floor":42,"key":"Pocketwatch"},{"floor":43,"key":"Letter Opener"},{"floor":44,"key":"Toxic Egg 2"},{"floor":45,"key":"Kunai"},{"floor":47,"key":"Dream Catcher"}],"event_choices":[{"damage_healed":0,"gold_gain":0,"player_choice":"Entered Light","damage_taken":15,"max_hp_gain":0,"max_hp_loss":0,"event_name":"Shining Light","floor":3,"gold_loss":0,"cards_upgraded":["Defend_B","Ball Lightning"]},{"damage_healed":0,"gold_gain":175,"player_choice":"AGREE","damage_taken":0,"max_hp_gain":0,"max_hp_loss":0,"event_name":"Liars Game","floor":4,"gold_loss":0,"cards_obtained":["Doubt"]},{"damage_healed":0,"gold_gain":90,"player_choice":"GOLD ","damage_taken":18,"max_hp_gain":0,"max_hp_loss":0,"event_name":"Knowing Skull","floor":19,"potions_obtained":[],"gold_loss":0,"cards_obtained":[]},{"damage_healed":0,"gold_gain":0,"player_choice":"Ignored","damage_taken":0,"max_hp_gain":0,"max_hp_loss":0,"event_name":"Cursed Tome","floor":21,"gold_loss":0},{"damage_healed":0,"gold_gain":0,"player_choice":"Fight","damage_taken":0,"max_hp_gain":0,"max_hp_loss":0,"event_name":"Mysterious Sphere","floor":36,"gold_loss":0},{"damage_healed":0,"gold_gain":0,"player_choice":"1 cards matched","damage_taken":0,"max_hp_gain":0,"max_hp_loss":0,"event_name":"Match and Keep!","floor":37,"gold_loss":0,"cards_obtained":["Enlightenment"]},{"damage_healed":0,"gold_gain":0,"player_choice":"Fight","damage_taken":0,"max_hp_gain":0,"max_hp_loss":0,"event_name":"MindBloom","floor":38,"gold_loss":0},{"damage_healed":0,"gold_gain":0,"player_choice":"Memory 1","damage_taken":0,"max_hp_gain":0,"max_hp_loss":0,"event_name":"SensoryStone","floor":39,"gold_loss":0}],"is_beta":false,"boss_relics":[{"not_picked":["Runic Pyramid","Black Star"],"picked":"Inserter"},{"not_picked":["Nuclear Battery","Runic Dome"],"picked":"Sozu"}],"items_purged_floors":[20],"is_endless":false,"potions_floor_spawned":[10,11,13,16,18,23,29,30,33,35,44,47],"ascension_level":7}