{"gold_per_floor":[115,129,54,54,64,64,214,243,243,26,76,110,122,151,163,254,266,266,266,266,266,266,266,266,266,266,266,266,3,3,3,3,3,3,3,3,3,3,3,3,3,3,3,3,3,3,3,3,3,3],"floor_reached":50,"playtime":2669,"items_purged":["Strike_G"],"score":1179,"play_id":"c85548a8-9371-46e5-bdf9-e65e56c9d24f","local_time":"20190713201424","is_ascension_mode":true,"campfire_choices":[{"data":"Cloak And Dagger","floor":6,"key":"SMITH"},{"floor":15,"key":"REST"},{"data":"After Image","floor":24,"key":"SMITH"},{"data":"After Image","floor":30,"key":"SMITH"},{"floor":32,"key":"REST"},{"floor":44,"key":"REST"},{"data":"Leg Sweep","floor":47,"key":"SMITH"},{"floor":49,"key":"REST"}],"neow_cost":"TEN_PERCENT_HP_LOSS","seed_source_timestamp":310719580864330,"circlet_count":0,"master_deck":["AscendersBane","Strike_G+1","Strike_G+1","Strike_G+1","Strike_G+1","Defend_G+1","Defend_G+1","Defend_G+1","Defend_G+1","Survivor+1","Neutralize+1","Cloak And Dagger+1","Cloak And Dagger+1","Dagger Spray","Doubt","Predator","Accuracy","Cloak And Dagger","Dagger Spray","After Image+1","Dagger Spray+1","Sucker Punch+1","Dash+1","After Image+1","Footwork","Neutralize","Footwork","Dagger Spray","Venomology","Footwork","Writhe","Secret Technique","Panache","Riddle With Holes","Leg Sweep+1","Normality","Normality","Cloak And Dagger+1","Riddle With Holes"],"relics":["Ring of the Snake","Du-Vu Doll","Paper Crane","Mercury Hourglass","Sling","Ancient Tea Set","MawBank","Ectoplasm","Happy Flower","War Paint","Sundial","Medical Kit","Cursed Key","Lantern","Darkstone Periapt","Mummified Hand","Whetstone"],"potions_floor_usage":[8,12,27,33,33,35,40,46,48],"damage_taken":[{"damage":0,"enemies":"2 Louse","floor":1,"turns":3},{"damage":0,"enemies":"Cultist","floor":2,"turns":4},{"damage":1,"enemies":"Jaw Worm","floor":5,"turns":4},{"damage":20,"enemies":"Lagavulin","floor":8,"turns":7},{"damage":2,"enemies":"Gremlin Nob","floor":12,"turns":3},{"damage":0,"enemies":"Blue Slaver","floor":13,"turns":3},{"damage":12,"enemies":"Lagavulin","floor":14,"turns":5},{"damage":27,"enemies":"Hexaghost","floor":16,"turns":11},{"damage":4,"enemies":"Chosen","floor":18,"turns":5},{"damage":0,"enemies":"Spheric Guardian","floor":19,"turns":3},{"damage":2,"enemies":"Centurion and Healer","floor":20,"turns":7},{"damage":8,"enemies":"Shelled Parasite and Fungi","floor":21,"turns":5},{"damage":9,"enemies":"Book of Stabbing","floor":23,"turns":6},{"damage":7,"enemies":"Slavers","floor":25,"turns":3},{"damage":1,"enemies":"Snake Plant","floor":27,"turns":4},{"damage":2,"enemies":"Cultist and Chosen","floor":31,"turns":5},{"damage":7,"enemies":"Collector","floor":33,"turns":10},{"damage":19,"enemies":"3 Shapes","floor":35,"turns":2},{"damage":11,"enemies":"Orb Walker","floor":39,"turns":3},{"damage":10,"enemies":"Reptomancer","floor":40,"turns":7},{"damage":0,"enemies":"Transient","floor":42,"turns":5},{"damage":6,"enemies":"Maw","floor":46,"turns":8},{"damage":18,"enemies":"Giant Head","floor":48,"turns":9},{"damage":56,"enemies":"Time Eater","floor":50,"turns":5}],"seed_played":"7716102354683002901","potions_obtained":[{"floor":1,"key":"Swift Potion"},{"floor":8,"key":"SmokeBomb"},{"floor":12,"key":"Fruit Juice"},{"floor":19,"key":"Ancient Potion"},{"floor":31,"key":"FearPotion"},{"floor":40,"key":"Fire Potion"}],"is_trial":false,"path_per_floor":["M","M","$","?","M","R","?","E","T","$","?","E","M","E","R","B",null,"M","M","M","M","?","E","R","E","T","M","?","$","R","M","R","B",null,"M","?","?","?","M","E","?","M","T","R","T","M","R","E","R","B"],"character_chosen":"THE_SILENT","items_purchased":["Sling","Medical Kit","Footwork"],"campfire_rested":4,"item_purchase_floors":[10,29,29],"current_hp_per_floor":[59,59,59,59,58,58,58,38,38,38,38,41,41,29,48,21,54,50,50,48,40,40,31,31,24,24,23,23,23,23,21,40,33,57,38,38,51,46,35,25,25,25,25,44,50,44,44,26,47,0],"gold":3,"neow_bonus":"ONE_RARE_RELIC","is_prod":false,"is_daily":false,"chose_seed":false,"campfire_upgraded":4,"win_rate":0,"timestamp":1563066864,"path_taken":["M","M","$","?","?","R","?","E","T","$","?","E","M","E","R","BOSS","M","M","M","M","?","E","R","E","T","M","?","$","R","?","R","BOSS","M","?","?","?","?","E","?","?","T","R","?","M","R","E","R","BOSS"],"build_version":"2019-07-05","purchased_purges":1,"victory":false,"max_hp_per_floor":[60,60,60,60,60,60,60,60,60,60,60,65,65,65,65,65,65,65,65,65,65,65,65,65,65,65,65,65,65,65,65,65,65,65,65,65,65,65,65,65,65,65,65,65,71,71,71,71,71,71],"card_choices":[{"not_picked":["Well Laid Plans","Deadly Poison"],"picked":"Cloak And Dagger","floor":1},{"not_picked":["Backstab","Finisher"],"picked":"Cloak And Dagger","floor":2},{"not_picked":["Heel Hook","Underhanded Strike"],"picked":"Dagger Spray","floor":5},{"not_picked":["Deadly Poison","Phantasmal Killer"],"picked":"Predator","floor":8},{"not_picked":["Dagger Throw","Deadly Poison"],"picked":"Accuracy","floor":12},{"not_picked":["Dagger Throw","Outmaneuver"],"picked":"Cloak And Dagger","floor":13},{"not_picked":["Phantasmal Killer","Reflex"],"picked":"Dagger Spray","floor":14},{"not_picked":["Wraith Form v2","Unload"],"picked":"After Image","floor":16},{"not_picked":["Masterful Stab","Tactician+1","Quick Slash"],"picked":"SKIP","floor":18},{"not_picked":["Deflect+1","Slice"],"picked":"Dagger Spray","floor":19},{"not_picked":["Cloak And Dagger","Flying Knee"],"picked":"Sucker Punch","floor":20},{"not_picked":["PiercingWail","Reflex"],"picked":"Dash+1","floor":21},{"not_picked":["Poisoned Stab","Setup","Distraction"],"picked":"SKIP","floor":23},{"not_picked":["Endless Agony","Skewer"],"picked":"After Image","floor":25},{"not_picked":["Choke","Underhanded Strike"],"picked":"Dagger Spray","floor":31},{"not_picked":["Wraith Form v2","Night Terror"],"picked":"Venomology","floor":33},{"not_picked":["Deflect","Caltrops"],"picked":"Footwork","floor":35},{"not_picked":["Forethought","The Bomb"],"picked":"Secret Technique","floor":38},{"not_picked":["Madness","Swift Strike"],"picked":"Panache","floor":38},{"not_picked":["Sucker Punch+1","Expertise"],"picked":"Riddle With Holes","floor":39},{"not_picked":["Slice","Flying Knee"],"picked":"Leg Sweep","floor":40},{"not_picked":["Reflex","Quick Slash","Tactician+1"],"picked":"SKIP","floor":42},{"not_picked":["Underhanded Strike","Distraction"],"picked":"Cloak And Dagger+1","floor":46},{"not_picked":["Flying Knee","Dagger Throw"],"picked":"Riddle With Holes","floor":48}],"player_experience":865144,"relics_obtained":[{"floor":8,"key":"Paper Crane"},{"floor":9,"key":"Mercury Hourglass"},{"floor":12,"key":"Ancient Tea Set"},{"floor":14,"key":"MawBank"},{"floor":23,"key":"Happy Flower"},{"floor":25,"key":"War Paint"},{"floor":26,"key":"Sundial"},{"floor":40,"key":"Lantern"},{"floor":43,"key":"Darkstone Periapt"},{"floor":45,"key":"Mummified Hand"},{"floor":48,"key":"Whetstone"}],"event_choices":[{"damage_healed":0,"gold_gain":0,"player_choice":"Upgraded","damage_taken":0,"max_hp_gain":0,"max_hp_loss":0,"event_name":"Upgrade Shrine","floor":4,"gold_loss":0,"cards_upgraded":["Neutralize"]},{"damage_healed":0,"gold_gain":150,"player_choice":"AGREE","damage_taken":0,"max_hp_gain":0,"max_hp_loss":0,"event_name":"Liars Game","floor":7,"gold_loss":0,"cards_obtained":["Doubt"]},{"damage_healed":0,"gold_gain":50,"player_choice":"Gained Gold","damage_taken":0,"max_hp_gain":0,"max_hp_loss":0,"event_name":"Golden Wing","floor":11,"gold_loss":0},{"damage_healed":0,"gold_gain":0,"player_choice":"Simplicity","damage_taken":0,"max_hp_gain":0,"max_hp_loss":0,"event_name":"Back to Basics","floor":22,"gold_loss":0,"cards_upgraded":["Strike_G","Strike_G","Strike_G","Strike_G","Defend_G","Defend_G","Defend_G","Defend_G","Defend_G"]},{"damage_healed":0,"gold_gain":0,"player_choice":"2 cards matched","damage_taken":0,"max_hp_gain":0,"max_hp_loss":0,"event_name":"Match and Keep!","floor":28,"gold_loss":0,"cards_obtained":["Footwork","Neutralize"]},{"cards_removed":["Defend_G"],"damage_healed":0,"gold_gain":0,"player_choice":"Removed Skill","damage_taken":0,"max_hp_gain":0,"max_hp_loss":0,"event_name":"Falling","floor":36,"gold_loss":0},{"damage_healed":13,"gold_gain":0,"player_choice":"Writhe","damage_taken":0,"max_hp_gain":0,"max_hp_loss":0,"event_name":"Winding Halls","floor":37,"gold_loss":0,"cards_obtained":["Writhe"]},{"damage_healed":0,"gold_gain":0,"player_choice":"Memory 2","damage_taken":5,"max_hp_gain":0,"max_hp_loss":0,"event_name":"SensoryStone","floor":38,"gold_loss":0},{"damage_healed":0,"gold_gain":50,"player_choice":"Pray","damage_taken":0,"max_hp_gain":0,"max_hp_loss":0,"event_name":"Golden Shrine","floor":41,"gold_loss":0}],"is_beta":false,"boss_relics":[{"not_picked":["Busted Crown","Lizard Tail"],"picked":"Ectoplasm"},{"not_picked":["Fusion Hammer","Sozu"],"picked":"Cursed Key"}],"items_purged_floors":[3],"is_endless":false,"potions_floor_spawned":[1,8,12,19,23,27,31,40],"killed_by":"Time Eater","ascension_level":16}