{"gold_per_floor":[361,380,93,111,124,159,178,178,178,178,178,178,178,204,204,281,281,291,291,291,303,43,43,43],"floor_reached":24,"playtime":487,"items_purged":["Defend_R","Parasite"],"score":458,"play_id":"b3950520-8724-499e-9b24-042522f55d45","local_time":"20190219181619","is_ascension_mode":true,"campfire_choices":[{"data":"Whirlwind","floor":8,"key":"SMITH"},{"data":"Havoc","floor":11,"key":"SMITH"},{"data":"Inflame","floor":15,"key":"SMITH"},{"data":"Armaments","floor":23,"key":"SMITH"}],"neow_cost":"TEN_PERCENT_HP_LOSS","seed_source_timestamp":668854032298,"circlet_count":0,"master_deck":["AscendersBane","Strike_R","Strike_R","Strike_R","Strike_R","Defend_R","Defend_R","Bash","Whirlwind+1","Havoc+1","Warcry","Wild Strike","Feed","Inflame+1","Shockwave","Double Tap","Armaments+1","Evolve","Flame Barrier"],"relics":["Burning Blood","Chemical X","Dream Catcher","Singing Bowl","Pear","Busted Crown"],"potions_floor_usage":[14],"damage_taken":[{"damage":14,"enemies":"Small Slimes","floor":1,"turns":4},{"damage":7,"enemies":"2 Louse","floor":2,"turns":2},{"damage":7,"enemies":"Jaw Worm","floor":4,"turns":2},{"damage":15,"enemies":"Gremlin Gang","floor":5,"turns":3},{"damage":35,"enemies":"Lagavulin","floor":6,"turns":5},{"damage":13,"enemies":"Blue Slaver","floor":7,"turns":2},{"damage":0,"enemies":"Gremlin Nob","floor":14,"turns":2},{"damage":33,"enemies":"Slime Boss","floor":16,"turns":8},{"damage":22,"enemies":"2 Thieves","floor":18,"turns":2},{"damage":28,"enemies":"Shell Parasite","floor":21,"turns":3},{"damage":34,"enemies":"Gremlin Leader","floor":24,"turns":2}],"seed_played":"6553706507801667923","potions_obtained":[{"floor":4,"key":"Ancient Potion"},{"floor":6,"key":"Strength Potion"},{"floor":16,"key":"BloodPotion"}],"is_trial":false,"path_per_floor":["M","M","$","M","M","E","M","R","T","?","R","?","?","E","R","B",null,"M","?","?","M","$","R","E"],"character_chosen":"IRONCLAD","items_purchased":["Chemical X","Evolve","Flame Barrier"],"campfire_rested":0,"item_purchase_floors":[3,22,22],"current_hp_per_floor":[60,59,59,58,49,20,13,13,13,30,30,30,23,39,39,12,62,51,51,51,31,31,31,0],"gold":43,"neow_bonus":"TWO_FIFTY_GOLD","is_prod":false,"is_daily":false,"chose_seed":true,"campfire_upgraded":4,"win_rate":0,"timestamp":1550628979,"path_taken":["M","M","$","M","M","E","M","R","T","?","R","?","?","E","R","BOSS","M","?","?","M","$","R","E"],"build_version":"2019-02-06","purchased_purges":2,"victory":false,"max_hp_per_floor":[68,68,68,68,68,68,68,68,68,68,68,68,68,78,78,78,78,83,83,83,85,82,82,82],"card_choices":[{"not_picked":["Havoc","Cleave"],"picked":"Whirlwind","floor":1},{"not_picked":["Combust","Cleave"],"picked":"Havoc","floor":2},{"not_picked":["Pommel Strike","Havoc"],"picked":"Warcry","floor":4},{"not_picked":["Cleave","Power Through"],"picked":"Wild Strike","floor":5},{"not_picked":["Fire Breathing","Warcry"],"picked":"Feed","floor":6},{"not_picked":["Combust","Perfected Strike"],"picked":"Inflame","floor":7},{"not_picked":["Flame Barrier","Pummel"],"picked":"Shockwave","floor":14},{"not_picked":["Feed","Offering"],"picked":"Double Tap","floor":16},{"not_picked":["Bloodletting"],"picked":"Singing Bowl","floor":18},{"not_picked":["Armaments"],"picked":"Singing Bowl","floor":21}],"player_experience":1177978,"relics_obtained":[{"floor":6,"key":"Dream Catcher"},{"floor":9,"key":"Singing Bowl"},{"floor":14,"key":"Pear"}],"event_choices":[{"damage_healed":17,"gold_gain":0,"player_choice":"Healed and dodged fight","damage_taken":0,"max_hp_gain":0,"max_hp_loss":0,"event_name":"Mushrooms","floor":10,"gold_loss":0,"cards_obtained":["Parasite"]},{"damage_healed":0,"gold_gain":0,"player_choice":"Ignored","damage_taken":0,"max_hp_gain":0,"max_hp_loss":0,"event_name":"Liars Game","floor":12,"gold_loss":0},{"cards_removed":["Strike_R"],"damage_healed":0,"gold_gain":0,"player_choice":"Card Removal","damage_taken":7,"max_hp_gain":0,"max_hp_loss":0,"event_name":"Golden Wing","floor":13,"gold_loss":0},{"damage_healed":0,"gold_gain":0,"player_choice":"Read","damage_taken":0,"max_hp_gain":0,"max_hp_loss":0,"event_name":"The Library","floor":19,"gold_loss":0,"cards_obtained":["Armaments"]},{"cards_removed":["Defend_R"],"damage_healed":0,"gold_gain":0,"player_choice":"Purged","damage_taken":0,"max_hp_gain":0,"max_hp_loss":0,"event_name":"Purifier","floor":20,"gold_loss":0}],"is_beta":true,"boss_relics":[{"not_picked":["Mark of Pain","Black Star"],"picked":"Busted Crown"}],"items_purged_floors":[3,22],"is_endless":false,"potions_floor_spawned":[4,6,16,21],"killed_by":"Gremlin Leader","ascension_level":20}