{"gold_per_floor":[113,28,28,28,41,75,75,91,143,143,168,168,199,219,219,219],"floor_reached":16,"playtime":251,"items_purged":[],"score":286,"play_id":"6cb42582-f0e5-4206-bf62-86f5570570eb","local_time":"20190102002159","is_ascension_mode":true,"campfire_choices":[{"data":"Noxious Fumes","floor":7,"key":"SMITH"},{"data":"Neutralize","floor":10,"key":"SMITH"},{"data":"Footwork","floor":15,"key":"SMITH"}],"neow_cost":"NONE","seed_source_timestamp":1871727127245897,"circlet_count":0,"master_deck":["AscendersBane","Defend_G","Defend_G","Defend_G","Defend_G","Defend_G","Strike_G","Strike_G","Strike_G","Strike_G","Strike_G","Survivor","Neutralize+1","Sucker Punch","Backstab","Regret","Noxious Fumes+1","Backstab","Blade Dance+1","Poisoned Stab","Footwork+1","Deadly Poison+1"],"relics":["Ring of the Snake","NeowsBlessing","Snake Skull","Toxic Egg 2","Anchor","Boot","Sundial","Bag of Marbles"],"potions_floor_usage":[11,13,16],"damage_taken":[{"damage":0,"enemies":"2 Louse","floor":1,"turns":1},{"damage":0,"enemies":"Small Slimes","floor":5,"turns":1},{"damage":0,"enemies":"Lagavulin","floor":6,"turns":1},{"damage":4,"enemies":"Jaw Worm","floor":8,"turns":3},{"damage":2,"enemies":"Gremlin Nob","floor":11,"turns":4},{"damage":18,"enemies":"Lagavulin","floor":13,"turns":5},{"damage":2,"enemies":"Large Slime","floor":14,"turns":4},{"damage":28,"enemies":"Slime Boss","floor":16,"turns":3}],"seed_played":"-7819671921009243703","potions_obtained":[{"floor":8,"key":"PowerPotion"},{"floor":11,"key":"SteroidPotion"},{"floor":14,"key":"SteroidPotion"}],"is_trial":false,"path_per_floor":["M","$","?","?","M","E","R","M","T","R","E","?","E","M","R","B"],"character_chosen":"THE_SILENT","items_purchased":["Backstab"],"campfire_rested":0,"item_purchase_floors":[2],"current_hp_per_floor":[59,59,59,59,59,59,59,55,55,55,53,48,30,28,28,0],"gold":219,"neow_bonus":"THREE_ENEMY_KILL","is_prod":false,"is_daily":false,"chose_seed":false,"campfire_upgraded":3,"win_rate":0,"timestamp":1546417319,"path_taken":["M","$","?","?","M","E","R","M","T","R","E","?","E","?","R","BOSS"],"build_version":"2018-12-25","purchased_purges":0,"victory":false,"max_hp_per_floor":[66,66,66,66,66,66,66,66,66,66,66,66,66,66,66,66],"card_choices":[{"not_picked":["Quick Slash","PiercingWail"],"picked":"Sucker Punch","floor":1},{"not_picked":["Sucker Punch","Concentrate"],"picked":"Noxious Fumes","floor":5},{"not_picked":["Masterful Stab","PiercingWail"],"picked":"Backstab","floor":6},{"not_picked":["Underhanded Strike","Acrobatics+1"],"picked":"Blade Dance+1","floor":8},{"not_picked":["Prepared+1","Quick Slash"],"picked":"Poisoned Stab","floor":11},{"not_picked":["Cloak And Dagger+1","Unload"],"picked":"Footwork","floor":13},{"not_picked":["Skewer","Slice"],"picked":"Deadly Poison+1","floor":14}],"player_experience":1011958,"relics_obtained":[{"floor":6,"key":"Toxic Egg 2"},{"floor":9,"key":"Anchor"},{"floor":11,"key":"Boot"},{"floor":13,"key":"Bag of Marbles"}],"event_choices":[{"damage_healed":0,"gold_gain":0,"player_choice":"Leave","damage_taken":0,"max_hp_gain":0,"max_hp_loss":0,"event_name":"The Cleric","floor":3,"gold_loss":0},{"damage_healed":0,"gold_gain":0,"player_choice":"Box","damage_taken":0,"relics_obtained":["Snake Skull"],"max_hp_gain":0,"max_hp_loss":0,"event_name":"Big Fish","floor":4,"gold_loss":0,"cards_obtained":["Regret"]},{"damage_healed":0,"gold_gain":0,"player_choice":"Success","damage_taken":5,"relics_obtained":["Sundial"],"max_hp_gain":0,"max_hp_loss":0,"event_name":"Scrap Ooze","floor":12,"gold_loss":0}],"is_beta":true,"boss_relics":[],"items_purged_floors":[],"is_endless":false,"potions_floor_spawned":[8,11,14],"killed_by":"Slime Boss","ascension_level":20}