{"gold_per_floor":[112,112,162,237,253,279,279,297,297,297,297,26,61,77,77,152,152,171,183,217,48,62,62,81,115,115,115,141,141,41,41,41,120,120,137,88,98,98,19,19],"floor_reached":40,"playtime":1988,"items_purged":["Decay","Normality"],"score":911,"play_id":"f127c512-4276-40e5-b008-48eed58c226a","local_time":"20180811154556","is_ascension_mode":true,"campfire_choices":[{"floor":7.0,"key":"REST"},{"floor":10.0,"key":"REST"},{"data":"Hologram","floor":15.0,"key":"SMITH"},{"floor":23.0,"key":"REST"},{"data":"Buffer","floor":27.0,"key":"SMITH"},{"data":"Hello World","floor":32.0,"key":"SMITH"}],"neow_cost":"NONE","seed_source_timestamp":0,"circlet_count":0,"master_deck":["Zap","Dualcast","AscendersBane","Hologram+1","Go for the Eyes","Buffer+1","Cold Snap","Decay","Hello World+1","Leap","Stack","Beam Cell","Coolheaded","Cold Snap","Fission","Glacier","Leap","Leap","BootSequence","Conserve Battery","Cold Snap","Go for the Eyes+1","Stack","Shame","Injury","Seek","Hologram","Blizzard","Stack","Streamline","Melter","Turbo","Turbo","Sunder+1","Stack","BootSequence","Doubt","Blizzard"],"special_seed":0,"relics":["Cursed Key","Peace Pipe","Dodecahedron","Gambling Chip","Du-Vu Doll","Nuclear Battery","Red Mask","Mango","Mummified Hand","Juzu Bracelet","Girya","Pandora\u0027s Box"],"potions_floor_usage":[],"damage_taken":[{"damage":0.0,"enemies":"Cultist","floor":1.0,"turns":3.0},{"damage":3.0,"enemies":"2 Louse","floor":5.0,"turns":2.0},{"damage":37.0,"enemies":"3 Sentries","floor":6.0,"turns":12.0},{"damage":13.0,"enemies":"Small Slimes","floor":8.0,"turns":4.0},{"damage":0.0,"enemies":"Lagavulin","floor":13.0,"turns":6.0},{"damage":0.0,"enemies":"Red Slaver","floor":14.0,"turns":5.0},{"damage":2.0,"enemies":"Hexaghost","floor":16.0,"turns":9.0},{"damage":5.0,"enemies":"Shell Parasite","floor":18.0,"turns":9.0},{"damage":2.0,"enemies":"3 Byrds","floor":19.0,"turns":8.0},{"damage":16.0,"floor":20.0,"turns":6.0},{"damage":9.0,"enemies":"Snecko","floor":22.0,"turns":7.0},{"damage":4.0,"enemies":"Cultist and Chosen","floor":24.0,"turns":8.0},{"damage":9.0,"enemies":"Slavers","floor":25.0,"turns":7.0},{"damage":30.0,"enemies":"Collector","floor":33.0,"turns":23.0},{"damage":12,"enemies":"3 Shapes","floor":35,"turns":4},{"damage":0,"enemies":"Flame Bruiser 1 Orb","floor":37,"turns":11},{"damage":59,"enemies":"Giant Head","floor":40,"turns":11}],"seed_played":"6051733093326230682","potions_obtained":[{"floor":1.0,"key":"Block Potion"},{"floor":2.0,"key":"SpeedPotion"},{"floor":13.0,"key":"FearPotion"},{"floor":14.0,"key":"Explosive Potion"},{"floor":33.0,"key":"LiquidBronze"}],"is_trial":false,"path_per_floor":["M","?","?","?","M","E","R","M","T","R","T","$","E","M","R","B",null,"M","M","?","$","M","R","M","E","T","R","T","T","$","?","R","B",null,"M","$","M","?","$"],"character_chosen":"DEFECT","items_purchased":["Hello World","Leap","Stack","Beam Cell","BootSequence","Conserve Battery","Cold Snap","Stack","Blizzard"],"campfire_rested":3,"item_purchase_floors":[12,12,12,12,21,21,21,36,39],"current_hp_per_floor":[64,64,64,53,50,13,34,21,21,42,42,42,42,42,42,40,63,58,56,40,40,31,52,48,53,53,53,53,53,53,53,53,23,70,58,58,58,58,58,0],"gold":19,"neow_bonus":"BOSS_RELIC","is_prod":false,"is_daily":false,"chose_seed":false,"campfire_upgraded":3,"win_rate":0,"timestamp":1534027556,"path_taken":["M","?","?","?","M","E","R","M","T","R","?","$","E","?","R","BOSS","M","M","?","$","M","R","M","E","T","R","?","?","$","?","R","BOSS","M","$","M","?","$","E"],"build_version":"2018-08-08","purchased_purges":2,"victory":false,"max_hp_per_floor":[71,71,71,71,71,71,71,71,71,71,71,71,71,71,71,71,71,71,71,71,71,71,71,71,85,85,85,85,85,85,85,85,85,85,85,85,85,85,85,85],"card_choices":[{"not_picked":["Turbo","Rebound"],"picked":"Hologram","floor":1.0},{"not_picked":["Beam Cell","Redo"],"picked":"Go for the Eyes","floor":5.0},{"not_picked":["Conserve Battery","Sunder"],"picked":"Buffer","floor":6.0},{"not_picked":["Streamline","Sweeping Beam"],"picked":"Cold Snap","floor":8.0},{"not_picked":["Undo","Redo"],"picked":"Coolheaded","floor":13.0},{"not_picked":["Barrage","Sweeping Beam"],"picked":"Cold Snap","floor":14.0},{"not_picked":["Biased Cognition","Creative AI"],"picked":"Fission","floor":16.0},{"not_picked":["Beam Cell","Steam"],"picked":"Glacier","floor":18.0},{"not_picked":["Beam Cell","Streamline"],"picked":"Leap","floor":19.0},{"not_picked":["Recycle+1","Streamline"],"picked":"Leap","floor":20.0},{"not_picked":["Rebound","Beam Cell"],"picked":"Go for the Eyes+1","floor":22.0},{"not_picked":["Streamline","Tempest"],"picked":"Stack","floor":25.0},{"not_picked":["Electrodynamics","Machine Learning"],"picked":"Seek","floor":33.0},{"not_picked":["Leap","Skim"],"picked":"Sunder+1","floor":35},{"not_picked":["Undo","Beam Cell"],"picked":"BootSequence","floor":37}],"player_experience":793531,"relics_obtained":[{"floor":6.0,"key":"Peace Pipe"},{"floor":9.0,"key":"Dodecahedron"},{"floor":11.0,"key":"Gambling Chip"},{"floor":13.0,"key":"Du-Vu Doll"},{"floor":20.0,"key":"Red Mask"},{"floor":25.0,"key":"Mango"},{"floor":26.0,"key":"Mummified Hand"},{"floor":28.0,"key":"Juzu Bracelet"},{"floor":29.0,"key":"Girya"}],"event_choices":[{"event_name":"The Lab","player_choice":"Got Potions","floor":2.0,"damage_taken":0.0},{"event_name":"Golden Shrine","player_choice":"Pray","floor":3.0,"damage_taken":0.0},{"event_name":"World of Goop","player_choice":"Gather Gold","floor":4.0,"damage_taken":0.0},{"event_name":"Masked Bandits","player_choice":"Fought Bandits","floor":20.0,"damage_taken":0.0},{"event_name":"Purifier","player_choice":"One Purge","floor":31.0,"damage_taken":0.0},{"event_name":"Match and Keep!","player_choice":"1 cards matched","floor":38,"damage_taken":0}],"is_beta":true,"boss_relics":[{"not_picked":["Tiny House","White Beast Statue"],"picked":"Nuclear Battery"},{"not_picked":["Orrery","Lizard Tail"],"picked":"Pandora\u0027s Box"}],"items_purged_floors":[12,30],"is_endless":false,"potions_floor_spawned":[1,13,14,22,24,33,37],"killed_by":"Giant Head","ascension_level":15}