{"gold_per_floor":[109,59,71,71,86,86,117,137,137,137,164,177,177,194,194,299,299,299,299,299,299,299,299,299],"floor_reached":24,"playtime":1136,"items_purged":[],"score":230,"play_id":"d08f58d2-50eb-4d29-9d2d-ced14c61f145","local_time":"20180713173048","is_ascension_mode":true,"campfire_choices":[{"floor":10,"key":"REST"},{"data":"Clothesline","floor":13,"key":"SMITH"},{"floor":15,"key":"REST"},{"floor":23,"key":"REST"}],"neow_cost":"","seed_source_timestamp":12799903643326,"circlet_count":0,"master_deck":["Strike_R","Strike_R","Strike_R","Strike_R","Defend_R","Defend_R+1","Defend_R+1","Defend_R","Bash","Evolve","Twin Strike","Power Through","Clothesline+1","Wild Strike","Twin Strike","Clothesline","Fiend Fire","Metallicize","Wild Strike+1","Feel No Pain","Disarm"],"relics":["Burning Blood","War Paint","Bag of Preparation","Bottled Flame","Boot","Ectoplasm"],"potions_floor_usage":[7,12,19,20,20,24],"damage_taken":[{"damage":12,"enemies":"Jaw Worm","floor":1,"turns":3},{"damage":16,"enemies":"Cultist","floor":3,"turns":4},{"damage":0,"enemies":"Small Slimes","floor":5,"turns":3},{"damage":21,"enemies":"Gremlin Nob","floor":7,"turns":5},{"damage":21,"enemies":"Exordium Wildlife","floor":8,"turns":6},{"damage":19,"enemies":"Exordium Thugs","floor":12,"turns":3},{"damage":4,"enemies":"2 Fungi Beasts","floor":14,"turns":4},{"damage":73,"enemies":"Slime Boss","floor":16,"turns":14},{"damage":4,"enemies":"3 Byrds","floor":18,"turns":5},{"damage":11,"enemies":"Shell Parasite","floor":19,"turns":5},{"damage":16,"enemies":"Centurion and Healer","floor":20,"turns":7},{"damage":39,"enemies":"Snecko","floor":22,"turns":6},{"damage":61,"enemies":"Slavers","floor":24,"turns":4}],"seed_played":"5435615907106771693","potions_obtained":[{"floor":3,"key":"Energy Potion"},{"floor":5,"key":"Explosive Potion"},{"floor":12,"key":"Swift Potion"},{"floor":16,"key":"Fire Potion"},{"floor":19,"key":"SpeedPotion"},{"floor":22,"key":"Explosive Potion"}],"is_trial":false,"path_per_floor":["M","?","M","T","M","$","E","M","T","R","T","M","R","M","R","B",null,"M","M","M","?","M","R"],"character_chosen":"IRONCLAD","items_purchased":[],"campfire_rested":3,"item_purchase_floors":[],"current_hp_per_floor":[74,74,64,64,70,70,55,40,40,64,64,51,51,53,77,10,80,80,75,65,65,32,56,0],"gold":299,"neow_bonus":"","is_prod":false,"is_daily":false,"chose_seed":false,"campfire_upgraded":1,"win_rate":0,"timestamp":1531517448,"path_taken":["M","?","?","?","?","$","E","M","T","R","?","M","R","M","R","BOSS","M","?","M","?","M","R","E"],"build_version":"2018-07-12","purchased_purges":0,"victory":false,"max_hp_per_floor":[80,80,80,80,80,80,80,80,80,80,80,80,80,80,80,80,80,80,80,80,80,80,80,80],"card_choices":[{"not_picked":["Cleave","Combust"],"picked":"Evolve","floor":1},{"not_picked":["Burning Pact","True Grit"],"picked":"Twin Strike","floor":3},{"not_picked":["Clash","Reckless Charge"],"picked":"Power Through","floor":5},{"not_picked":["Carnage","Second Wind"],"picked":"Clothesline","floor":7},{"not_picked":["Cleave","Pommel Strike"],"picked":"Wild Strike","floor":8},{"not_picked":["Armaments","Sentinel"],"picked":"Twin Strike","floor":12},{"not_picked":["Intimidate","Body Slam"],"picked":"Clothesline","floor":14},{"not_picked":["Dark Embrace","Brutality"],"picked":"Fiend Fire","floor":16},{"not_picked":["Clothesline+1","Pommel Strike"],"picked":"Metallicize","floor":18},{"not_picked":["Dual Wield","True Grit"],"picked":"Wild Strike+1","floor":19},{"not_picked":["Second Wind","Fire Breathing"],"picked":"Feel No Pain","floor":20},{"not_picked":["Flame Barrier","Warcry"],"picked":"Disarm","floor":22}],"player_experience":273057,"relics_obtained":[{"floor":4,"key":"War Paint"},{"floor":7,"key":"Bag of Preparation"},{"floor":9,"key":"Bottled Flame"},{"floor":11,"key":"Boot"}],"event_choices":[{"event_name":"The Cleric","player_choice":"Card Removal","floor":2,"damage_taken":0},{"event_name":"Vampires","player_choice":"Ignored","floor":21,"damage_taken":0}],"boss_relics":[{"not_picked":["Black Star","Philosopher\u0027s Stone"],"picked":"Ectoplasm"}],"items_purged_floors":[],"is_endless":false,"potions_floor_spawned":[3,5,12,16,19,22],"killed_by":"Slavers","ascension_level":3}