{"gold_per_floor":[114,130,205,205,221,221,252,252,252,252,266,301,319,333,333,422,422,441,26,26,50,70,111,111,142,142,192,207,44,60,83,83,83],"floor_reached":33,"playtime":1241,"items_purged":["Injury"],"score":646,"play_id":"d10abd24-ce74-4f79-b842-ee5b098adbda","local_time":"20190818205346","is_ascension_mode":true,"campfire_choices":[{"floor":6.0,"key":"REST"},{"floor":15.0,"key":"REST"},{"floor":24.0,"key":"REST"},{"floor":32.0,"key":"REST"}],"neow_cost":"NONE","seed_source_timestamp":257683433333100,"circlet_count":0,"master_deck":["AscendersBane","Strike_B+1","Strike_B+1","Strike_B+1","Defend_B+1","Defend_B+1","Defend_B+1","Defend_B+1","Zap+1","Dualcast","Compile Driver+1","Melter","Glacier","Reboot","White Noise","Electrodynamics","Steam","Echo Form","Capacitor","Sunder+1","Conserve Battery","Cold Snap","Streamline","Auto Shields","Hologram+1"],"special_seed":0,"relics":["Velvet Choker","Blue Candle","Golden Idol","Bag of Marbles","Happy Flower","Snecko Eye","Shuriken","Turnip","Art of War","Whetstone","Strawberry"],"potions_floor_usage":[33],"damage_taken":[{"damage":9.0,"enemies":"Jaw Worm","floor":1.0,"turns":4.0},{"damage":1.0,"enemies":"Cultist","floor":2.0,"turns":4.0},{"damage":4.0,"enemies":"Small Slimes","floor":5.0,"turns":3.0},{"damage":35.0,"enemies":"3 Sentries","floor":7.0,"turns":7.0},{"damage":0.0,"enemies":"Looter","floor":11.0,"turns":3.0},{"damage":18.0,"enemies":"Lagavulin","floor":12.0,"turns":6.0},{"damage":1.0,"enemies":"Lots of Slimes","floor":13.0,"turns":3.0},{"damage":0.0,"enemies":"Gremlin Gang","floor":14.0,"turns":2.0},{"damage":1.0,"enemies":"Slime Boss","floor":16.0,"turns":6.0},{"damage":0.0,"enemies":"Spheric Guardian","floor":18.0,"turns":2.0},{"damage":10.0,"enemies":"Shell Parasite","floor":21.0,"turns":4.0},{"damage":6.0,"enemies":"Centurion and Healer","floor":22.0,"turns":5.0},{"damage":18.0,"enemies":"Slavers","floor":23.0,"turns":3.0},{"damage":28.0,"enemies":"Book of Stabbing","floor":25.0,"turns":5.0},{"damage":0.0,"enemies":"Chosen and Byrds","floor":28.0,"turns":4.0},{"damage":13.0,"enemies":"Snake Plant","floor":30.0,"turns":3.0},{"damage":8.0,"enemies":"Centurion and Healer","floor":31.0,"turns":6.0},{"damage":43,"enemies":"Automaton","floor":33,"turns":6}],"seed_played":"-8483773006659379611","potions_obtained":[{"floor":7.0,"key":"SteroidPotion"},{"floor":12.0,"key":"GamblersBrew"},{"floor":13.0,"key":"AttackPotion"},{"floor":16.0,"key":"Swift Potion"},{"floor":21.0,"key":"Strength Potion"},{"floor":30.0,"key":"SmokeBomb"},{"floor":31.0,"key":"Weak Potion"}],"is_trial":false,"path_per_floor":["M","M","?","?","M","R","E","?","T","?","M","E","M","M","R","B",null,"M","$","?","M","M","E","R","E","T","?","M","$","M","M","R","B"],"character_chosen":"DEFECT","items_purchased":["Shuriken","Sunder","Strawberry"],"campfire_rested":4,"item_purchase_floors":[19,19,29],"current_hp_per_floor":[55,54,43,43,39,60,25,25,25,25,25,7,6,6,27,26,60,60,60,60,50,44,26,47,19,19,19,19,26,13,5,28,0],"gold":83,"neow_bonus":"BOSS_RELIC","is_prod":false,"is_daily":false,"chose_seed":false,"campfire_upgraded":0,"win_rate":0,"timestamp":1566129226,"path_taken":["M","M","?","?","?","R","E","?","T","?","?","E","M","?","R","BOSS","M","$","?","M","M","E","R","E","T","?","M","$","M","?","R","BOSS"],"build_version":"2019-07-17","purchased_purges":1,"victory":false,"max_hp_per_floor":[71,71,71,71,71,71,71,71,71,71,71,71,71,71,71,71,71,71,71,71,71,71,71,71,71,71,71,71,78,78,78,78,78],"card_choices":[{"not_picked":["Gash","Reprogram"],"picked":"Compile Driver","floor":1.0},{"not_picked":["Gash","Ball Lightning"],"picked":"Melter","floor":2.0},{"not_picked":["Stack","Gash","Chaos"],"picked":"SKIP","floor":5.0},{"not_picked":["Capacitor","Ball Lightning"],"picked":"Glacier","floor":7.0},{"not_picked":["Barrage","Scrape"],"picked":"White Noise","floor":11.0},{"not_picked":["Leap","Ball Lightning"],"picked":"Electrodynamics","floor":12.0},{"not_picked":["Rebound","Go for the Eyes"],"picked":"Steam","floor":13.0},{"not_picked":["Stack","FTL","Rebound"],"picked":"SKIP","floor":14.0},{"not_picked":["Seek","Biased Cognition"],"picked":"Echo Form","floor":16.0},{"not_picked":["Hello World","Hologram"],"picked":"Capacitor","floor":18.0},{"not_picked":["White Noise","Go for the Eyes"],"picked":"Conserve Battery","floor":21.0},{"not_picked":["Barrage","Chill"],"picked":"Cold Snap","floor":22.0},{"not_picked":["Gash","Fusion"],"picked":"Streamline","floor":23.0},{"not_picked":["Hello World+1","Amplify","Gash"],"picked":"SKIP","floor":25.0},{"not_picked":["Blizzard","Fusion","Lockon+1"],"picked":"SKIP","floor":28.0},{"not_picked":["Go for the Eyes","Rip and Tear+1"],"picked":"Auto Shields","floor":30.0},{"not_picked":["Streamline","Turbo"],"picked":"Hologram+1","floor":31.0}],"player_experience":201097,"relics_obtained":[{"floor":7.0,"key":"Blue Candle"},{"floor":9.0,"key":"Bag of Marbles"},{"floor":12.0,"key":"Happy Flower"},{"floor":23.0,"key":"Turnip"},{"floor":25.0,"key":"Art of War"},{"floor":26.0,"key":"Whetstone"}],"event_choices":[{"damage_healed":0.0,"max_hp_gain":0.0,"max_hp_loss":0.0,"gold_gain":75.0,"event_name":"World of Goop","player_choice":"Gather Gold","floor":3.0,"gold_loss":0.0,"damage_taken":11.0},{"damage_healed":0.0,"max_hp_gain":0.0,"max_hp_loss":0.0,"gold_gain":0.0,"event_name":"Upgrade Shrine","player_choice":"Upgraded","floor":4.0,"gold_loss":0.0,"damage_taken":0.0,"cards_upgraded":["Zap"]},{"damage_healed":0.0,"max_hp_gain":0.0,"max_hp_loss":0.0,"gold_gain":0.0,"event_name":"Golden Idol","player_choice":"Take Wound","floor":8.0,"gold_loss":0.0,"damage_taken":0.0,"relics_obtained":["Golden Idol"],"cards_obtained":["Injury"]},{"damage_healed":0.0,"max_hp_gain":0.0,"max_hp_loss":0.0,"gold_gain":0.0,"cards_transformed":["Strike_B"],"event_name":"Transmorgrifier","player_choice":"Transformed","floor":10.0,"gold_loss":0.0,"damage_taken":0.0,"cards_obtained":["Reboot"]},{"damage_healed":0.0,"max_hp_gain":0.0,"max_hp_loss":0.0,"gold_gain":0.0,"event_name":"Back to Basics","player_choice":"Simplicity","floor":20.0,"gold_loss":0.0,"damage_taken":0.0,"cards_upgraded":["Strike_B","Strike_B","Strike_B","Defend_B","Defend_B","Defend_B","Defend_B"]},{"damage_healed":0.0,"max_hp_gain":0.0,"max_hp_loss":0.0,"gold_gain":50.0,"event_name":"Golden Shrine","player_choice":"Pray","floor":27.0,"gold_loss":0.0,"damage_taken":0.0}],"is_beta":false,"boss_relics":[{"not_picked":["Astrolabe","Nuclear Battery"],"picked":"Snecko Eye"}],"items_purged_floors":[19],"is_endless":false,"potions_floor_spawned":[7,12,13,16,21,22,30,31],"killed_by":"Automaton","ascension_level":17}