{"gold_per_floor":[118,118,133,145,163,192,192,226,252,280,280,312,312,387,387,491,491,502,462,480,493,506,522,555,575,575,124,124,159,259,270,270,373,423,433,139,149,166,166,193,209,262,262,296,41,41,54,80,80,80],"floor_reached":51,"playtime":2919,"items_purged":["Defend_B"],"score":1248,"play_id":"c939fa5b-292f-4526-98e7-28cd363de189","local_time":"20190815002001","is_ascension_mode":true,"campfire_choices":[{"data":"Zap","floor":7,"key":"SMITH"},{"data":"Defragment","floor":11,"key":"SMITH"},{"data":"Self Repair","floor":15,"key":"SMITH"},{"data":"Dualcast","floor":28,"key":"SMITH"},{"data":"Seek","floor":32,"key":"SMITH"},{"data":"Echo Form","floor":46,"key":"SMITH"},{"data":"Apotheosis","floor":49,"key":"SMITH"}],"neow_cost":"NONE","seed_source_timestamp":384121380254500,"circlet_count":0,"master_deck":["Strike_B+1","Defend_B+1","Defend_B","Zap+1","Dualcast+1","Buffer","Streamline+1","Self Repair+1","Glacier","Defragment+1","Leap","Glacier","Seek+1","Core Surge","Electrodynamics","Fission+1","Coolheaded+1","Compile Driver+1","Redo","Glacier+1","Cold Snap","Blizzard+1","White Noise","Cold Snap","Reinforced Body","Echo Form+1","Madness","Madness","Apotheosis+1"],"relics":["Cracked Core","Unceasing Top","Ancient Tea Set","Boot","Orichalcum","Bottled Lightning","Astrolabe","DataDisk","Singing Bowl","Runic Capacitor","Mercury Hourglass","Kunai","FossilizedHelix","Mummified Hand","Tiny House","Emotion Chip","Bronze Scales","Bird Faced Urn","Molten Egg 2","Bag of Marbles","Art of War"],"potions_floor_usage":[6,6,12,16,22,24,24,29,30,42,50],"damage_taken":[{"damage":0,"enemies":"Small Slimes","floor":1,"turns":2},{"damage":1,"enemies":"Cultist","floor":3,"turns":3},{"damage":0,"enemies":"2 Louse","floor":4,"turns":2},{"damage":1,"enemies":"Large Slime","floor":5,"turns":7},{"damage":11,"enemies":"Gremlin Nob","floor":6,"turns":5},{"damage":6,"enemies":"Lagavulin","floor":8,"turns":9},{"damage":30,"enemies":"Gremlin Nob","floor":10,"turns":5},{"damage":0,"enemies":"Lagavulin","floor":12,"turns":12},{"damage":6,"enemies":"Hexaghost","floor":16,"turns":12},{"damage":9,"enemies":"2 Thieves","floor":18,"turns":3},{"damage":0,"enemies":"Chosen","floor":20,"turns":7},{"damage":3,"enemies":"Centurion and Healer","floor":21,"turns":5},{"damage":0,"enemies":"Snake Plant","floor":22,"turns":3},{"damage":0,"enemies":"Snecko","floor":23,"turns":6},{"damage":32,"enemies":"Gremlin Leader","floor":24,"turns":9},{"damage":6,"enemies":"Shelled Parasite and Fungi","floor":25,"turns":5},{"damage":1,"enemies":"Slavers","floor":29,"turns":3},{"damage":15,"enemies":"Colosseum Slavers","floor":30,"turns":3},{"damage":2,"enemies":"Colosseum Nobs","floor":30,"turns":6},{"damage":0,"enemies":"Chosen and Byrds","floor":31,"turns":3},{"damage":0,"enemies":"Automaton","floor":33,"turns":9},{"damage":0,"enemies":"Orb Walker","floor":35,"turns":3},{"damage":0,"enemies":"3 Darklings","floor":37,"turns":4},{"damage":0,"enemies":"Sphere and 2 Shapes","floor":38,"turns":5},{"damage":0,"enemies":"Nemesis","floor":40,"turns":8},{"damage":11,"enemies":"4 Shapes","floor":41,"turns":4},{"damage":14,"enemies":"2 Orb Walkers","floor":42,"turns":4},{"damage":0,"enemies":"Giant Head","floor":44,"turns":9},{"damage":0,"enemies":"Transient","floor":47,"turns":5},{"damage":0,"enemies":"Awakened One","floor":50,"turns":11}],"seed_played":"-2336067064445630340","potions_obtained":[{"floor":2,"key":"Energy Potion"},{"floor":2,"key":"Energy Potion"},{"floor":2,"key":"SpeedPotion"},{"floor":3,"key":"Regen Potion"},{"floor":6,"key":"LiquidBronze"},{"floor":16,"key":"AttackPotion"},{"floor":18,"key":"SteroidPotion"},{"floor":20,"key":"SkillPotion"},{"floor":21,"key":"PowerPotion"},{"floor":22,"key":"Block Potion"},{"floor":25,"key":"Block Potion"},{"floor":31,"key":"Regen Potion"},{"floor":33,"key":"Swift Potion"},{"floor":34,"key":"AttackPotion"},{"floor":35,"key":"Fire Potion"},{"floor":47,"key":"Swift Potion"}],"is_trial":false,"path_per_floor":["M","?","M","M","M","E","R","E","T","E","R","E","?","?","R","B",null,"M","?","M","M","M","M","E","M","T","$","R","E","?","M","R","B",null,"M","$","M","M","?","E","M","?","T","E","$","R","M","T","R","B",null],"character_chosen":"DEFECT","items_purchased":["Runic Capacitor","Mercury Hourglass","Emotion Chip","Apotheosis"],"campfire_rested":0,"item_purchase_floors":[27,27,36,45],"current_hp_per_floor":[68,68,67,74,75,71,71,72,72,49,49,71,64,53,53,57,71,72,72,75,75,75,75,53,57,57,57,57,66,49,61,61,71,83,85,85,88,90,79,91,92,96,96,98,98,98,100,100,100,100],"gold":80,"neow_bonus":"ONE_RANDOM_RARE_CARD","is_prod":false,"is_daily":false,"chose_seed":false,"campfire_upgraded":7,"win_rate":0,"timestamp":1565796001,"path_taken":["M","?","?","M","M","E","R","E","T","E","R","E","?","?","R","BOSS","M","?","M","M","M","M","E","?","T","$","R","E","?","M","R","BOSS","M","$","M","M","?","E","M","?","T","E","?","R","M","?","R","BOSS"],"build_version":"2019-07-17","purchased_purges":1,"victory":true,"max_hp_per_floor":[75,75,75,75,75,75,75,75,75,75,75,75,75,75,75,75,75,75,75,75,75,75,75,75,75,75,75,75,75,75,77,77,77,84,86,86,88,90,90,92,94,96,96,98,98,98,100,100,100,100],"card_choices":[{"not_picked":["Barrage","Rebound"],"picked":"Streamline","floor":1},{"not_picked":["Leap","Darkness"],"picked":"Self Repair","floor":3},{"not_picked":["Hello World","Consume"],"picked":"Glacier","floor":4},{"not_picked":["Sweeping Beam","Chill"],"picked":"Defragment","floor":5},{"not_picked":["Rip and Tear","Meteor Strike"],"picked":"Leap","floor":6},{"not_picked":["Darkness","Storm"],"picked":"Glacier","floor":8},{"not_picked":["Reinforced Body","Streamline"],"picked":"Seek","floor":10},{"not_picked":["Redo","Barrage"],"picked":"Core Surge","floor":12},{"not_picked":["Hyperbeam","Fission"],"picked":"Electrodynamics","floor":16},{"not_picked":["Auto Shields+1","Beam Cell+1"],"picked":"Redo","floor":18},{"not_picked":["Steam Power","Barrage"],"picked":"Glacier+1","floor":20},{"not_picked":["Barrage+1","Go for the Eyes"],"picked":"Cold Snap","floor":21},{"not_picked":["Rebound+1","Hologram","Sweeping Beam"],"picked":"SKIP","floor":22},{"not_picked":["Rip and Tear","Hologram+1","Barrage+1"],"picked":"SKIP","floor":23},{"not_picked":["Scrape","Cold Snap"],"picked":"Blizzard+1","floor":24},{"not_picked":["Gash","Turbo+1"],"picked":"White Noise","floor":25},{"not_picked":["Turbo","Redo"],"picked":"Cold Snap","floor":29},{"not_picked":["Beam Cell+1","Hologram+1"],"picked":"Reinforced Body","floor":30},{"not_picked":["Meteor Strike","Capacitor","Sweeping Beam+1"],"picked":"Singing Bowl","floor":31},{"not_picked":["Meteor Strike","Multi-Cast"],"picked":"Echo Form","floor":33},{"not_picked":["Rip and Tear","Barrage","Leap"],"picked":"Singing Bowl","floor":34},{"not_picked":["Rebound","Beam Cell","Double Energy+1"],"picked":"Singing Bowl","floor":35},{"not_picked":["Compile Driver+1","Barrage+1","Turbo"],"picked":"Singing Bowl","floor":37},{"not_picked":["Reboot","Reprogram+1","Compile Driver"],"picked":"Singing Bowl","floor":38},{"not_picked":["Doom and Gloom","Beam Cell+1","Turbo"],"picked":"Singing Bowl","floor":40},{"not_picked":["Rip and Tear+1","Self Repair+1","Beam Cell"],"picked":"Singing Bowl","floor":41},{"not_picked":["Genetic Algorithm","Stack+1","Ball Lightning+1"],"picked":"Singing Bowl","floor":42},{"not_picked":["Barrage+1","Chaos","Buffer"],"picked":"Singing Bowl","floor":44},{"not_picked":["Loop","Go for the Eyes+1","Beam Cell+1"],"picked":"Singing Bowl","floor":47}],"player_experience":153011,"relics_obtained":[{"floor":6,"key":"Unceasing Top"},{"floor":8,"key":"Ancient Tea Set"},{"floor":9,"key":"Boot"},{"floor":10,"key":"Orichalcum"},{"floor":12,"key":"Bottled Lightning"},{"floor":24,"key":"DataDisk"},{"floor":26,"key":"Singing Bowl"},{"floor":29,"key":"Kunai"},{"floor":30,"key":"FossilizedHelix"},{"floor":30,"key":"Mummified Hand"},{"floor":40,"key":"Bronze Scales"},{"floor":42,"key":"Bird Faced Urn"},{"floor":43,"key":"Molten Egg 2"},{"floor":44,"key":"Bag of Marbles"},{"floor":48,"key":"Art of War"}],"event_choices":[{"damage_healed":0,"gold_gain":0,"player_choice":"Got Potions","damage_taken":0,"max_hp_gain":0,"max_hp_loss":0,"event_name":"Lab","floor":2,"gold_loss":0},{"cards_removed":["Strike_B"],"damage_healed":0,"gold_gain":0,"player_choice":"Card Removal","damage_taken":7,"max_hp_gain":0,"max_hp_loss":0,"event_name":"Golden Wing","floor":13,"gold_loss":0},{"damage_healed":0,"gold_gain":75,"player_choice":"Gather Gold","damage_taken":11,"max_hp_gain":0,"max_hp_loss":0,"event_name":"World of Goop","floor":14,"gold_loss":0},{"damage_healed":0,"gold_gain":0,"player_choice":"Upgraded Two","damage_taken":0,"max_hp_gain":0,"max_hp_loss":0,"event_name":"Designer","floor":19,"gold_loss":40,"cards_upgraded":["Defend_B","Streamline"]},{"damage_healed":0,"gold_gain":0,"player_choice":"Fight","damage_taken":0,"max_hp_gain":0,"max_hp_loss":0,"event_name":"Colosseum","floor":30,"gold_loss":0},{"damage_healed":0,"gold_gain":0,"player_choice":"Fought Nobs","damage_taken":0,"max_hp_gain":0,"max_hp_loss":0,"event_name":"Colosseum","floor":30,"gold_loss":0},{"damage_healed":0,"gold_gain":0,"player_choice":"Embrace Madness","damage_taken":11,"max_hp_gain":0,"max_hp_loss":0,"event_name":"Winding Halls","floor":39,"gold_loss":0,"cards_obtained":["Madness","Madness"]},{"damage_healed":0,"gold_gain":0,"player_choice":"Fight","damage_taken":0,"max_hp_gain":0,"max_hp_loss":0,"event_name":"Mysterious Sphere","floor":42,"gold_loss":0}],"is_beta":false,"boss_relics":[{"not_picked":["FrozenCore","Snecko Eye"],"picked":"Astrolabe"},{"not_picked":["Empty Cage","Calling Bell"],"picked":"Tiny House"}],"items_purged_floors":[45],"is_endless":false,"potions_floor_spawned":[3,4,6,16,18,20,21,22,25,31,33,35,37,41,47],"ascension_level":6}