{"gold_per_floor":[109,1,151,151,23,23,49,49,49,78,89,107,126,126,126,199,199,199,199,52,52,52,52,52,52,52,52,52,52,52,52,52,52,52,52,52,52,52,52,52,52],"floor_reached":41,"playtime":2140,"items_purged":["Doubt"],"score":1132,"play_id":"e71abeb2-3c97-4ddc-a2ff-deeb67f324f9","local_time":"20190123003755","is_ascension_mode":true,"campfire_choices":[{"data":"Calculated Gamble","floor":6,"key":"SMITH"},{"data":"Underhanded Strike","floor":8,"key":"SMITH"},{"data":"Footwork","floor":15,"key":"SMITH"},{"data":"After Image","floor":23,"key":"SMITH"},{"data":"Footwork","floor":25,"key":"SMITH"},{"data":"Cloak And Dagger","floor":29,"key":"SMITH"},{"floor":32,"key":"REST"},{"floor":40,"key":"REST"}],"neow_cost":"NONE","seed_source_timestamp":15489082527153,"circlet_count":0,"master_deck":["AscendersBane","Defend_G","Defend_G","Defend_G","Defend_G","Defend_G","Strike_G","Strike_G","Strike_G","Strike_G","Strike_G","Survivor","Neutralize+1","Calculated Gamble+1","Dagger Throw","Poisoned Stab","Underhanded Strike+1","Blur","Tools of the Trade","Dagger Spray","Footwork+1","Distraction","After Image+1","Cloak And Dagger+1","PiercingWail+1","Footwork+1","Deadly Poison","Underhanded Strike","Backflip","Dash","Underhanded Strike+1","Escape Plan","Die Die Die","Malaise","Underhanded Strike+1","Masterful Stab+1","Dash"],"relics":["Ring of the Snake","NeowsBlessing","PreservedInsect","Bag of Preparation","Bronze Scales","Ectoplasm","Juzu Bracelet","Question Card","Mummified Hand","Ancient Tea Set","Fusion Hammer","Peace Pipe"],"potions_floor_usage":[13,28,31,33,41],"damage_taken":[{"damage":0,"enemies":"Jaw Worm","floor":1,"turns":1},{"damage":0,"enemies":"Lagavulin","floor":7,"turns":1},{"damage":0,"enemies":"3 Sentries","floor":10,"turns":1},{"damage":0,"enemies":"2 Louse","floor":11,"turns":2},{"damage":0,"enemies":"Cultist","floor":12,"turns":3},{"damage":0,"enemies":"Gremlin Gang","floor":13,"turns":5},{"damage":44,"enemies":"Hexaghost","floor":16,"turns":12},{"damage":0,"enemies":"Chosen","floor":18,"turns":7},{"damage":4,"enemies":"Shell Parasite","floor":19,"turns":7},{"damage":8,"enemies":"Cultist and Chosen","floor":21,"turns":9},{"damage":0,"enemies":"Centurion and Healer","floor":22,"turns":9},{"damage":6,"enemies":"Snecko","floor":24,"turns":8},{"damage":0,"enemies":"Book of Stabbing","floor":27,"turns":7},{"damage":0,"enemies":"Cultist and Chosen","floor":28,"turns":3},{"damage":0,"enemies":"Slavers","floor":31,"turns":5},{"damage":50,"enemies":"Automaton","floor":33,"turns":13},{"damage":17,"enemies":"3 Darklings","floor":35,"turns":6},{"damage":1,"enemies":"3 Shapes","floor":36,"turns":6},{"damage":13,"enemies":"Mind Bloom Boss Battle","floor":37,"turns":8},{"damage":4,"enemies":"3 Darklings","floor":39,"turns":4},{"damage":56,"enemies":"Reptomancer","floor":41,"turns":11}],"seed_played":"1491010343449593430","potions_obtained":[{"floor":10,"key":"GamblersBrew"},{"floor":14,"key":"SteroidPotion"},{"floor":14,"key":"SmokeBomb"},{"floor":27,"key":"SpeedPotion"},{"floor":31,"key":"Strength Potion"},{"floor":36,"key":"FairyPotion"},{"floor":39,"key":"Block Potion"}],"is_trial":false,"path_per_floor":["?","?","$","?","M","M","T","?"],"character_chosen":"THE_SILENT","items_purchased":["Dagger Throw","Poisoned Stab","Underhanded Strike","Footwork","Deadly Poison","Underhanded Strike"],"campfire_rested":2,"item_purchase_floors":[2,2,5,20,20,20],"current_hp_per_floor":[59,59,59,59,59,59,59,59,59,59,59,59,59,59,59,15,53,53,49,49,41,41,41,35,35,35,35,35,35,35,35,54,4,51,34,33,20,20,16,35,0],"gold":52,"neow_bonus":"THREE_ENEMY_KILL","is_prod":false,"is_daily":false,"chose_seed":false,"campfire_upgraded":6,"win_rate":0,"timestamp":1548232675,"path_taken":["M","$","?","?","?","R","E","R","T","E","M","M","M","?","R","BOSS","M","?","$","M","?","R","M","R","T","E","M","R","?","E","R","BOSS","M","M","?","$","M","R","E"],"build_version":"2019-01-22","purchased_purges":1,"victory":false,"max_hp_per_floor":[66,66,66,66,66,66,66,66,66,66,66,66,66,66,66,66,66,66,66,66,66,66,66,66,66,66,66,66,66,66,66,66,66,66,66,66,66,66,66,66,66],"card_choices":[{"not_picked":["Deflect","Bane"],"picked":"Calculated Gamble","floor":1},{"not_picked":["Bouncing Flask","Dagger Spray"],"picked":"Blur","floor":7},{"not_picked":["Sucker Punch","Doppelganger"],"picked":"Tools of the Trade","floor":10},{"not_picked":["PiercingWail","Dodge and Roll"],"picked":"Dagger Spray","floor":11},{"not_picked":["Deadly Poison","Dash"],"picked":"Footwork","floor":12},{"not_picked":["Slice","Dodge and Roll"],"picked":"Distraction","floor":13},{"not_picked":["Adrenaline","Night Terror"],"picked":"After Image","floor":16},{"not_picked":["Infinite Blades","Choke"],"picked":"Cloak And Dagger","floor":18},{"not_picked":["Acrobatics","Concentrate"],"picked":"PiercingWail+1","floor":19},{"not_picked":["Calculated Gamble+1","Dodge and Roll"],"picked":"Backflip","floor":21},{"not_picked":["Infinite Blades","Expertise"],"picked":"Dash","floor":22},{"not_picked":["Catalyst+1","Cloak And Dagger"],"picked":"Underhanded Strike+1","floor":24},{"not_picked":["Sucker Punch","Flying Knee"],"picked":"Escape Plan","floor":27},{"not_picked":["Sucker Punch","Flying Knee","Dagger Throw"],"picked":"Die Die Die","floor":31},{"not_picked":["Unload","Venomology","Grand Finale"],"picked":"Malaise","floor":33},{"not_picked":["Expertise+1","Outmaneuver","Poisoned Stab"],"picked":"Underhanded Strike+1","floor":35},{"not_picked":["Dagger Throw","Flechettes+1","Calculated Gamble"],"picked":"Masterful Stab+1","floor":37},{"not_picked":["Catalyst","Dagger Spray","Well Laid Plans"],"picked":"Dash","floor":39}],"player_experience":1042606,"relics_obtained":[{"floor":7,"key":"PreservedInsect"},{"floor":9,"key":"Bag of Preparation"},{"floor":10,"key":"Bronze Scales"},{"floor":26,"key":"Juzu Bracelet"},{"floor":27,"key":"Question Card"},{"floor":30,"key":"Mummified Hand"},{"floor":31,"key":"Ancient Tea Set"},{"floor":37,"key":"Peace Pipe"}],"event_choices":[{"damage_healed":0,"gold_gain":150,"player_choice":"AGREE","damage_taken":0,"max_hp_gain":0,"max_hp_loss":0,"event_name":"Liars Game","floor":3,"gold_loss":0,"cards_obtained":["Doubt"]},{"damage_healed":0,"gold_gain":0,"player_choice":"Grow","damage_taken":0,"max_hp_gain":0,"max_hp_loss":0,"event_name":"Living Wall","floor":4,"gold_loss":0,"cards_upgraded":["Neutralize"]},{"damage_healed":0,"gold_gain":0,"player_choice":"Got Potions","damage_taken":0,"max_hp_gain":0,"max_hp_loss":0,"event_name":"Lab","floor":14,"gold_loss":0},{"damage_healed":0,"gold_gain":0,"player_choice":"Fight","damage_taken":0,"max_hp_gain":0,"max_hp_loss":0,"event_name":"MindBloom","floor":37,"gold_loss":0}],"is_beta":true,"boss_relics":[{"not_picked":["Orrery","Ring of the Serpent"],"picked":"Ectoplasm"},{"not_picked":["Tiny House","Eternal Feather"],"picked":"Fusion Hammer"}],"items_purged_floors":[5],"is_endless":false,"potions_floor_spawned":[10,18,19,24,27,31,36,39],"killed_by":"Reptomancer","ascension_level":20}