{"gold_per_floor":[111,126,76,76,93,18,18,88,88,213,224,224,258,268,268,268],"floor_reached":16,"playtime":253,"items_purged":["Defend_R"],"score":107,"play_id":"cee29808-6101-41bc-a7aa-95a74071a0c3","local_time":"20190202143812","is_ascension_mode":true,"campfire_choices":[{"data":"Bash","floor":7,"key":"SMITH"},{"data":"Rampage","floor":12,"key":"SMITH"},{"data":"Rampage","floor":15,"key":"SMITH"}],"neow_cost":"NONE","seed_source_timestamp":43839935910162,"circlet_count":0,"master_deck":["Strike_R","Strike_R","Strike_R","Strike_R","Strike_R","Defend_R","Defend_R","Bash+1","Immolate","Rampage+1","Rampage+1"],"relics":["Cursed Key","SsserpentHead","Du-Vu Doll"],"potions_floor_usage":[13,13,16],"damage_taken":[{"damage":3,"enemies":"Jaw Worm","floor":1,"turns":3},{"damage":0,"enemies":"Small Slimes","floor":2,"turns":3},{"damage":0,"enemies":"Cultist","floor":5,"turns":2},{"damage":5,"enemies":"3 Louse","floor":8,"turns":3},{"damage":12,"enemies":"Blue Slaver","floor":11,"turns":2},{"damage":8,"enemies":"Lagavulin","floor":13,"turns":5},{"damage":11,"enemies":"Large Slime","floor":14,"turns":2},{"damage":33,"enemies":"The Guardian","floor":16,"turns":6}],"seed_played":"2391922618379152172","potions_obtained":[{"floor":1,"key":"Energy Potion"},{"floor":8,"key":"Poison Potion"},{"floor":11,"key":"Ancient Potion"},{"floor":14,"key":"Block Potion"}],"is_trial":false,"path_per_floor":["M","M","?","?","M","$","R","M","T","?","M","R","E","M","R","B"],"character_chosen":"IRONCLAD","items_purchased":[],"campfire_rested":0,"item_purchase_floors":[],"current_hp_per_floor":[77,77,77,77,77,77,77,72,72,61,49,49,41,30,30,0],"gold":268,"neow_bonus":"BOSS_RELIC","is_prod":false,"is_daily":false,"chose_seed":false,"campfire_upgraded":3,"win_rate":0,"timestamp":1549147092,"path_taken":["M","M","?","?","M","$","R","?","T","?","M","R","E","M","R","BOSS"],"build_version":"2019-01-23","purchased_purges":1,"victory":false,"max_hp_per_floor":[80,80,80,80,80,80,80,80,80,80,80,80,80,80,80,80],"card_choices":[{"not_picked":["Perfected Strike","Shrug It Off","Iron Wave"],"picked":"SKIP","floor":1},{"not_picked":["Warcry","Headbutt","Searing Blow"],"picked":"SKIP","floor":2},{"not_picked":["Pommel Strike","Heavy Blade","Twin Strike"],"picked":"SKIP","floor":5},{"not_picked":["Anger","Shrug It Off"],"picked":"Immolate","floor":8},{"not_picked":["Twin Strike","Cleave"],"picked":"Rampage","floor":11},{"not_picked":["Evolve","Blood for Blood"],"picked":"Rampage","floor":13},{"not_picked":["Thunderclap","Flame Barrier","Reckless Charge"],"picked":"SKIP","floor":14}],"player_experience":1103839,"relics_obtained":[{"floor":13,"key":"Du-Vu Doll"}],"event_choices":[{"cards_removed":["Defend_R"],"damage_healed":0,"gold_gain":0,"player_choice":"Card Removal","damage_taken":0,"max_hp_gain":0,"max_hp_loss":0,"event_name":"The Cleric","floor":3,"gold_loss":50},{"damage_healed":0,"gold_gain":0,"player_choice":"Trade","damage_taken":0,"relics_obtained":["SsserpentHead"],"max_hp_gain":0,"max_hp_loss":0,"event_name":"FaceTrader","floor":4,"gold_loss":0},{"damage_healed":0,"gold_gain":75,"player_choice":"Gather Gold","damage_taken":11,"max_hp_gain":0,"max_hp_loss":0,"event_name":"World of Goop","floor":10,"gold_loss":0}],"is_beta":true,"boss_relics":[],"items_purged_floors":[6],"is_endless":false,"potions_floor_spawned":[1,8,11,14],"killed_by":"The Guardian","ascension_level":1}