{"gold_per_floor":[111,121,121,42,42,74,86,86,86,86,115,125,125,137,137,239,239,239,36,48,65,65,65,65,65,65,82,95,20,50,67,67,169,169,184,0,14,24,35,35,61,79,130,130,149,149,149,165,165,165],"floor_reached":51,"playtime":5495,"items_purged":["Strike_R"],"score":720,"play_id":"40ab30f7-da9c-4c79-a78f-884d74af04b8","local_time":"20180707002337","is_ascension_mode":true,"campfire_choices":[{"data":"Clothesline","floor":8,"key":"SMITH"},{"data":"Power Through","floor":10,"key":"SMITH"},{"data":"Wild Strike","floor":13,"key":"SMITH"},{"data":"Shrug It Off","floor":15,"key":"SMITH"},{"data":"Demon Form","floor":23,"key":"SMITH"},{"data":"Evolve","floor":25,"key":"SMITH"},{"floor":32,"key":"REST"},{"data":"Wild Strike","floor":40,"key":"SMITH"},{"data":"Shrug It Off","floor":44,"key":"SMITH"},{"floor":47,"key":"REST"},{"data":"Master of Strategy","floor":49,"key":"SMITH"}],"neow_cost":"NONE","seed_source_timestamp":1993770763357768,"circlet_count":0,"master_deck":["Bash","Evolve+1","Clothesline+1","Power Through+1","Headbutt","Wild Strike+1","Uppercut","Shrug It Off+1","Demon Form+1","Feel No Pain+1","True Grit+1","Wild Strike","Havoc","Iron Wave","Battle Trance","Shockwave","Flame Barrier+1","Double Tap","Headbutt","Clash","Flex","Infernal Blade","Metallicize","Flex","Corruption","Wild Strike+1","Twin Strike+1","Heavy Blade+1","Sword Boomerang+1","Pommel Strike+1","Warcry+1","Shrug It Off+1","Feel No Pain","Master of Strategy+1"],"relics":["Burning Blood","Bag of Marbles","Mango","Bottled Flame","Prayer Wheel","Mark of Pain","Medical Kit","Toolbox","Mummified Hand","Pandora\u0027s Box","Red Mask","Orichalcum","Regal Pillow"],"potions_floor_usage":[6,6,11,12,16,18,28,30,33,33,35,35,39,41,45,50],"damage_taken":[{"damage":3,"enemies":"2 Louse","floor":1,"turns":3},{"damage":1,"enemies":"Cultist","floor":2,"turns":3},{"damage":18,"enemies":"3 Sentries","floor":6,"turns":10},{"damage":0,"enemies":"Jaw Worm","floor":7,"turns":3},{"damage":10,"enemies":"Gremlin Nob","floor":11,"turns":4},{"damage":6,"enemies":"3 Louse","floor":12,"turns":3},{"damage":10,"enemies":"Exordium Thugs","floor":14,"turns":5},{"damage":72,"enemies":"Hexaghost","floor":16,"turns":12},{"damage":0,"enemies":"3 Byrds","floor":18,"turns":1},{"damage":6,"enemies":"Shell Parasite","floor":20,"turns":6},{"damage":10,"enemies":"Centurion and Healer","floor":21,"turns":8},{"damage":0,"enemies":"Snake Plant","floor":27,"turns":5},{"damage":8,"enemies":"Cultist and Chosen","floor":28,"turns":7},{"damage":59,"enemies":"Gremlin Leader","floor":30,"turns":7},{"damage":0,"enemies":"Snecko","floor":31,"turns":3},{"damage":30,"enemies":"Automaton","floor":33,"turns":10},{"damage":16,"enemies":"Flame Bruiser 1 Orb","floor":35,"turns":7},{"damage":4,"enemies":"3 Shapes","floor":37,"turns":4},{"damage":8,"enemies":"Spire Growth","floor":38,"turns":4},{"damage":14,"enemies":"4 Shapes","floor":39,"turns":4},{"damage":9,"enemies":"Nemesis","floor":41,"turns":5},{"damage":14,"enemies":"3 Darklings","floor":42,"turns":5},{"damage":11,"enemies":"Sphere and 2 Shapes","floor":45,"turns":5},{"damage":9,"enemies":"Flame Bruiser 2 Orb","floor":48,"turns":6},{"damage":56,"enemies":"Donu and Deca","floor":50,"turns":8}],"seed_played":"-646808120378737204","potions_obtained":[{"floor":1,"key":"Weak Potion"},{"floor":5,"key":"Swift Potion"},{"floor":5,"key":"SpeedPotion"},{"floor":6,"key":"FearPotion"},{"floor":11,"key":"SteroidPotion"},{"floor":14,"key":"SmokeBomb"},{"floor":21,"key":"Block Potion"},{"floor":28,"key":"Weak Potion"},{"floor":31,"key":"EntropicBrew"},{"floor":35,"key":"GamblersBrew"},{"floor":38,"key":"Energy Potion"},{"floor":41,"key":"FearPotion"},{"floor":42,"key":"SpeedPotion"},{"floor":48,"key":"Dexterity Potion"}],"is_trial":false,"path_per_floor":["M","M","?","$","?","E","M","R","T","R","E","M","R","M","R","B",null,"M","$","M","M","?","R","?","R","T","M","M","$","E","M","R","B",null,"M","?","M","M","M","R","E","M","T","R","M","?","R","M","R","B"],"character_chosen":"IRONCLAD","items_purchased":["Power Through","Medical Kit"],"campfire_rested":2,"item_purchase_floors":[4,19],"current_hp_per_floor":[80,80,80,80,80,82,88,88,88,88,84,84,84,80,80,14,94,94,94,94,90,90,90,90,90,90,94,92,92,41,47,75,51,94,84,84,86,84,76,76,73,65,65,65,60,55,94,91,91,41],"gold":165,"neow_bonus":"RANDOM_COMMON_RELIC","is_prod":false,"is_daily":false,"chose_seed":false,"campfire_upgraded":9,"win_rate":0,"timestamp":1530937417,"path_taken":["M","M","?","$","?","E","?","R","T","R","E","M","R","M","R","BOSS","M","$","M","M","?","R","?","R","T","M","M","$","E","M","R","BOSS","M","?","M","M","M","R","E","M","T","R","?","?","R","M","R","BOSS"],"build_version":"2018-07-05","purchased_purges":1,"victory":true,"max_hp_per_floor":[80,80,80,80,80,94,94,94,94,94,94,94,94,94,94,94,94,94,94,94,94,94,94,94,94,94,94,94,94,94,94,94,94,94,94,94,94,94,94,94,94,94,94,94,94,94,94,94,94,94],"card_choices":[{"not_picked":["Wild Strike","Cleave"],"picked":"Evolve","floor":1},{"not_picked":["Cleave","Pummel"],"picked":"Clothesline","floor":2},{"not_picked":["Body Slam","Clash","Berserk"],"picked":"SKIP","floor":6},{"not_picked":["Heavy Blade","Searing Blow"],"picked":"Headbutt","floor":7},{"not_picked":["Seeing Red","Double Tap"],"picked":"Wild Strike","floor":11},{"not_picked":["Warcry","Perfected Strike"],"picked":"Uppercut","floor":12},{"not_picked":["Sword Boomerang","Burning Pact","Body Slam"],"picked":"SKIP","floor":12},{"not_picked":["Fire Breathing","Twin Strike"],"picked":"Shrug It Off","floor":14},{"not_picked":["Uppercut","Pommel Strike","Heavy Blade"],"picked":"SKIP","floor":14},{"not_picked":["Barricade","Bludgeon"],"picked":"Demon Form","floor":16},{"not_picked":["Body Slam","Infernal Blade"],"picked":"Feel No Pain+1","floor":20},{"not_picked":["Sword Boomerang","Twin Strike+1","Anger"],"picked":"SKIP","floor":20},{"not_picked":["Rupture+1","Juggernaut"],"picked":"True Grit+1","floor":21},{"not_picked":["Blood for Blood","True Grit","Anger"],"picked":"SKIP","floor":21},{"not_picked":["Thunderclap","Second Wind"],"picked":"Wild Strike","floor":27},{"not_picked":["Blood for Blood","Warcry"],"picked":"Havoc","floor":27},{"not_picked":["Sentinel+1","Clothesline"],"picked":"Iron Wave","floor":28},{"not_picked":["Headbutt","Fire Breathing+1","Clothesline"],"picked":"SKIP","floor":28},{"not_picked":["Headbutt","Fire Breathing+1","Clothesline"],"picked":"SKIP","floor":28},{"not_picked":["Perfected Strike","Sever Soul+1"],"picked":"Battle Trance","floor":30},{"not_picked":["Searing Blow","Seeing Red"],"picked":"Shockwave","floor":31},{"not_picked":["Havoc","Dark Embrace"],"picked":"Flame Barrier+1","floor":31},{"not_picked":["Juggernaut","Demon Form"],"picked":"Double Tap","floor":33},{"not_picked":["Intimidate","Bloodletting+1"],"picked":"Wild Strike","floor":35},{"not_picked":["Flex","Infernal Blade+1"],"picked":"Twin Strike+1","floor":35},{"not_picked":["Barricade","Dual Wield"],"picked":"Heavy Blade+1","floor":37},{"not_picked":["Rupture","Headbutt"],"picked":"Sword Boomerang+1","floor":37},{"not_picked":["Seeing Red","Pummel"],"picked":"Pommel Strike+1","floor":38},{"not_picked":["Wild Strike+1","Heavy Blade+1","Perfected Strike+1"],"picked":"SKIP","floor":38},{"not_picked":["Thunderclap","Power Through+1"],"picked":"Warcry+1","floor":39},{"not_picked":["Double Tap","Havoc+1","Flex+1"],"picked":"SKIP","floor":39},{"not_picked":["Flex","Clothesline+1","Juggernaut"],"picked":"SKIP","floor":41},{"not_picked":["Metallicize+1","Havoc"],"picked":"Shrug It Off","floor":42},{"not_picked":["Bloodletting","Thunderclap+1","Intimidate"],"picked":"SKIP","floor":42},{"not_picked":["Warcry","Flame Barrier"],"picked":"Feel No Pain","floor":45},{"not_picked":["Havoc","Second Wind","Anger"],"picked":"SKIP","floor":45},{"not_picked":["Panacea","Trip"],"picked":"Master of Strategy","floor":46},{"not_picked":["Infernal Blade+1","Dropkick+1","Shockwave"],"picked":"SKIP","floor":48},{"not_picked":["Clothesline","Flame Barrier+1","Armaments"],"picked":"SKIP","floor":48}],"player_experience":204551,"relics_obtained":[{"floor":6,"key":"Mango"},{"floor":9,"key":"Bottled Flame"},{"floor":11,"key":"Prayer Wheel"},{"floor":26,"key":"Toolbox"},{"floor":30,"key":"Mummified Hand"},{"floor":41,"key":"Orichalcum"},{"floor":43,"key":"Regal Pillow"}],"event_choices":[{"event_name":"Bonfire Elementals","player_choice":"BASIC","floor":3,"damage_taken":0},{"event_name":"The Lab","player_choice":"Got Potions","floor":5,"damage_taken":0},{"event_name":"Vampires","player_choice":"Ignored","floor":22,"damage_taken":0},{"event_name":"Addict","player_choice":"Ignored","floor":24,"damage_taken":0},{"event_name":"Tomb of Lord Red Mask","player_choice":"Paid","floor":36,"damage_taken":0},{"event_name":"SensoryStone","player_choice":"Memory 2","floor":46,"damage_taken":0}],"boss_relics":[{"not_picked":["White Beast Statue","Ectoplasm"],"picked":"Mark of Pain"},{"not_picked":["Astrolabe","Black Blood"],"picked":"Pandora\u0027s Box"}],"items_purged_floors":[29],"is_endless":false,"potions_floor_spawned":[1,6,11,14,21,28,31,35,38,41,42,48],"ascension_level":1}