{"gold_per_floor":[110,35,47,47,47,78,78,143,143,43,61,93,106,122,122,225,225,242,341,135,163,13,13,32,32,108,126,136,165,165,176,176,176],"floor_reached":33,"playtime":2261,"items_purged":["Strike_R","Strike_R","Strike_R","Strike_R"],"score":300,"play_id":"2e76ba24-bd93-46d2-8aa6-2608117775e2","local_time":"20190727213047","is_ascension_mode":false,"campfire_choices":[{"data":"Dark Embrace","floor":7,"key":"SMITH"},{"data":"Cleave","floor":15,"key":"SMITH"},{"data":"True Grit","floor":23,"key":"SMITH"},{"data":"Sentinel","floor":30,"key":"SMITH"},{"floor":32,"key":"REST"}],"neow_cost":"NONE","seed_source_timestamp":1525326152009188,"circlet_count":0,"master_deck":["Strike_R","Defend_R","Defend_R","Defend_R","Defend_R","Bash","True Grit+1","Dark Embrace+1","Second Wind","Cleave+1","Headbutt","Impervious","Purity","Feel No Pain","Pain","Sentinel+1"],"relics":["Burning Blood","NeowsBlessing","Art of War","Ice Cream","Bag of Preparation","Paper Frog","Vajra","Cursed Key","Red Mask","Darkstone Periapt","Boot"],"potions_floor_usage":[12,16,18,21,29,33],"damage_taken":[{"damage":0,"enemies":"Small Slimes","floor":1,"turns":2},{"damage":0,"enemies":"2 Louse","floor":3,"turns":1},{"damage":0,"enemies":"3 Sentries","floor":6,"turns":1},{"damage":34,"enemies":"3 Sentries","floor":8,"turns":12},{"damage":3,"enemies":"Jaw Worm","floor":11,"turns":4},{"damage":28,"enemies":"Gremlin Nob","floor":12,"turns":5},{"damage":6,"enemies":"Red Slaver","floor":13,"turns":3},{"damage":6,"enemies":"3 Louse","floor":14,"turns":2},{"damage":16,"enemies":"Slime Boss","floor":16,"turns":8},{"damage":9,"enemies":"2 Thieves","floor":18,"turns":4},{"damage":25,"enemies":"Masked Bandits","floor":21,"turns":4},{"damage":13,"enemies":"Shell Parasite","floor":24,"turns":5},{"damage":2,"enemies":"Snecko","floor":27,"turns":6},{"damage":2,"enemies":"Chosen and Byrds","floor":28,"turns":4},{"damage":25,"enemies":"Book of Stabbing","floor":29,"turns":7},{"damage":3,"enemies":"3 Cultists","floor":31,"turns":4},{"damage":80,"enemies":"Champ","floor":33,"turns":14}],"seed_played":"-4162053965954017447","potions_obtained":[{"floor":3,"key":"Regen Potion"},{"floor":8,"key":"Block Potion"},{"floor":11,"key":"Dexterity Potion"},{"floor":14,"key":"AttackPotion"},{"floor":16,"key":"FearPotion"},{"floor":18,"key":"SpeedPotion"},{"floor":27,"key":"Block Potion"}],"is_trial":false,"path_per_floor":["M","$","M","?","?","E","R","?","T","$","M","E","M","M","R","B",null,"M","?","$","?","$","R","M","?","T","M","M","E","R","M","R","B"],"character_chosen":"IRONCLAD","items_purchased":["Purity"],"campfire_rested":1,"item_purchase_floors":[20],"current_hp_per_floor":[80,80,80,80,77,80,80,52,52,52,55,47,47,47,47,37,80,77,77,77,58,58,58,51,51,51,55,59,40,40,43,67,0],"gold":176,"neow_bonus":"THREE_ENEMY_KILL","is_prod":false,"is_daily":false,"chose_seed":false,"campfire_upgraded":4,"win_rate":0,"timestamp":1564281047,"path_taken":["M","$","M","?","?","E","R","?","T","$","M","E","M","M","R","BOSS","M","?","$","?","$","R","M","?","T","M","M","E","R","M","R","BOSS"],"build_version":"2019-07-17","purchased_purges":4,"victory":false,"max_hp_per_floor":[80,80,80,80,80,80,80,80,80,80,80,80,80,80,80,80,80,80,80,80,80,80,80,80,80,80,80,80,80,80,80,80,80],"card_choices":[{"not_picked":["Armaments","Clash"],"picked":"True Grit","floor":1},{"not_picked":["Cleave","Combust"],"picked":"Dark Embrace","floor":3},{"not_picked":["Power Through","Iron Wave","Rage"],"picked":"SKIP","floor":6},{"not_picked":["Entrench","Shrug It Off"],"picked":"Second Wind","floor":8},{"not_picked":["Clothesline","Armaments"],"picked":"Cleave","floor":11},{"not_picked":["Second Wind","Pommel Strike","Iron Wave"],"picked":"SKIP","floor":12},{"not_picked":["Dual Wield","Combust"],"picked":"Headbutt","floor":13},{"not_picked":["Sever Soul","Iron Wave","Blood for Blood"],"picked":"SKIP","floor":14},{"not_picked":["Berserk","Immolate"],"picked":"Impervious","floor":16},{"not_picked":["Pommel Strike","Combust+1","Warcry"],"picked":"SKIP","floor":18},{"not_picked":["Pommel Strike","Sever Soul","Juggernaut"],"picked":"SKIP","floor":24},{"not_picked":["Anger+1","Shockwave","Infernal Blade"],"picked":"SKIP","floor":27},{"not_picked":["Anger","Perfected Strike","Battle Trance"],"picked":"SKIP","floor":28},{"not_picked":["Iron Wave+1","Wild Strike"],"picked":"Sentinel","floor":29},{"not_picked":["Clothesline","Perfected Strike","Wild Strike"],"picked":"SKIP","floor":31}],"player_experience":914271,"relics_obtained":[{"floor":6,"key":"Ice Cream"},{"floor":9,"key":"Paper Frog"},{"floor":12,"key":"Vajra"},{"floor":21,"key":"Red Mask"},{"floor":26,"key":"Darkstone Periapt"},{"floor":29,"key":"Boot"}],"event_choices":[{"damage_healed":0,"gold_gain":0,"player_choice":"Leave","damage_taken":0,"max_hp_gain":0,"max_hp_loss":0,"event_name":"The Cleric","floor":4,"gold_loss":0},{"damage_healed":0,"gold_gain":0,"player_choice":"Success","damage_taken":3,"relics_obtained":["Art of War"],"max_hp_gain":0,"max_hp_loss":0,"event_name":"Scrap Ooze","floor":5,"gold_loss":0},{"damage_healed":0,"gold_gain":0,"player_choice":"Searched \u00273\u0027 times","damage_taken":0,"relics_obtained":["Bag of Preparation"],"max_hp_gain":0,"max_hp_loss":0,"event_name":"Dead Adventurer","floor":8,"gold_loss":0},{"damage_healed":0,"gold_gain":99,"player_choice":"Stole From Cult","damage_taken":0,"max_hp_gain":0,"max_hp_loss":0,"event_name":"Nest","floor":19,"gold_loss":0},{"damage_healed":0,"gold_gain":0,"player_choice":"Fought Bandits","damage_taken":0,"max_hp_gain":0,"max_hp_loss":0,"event_name":"Masked Bandits","floor":21,"gold_loss":0},{"damage_healed":0,"gold_gain":0,"player_choice":"Read","damage_taken":0,"max_hp_gain":0,"max_hp_loss":0,"event_name":"The Library","floor":25,"gold_loss":0,"cards_obtained":["Feel No Pain"]}],"is_beta":false,"boss_relics":[{"not_picked":["Black Star","Runic Dome"],"picked":"Cursed Key"}],"items_purged_floors":[2,10,20,22],"is_endless":false,"potions_floor_spawned":[3,8,11,14,16,18,27,28],"killed_by":"Champ","ascension_level":0}