{"gold_per_floor":[115,290,13,30,30,61,61,81,81,108,108,35,47,57,57,153,153,164,151,151,162,178,178,198,198,248,248,248,248,264,41,41,137,137,153,167,216,216,234,234,245,260,260,260,260,272,26,42,42,42],"floor_reached":51,"playtime":4079,"items_purged":["Doubt"],"score":701,"play_id":"43f905ae-efb0-4d79-bdcc-7468c3df9897","local_time":"20180628230906","is_ascension_mode":false,"campfire_choices":[{"floor":7,"key":"REST"},{"floor":15,"key":"REST"},{"data":"Body Slam","floor":23,"key":"SMITH"},{"data":"Body Slam","floor":25,"key":"SMITH"},{"data":"Shrug It Off","floor":27,"key":"SMITH"},{"data":"Pommel Strike","floor":29,"key":"SMITH"},{"data":"Pommel Strike","floor":32,"key":"SMITH"},{"data":"Immolate","floor":40,"key":"SMITH"},{"floor":44,"key":"REST"},{"floor":49,"key":"REST"}],"neow_cost":"TEN_PERCENT_HP_LOSS","seed_source_timestamp":1299489405885730,"circlet_count":0,"master_deck":["Defend_R","Defend_R","Defend_R","Defend_R","Bash","Havoc","Iron Wave","Shrug It Off+1","Corruption","Barricade+1","Twin Strike","Body Slam+1","Shrug It Off+1","Pommel Strike+1","Armaments+1","Pommel Strike+1","Immolate+1","Intimidate+1","Seeing Red+1","Intimidate+1","Clothesline","Second Wind+1","Body Slam+1","Headbutt+1","Power Through+1","Entrench+1","Double Tap+1","Ghostly Armor+1","Power Through+1","Burning Pact+1","Cleave+1","Rage+1","Master of Strategy+1","Metallicize","Bloodletting+1","Warcry+1","Fiend Fire","Shrug It Off+1"],"relics":["Burning Blood","Lantern","Toxic Egg 2","Matryoshka","Odd Mushroom","Astrolabe","Centennial Puzzle","Omamori","Oddly Smooth Stone","Orrery","Torii","Strawberry","Bottled Flame","Bottled Tornado","Orichalcum"],"potions_floor_usage":[10,16,16,24,36,37,50,50],"damage_taken":[{"damage":6,"enemies":"Jaw Worm","floor":1,"turns":3},{"damage":2,"enemies":"2 Louse","floor":4,"turns":2},{"damage":42,"enemies":"Gremlin Nob","floor":6,"turns":6},{"damage":1,"enemies":"Cultist","floor":8,"turns":4},{"damage":24,"floor":10,"turns":5},{"damage":6,"enemies":"Exordium Wildlife","floor":13,"turns":7},{"damage":0,"enemies":"Gremlin Gang","floor":14,"turns":5},{"damage":25,"enemies":"The Guardian","floor":16,"turns":12},{"damage":22,"enemies":"Chosen","floor":18,"turns":7},{"damage":4,"enemies":"2 Thieves","floor":19,"turns":4},{"damage":6,"enemies":"3 Cultists","floor":21,"turns":5},{"damage":9,"enemies":"Centurion and Healer","floor":22,"turns":7},{"damage":7,"enemies":"Snecko","floor":24,"turns":4},{"damage":12,"enemies":"Slaver and Parasite","floor":30,"turns":7},{"damage":0,"enemies":"Automaton","floor":33,"turns":8},{"damage":7,"enemies":"3 Shapes","floor":35,"turns":4},{"damage":14,"enemies":"Orb Walker","floor":36,"turns":6},{"damage":9,"floor":37,"turns":4},{"damage":9,"enemies":"4 Shapes","floor":39,"turns":4},{"damage":18,"enemies":"Sphere and 2 Shapes","floor":41,"turns":6},{"damage":15,"enemies":"3 Darklings","floor":42,"turns":11},{"damage":3,"enemies":"Maw","floor":46,"turns":7},{"damage":11,"enemies":"Sphere and 2 Shapes","floor":48,"turns":4},{"damage":21,"enemies":"Awakened One","floor":50,"turns":11}],"seed_played":"3799116698692684069","potions_obtained":[{"floor":1,"key":"Strength Potion"},{"floor":8,"key":"Strength Potion"},{"floor":14,"key":"Regen Potion"},{"floor":21,"key":"Energy Potion"},{"floor":24,"key":"Swift Potion"},{"floor":36,"key":"AttackPotion"},{"floor":42,"key":"SkillPotion"},{"floor":46,"key":"GamblersBrew"}],"is_trial":false,"path_per_floor":["M","?","$","M","?","E","R","M","T","?","?","$","M","M","R","B",null,"M","M","?","M","M","R","M","R","T","R","?","R","M","$","R","B",null,"M","M","?","?","M","R","M","M","T","R","T","M","$","M","R","B"],"character_chosen":"IRONCLAD","items_purchased":["Lantern","Iron Wave","Shrug It Off+1","Pommel Strike","Oddly Smooth Stone","LiquidBronze","Shrug It Off+1","Orichalcum","FearPotion"],"campfire_rested":4,"item_purchase_floors":[3,3,12,12,31,31,47,47,47],"current_hp_per_floor":[72,72,72,72,72,36,57,62,62,44,44,44,44,50,71,67,72,56,58,58,58,55,55,54,54,54,54,72,72,66,66,66,72,72,71,63,60,60,57,57,45,36,43,66,66,69,69,64,79,64],"gold":42,"neow_bonus":"TRANSFORM_TWO_CARDS","is_prod":false,"is_daily":false,"chose_seed":false,"campfire_upgraded":6,"win_rate":0,"timestamp":1530241746,"path_taken":["M","?","$","M","?","E","R","M","T","?","?","$","M","M","R","BOSS","M","M","?","M","M","R","M","R","T","R","?","R","?","$","R","BOSS","M","M","?","?","M","R","?","M","T","R","?","M","$","M","R","BOSS"],"build_version":"2018-06-21v2","purchased_purges":1,"victory":true,"max_hp_per_floor":[72,72,72,72,72,72,72,72,72,72,72,72,72,72,72,72,72,72,72,72,72,72,72,72,72,72,72,72,72,72,72,72,72,72,72,72,72,72,72,72,72,72,79,79,79,79,79,79,79,79],"card_choices":[{"not_picked":["Havoc","Anger"],"picked":"Dropkick","floor":1},{"not_picked":["Rampage","Headbutt"],"picked":"Shrug It Off","floor":4},{"not_picked":["Clash","Cleave"],"picked":"Barricade","floor":6},{"not_picked":["Clash","Flex+1"],"picked":"Twin Strike","floor":8},{"not_picked":["Headbutt","Reckless Charge"],"picked":"Body Slam","floor":10},{"not_picked":["Sword Boomerang","Havoc+1"],"picked":"Armaments+1","floor":13},{"not_picked":["Wild Strike","Evolve"],"picked":"Pommel Strike","floor":14},{"not_picked":["Feed","Brutality"],"picked":"Immolate","floor":16},{"not_picked":["Reckless Charge","Anger"],"picked":"Clothesline","floor":18},{"not_picked":["Cleave","Sentinel+1"],"picked":"Second Wind+1","floor":19},{"not_picked":["Anger","Demon Form"],"picked":"Body Slam","floor":21},{"not_picked":["Twin Strike","Thunderclap"],"picked":"Headbutt+1","floor":22},{"not_picked":["Anger","Clothesline"],"picked":"Power Through+1","floor":24},{"not_picked":["Power Through+1","Dropkick+1"],"picked":"Entrench+1","floor":30},{"not_picked":["Dark Embrace","Bludgeon"],"picked":"Double Tap+1","floor":33},{"not_picked":["Uppercut","Shrug It Off+1"],"picked":"Ghostly Armor+1","floor":34},{"not_picked":["Wild Strike","Clothesline"],"picked":"Power Through+1","floor":34},{"not_picked":["Uppercut","Sword Boomerang+1"],"picked":"Burning Pact+1","floor":34},{"not_picked":["Second Wind+1","Clothesline+1"],"picked":"Cleave+1","floor":34},{"not_picked":["Perfected Strike","Thunderclap","True Grit+1"],"picked":"SKIP","floor":35},{"not_picked":["Twin Strike+1","Clash+1","Power Through+1"],"picked":"SKIP","floor":36},{"not_picked":["Armaments+1","Pummel"],"picked":"Rage+1","floor":37},{"not_picked":["Apotheosis+1","Trip+1"],"picked":"Master of Strategy+1","floor":38},{"not_picked":["Clash+1","Wild Strike+1"],"picked":"Metallicize","floor":39},{"not_picked":["Clothesline","Second Wind+1"],"picked":"Bloodletting+1","floor":41},{"not_picked":["Infernal Blade+1","Flex+1"],"picked":"Warcry+1","floor":42},{"not_picked":["Pommel Strike+1","Sword Boomerang"],"picked":"Fiend Fire","floor":46},{"not_picked":["Headbutt","Inflame+1","Clash+1"],"picked":"SKIP","floor":48}],"player_experience":160129,"relics_obtained":[{"floor":6,"key":"Toxic Egg 2"},{"floor":9,"key":"Matryoshka"},{"floor":10,"key":"Odd Mushroom"},{"floor":26,"key":"Centennial Puzzle"},{"floor":26,"key":"Omamori"},{"floor":37,"key":"Torii"},{"floor":43,"key":"Strawberry"},{"floor":43,"key":"Bottled Flame"},{"floor":45,"key":"Bottled Tornado"}],"event_choices":[{"event_name":"Liars Game","player_choice":"agreed","floor":2,"damage_taken":0},{"event_name":"Transmorgrifier","player_choice":"Transform","floor":5,"damage_taken":0},{"event_name":"Mushrooms","player_choice":"Fought Mushrooms","floor":10,"damage_taken":0},{"event_name":"Living Wall","player_choice":"Grow","floor":11,"damage_taken":0},{"event_name":"Vampires","player_choice":"Ignored","floor":20,"damage_taken":0},{"event_name":"Bonfire Elementals","player_choice":"UNCOMMON","floor":28,"damage_taken":0},{"event_name":"Mysterious Sphere","player_choice":"Fight","floor":37,"damage_taken":0},{"event_name":"SensoryStone","player_choice":"Memory 1","floor":38,"damage_taken":0}],"boss_relics":[{"not_picked":["Tiny House","Mark of Pain"],"picked":"Astrolabe"},{"not_picked":["Busted Crown","Snecko Eye"],"picked":"Orrery"}],"items_purged_floors":[3],"is_endless":false,"potions_floor_spawned":[1,8,14,21,24,36,42,46],"ascension_level":0}