{"gold_per_floor":[13,31,50,50,50,107,107,120,120,137,169,179,254,254,254,254],"floor_reached":16,"playtime":1260,"items_purged":[],"score":112,"play_id":"e8a3c009-7d9f-4715-8a03-4e042352a77d","local_time":"20181004123758","is_ascension_mode":false,"campfire_choices":[{"floor":7,"key":"REST"},{"floor":15,"key":"DIG"}],"neow_cost":"NO_GOLD","seed_source_timestamp":410452170664506,"circlet_count":0,"master_deck":["Strike_B","Strike_B","Strike_B","Strike_B","Defend_B","Defend_B+1","Defend_B","Defend_B","Zap+1","Dualcast","Coolheaded","Cold Snap","Beam Cell","Electrodynamics","Go for the Eyes","Leap","Creative AI","Glacier"],"relics":["Cracked Core","Nunchaku","Tiny Chest","Symbiotic Virus","Shovel","Ice Cream","Unceasing Top"],"potions_floor_usage":[6],"damage_taken":[{"damage":1,"enemies":"2 Louse","floor":1,"turns":2},{"damage":5,"enemies":"Small Slimes","floor":2,"turns":3},{"damage":2,"enemies":"Jaw Worm","floor":3,"turns":3},{"damage":14,"enemies":"Gremlin Nob","floor":6,"turns":4},{"damage":6,"enemies":"Looter","floor":8,"turns":3},{"damage":3,"enemies":"Large Slime","floor":10,"turns":4},{"damage":8,"enemies":"3 Sentries","floor":11,"turns":3},{"damage":0,"enemies":"Lots of Slimes","floor":12,"turns":1},{"damage":34,"enemies":"Hexaghost","floor":16,"turns":11}],"seed_played":"3407693994406617191","potions_obtained":[{"floor":2,"key":"SkillPotion"},{"floor":10,"key":"SteroidPotion"},{"floor":11,"key":"LiquidBronze"},{"floor":12,"key":"Strength Potion"}],"is_trial":false,"path_per_floor":["M","M","M","?","$","E","R","M","T","M","E","M","?","T","R"],"character_chosen":"DEFECT","items_purchased":[],"campfire_rested":1,"item_purchase_floors":[],"current_hp_per_floor":[74,69,67,52,52,38,60,54,54,51,43,43,32,32,32,0],"gold":254,"neow_bonus":"ONE_RARE_RELIC","is_prod":false,"is_daily":false,"chose_seed":false,"campfire_upgraded":0,"win_rate":0,"timestamp":1538671078,"path_taken":["M","M","M","?","$","E","R","M","T","M","E","M","?","?","R","BOSS"],"build_version":"2018-10-03","purchased_purges":0,"victory":false,"max_hp_per_floor":[75,75,75,75,75,75,75,75,75,75,75,75,75,75,75,75],"card_choices":[{"not_picked":["Beam Cell","Steam"],"picked":"Coolheaded","floor":1},{"not_picked":["Defragment","Meteor Strike"],"picked":"Cold Snap","floor":2},{"not_picked":["Rebound","Gash"],"picked":"Beam Cell","floor":3},{"not_picked":["Beam Cell","Go for the Eyes"],"picked":"Electrodynamics","floor":6},{"not_picked":["Undo","Stack"],"picked":"Go for the Eyes","floor":8},{"not_picked":["Chill","Streamline"],"picked":"Leap","floor":10},{"not_picked":["Conserve Battery","Rip and Tear"],"picked":"Creative AI","floor":11},{"not_picked":["FTL","Go for the Eyes"],"picked":"Glacier","floor":12}],"player_experience":358342,"relics_obtained":[{"floor":6,"key":"Tiny Chest"},{"floor":9,"key":"Symbiotic Virus"},{"floor":11,"key":"Shovel"},{"floor":14,"key":"Ice Cream"},{"floor":15,"key":"Unceasing Top"}],"event_choices":[{"event_name":"Shining Light","player_choice":"Entered Light","floor":4,"damage_taken":0},{"event_name":"World of Goop","player_choice":"Gather Gold","floor":13,"damage_taken":0}],"is_beta":true,"boss_relics":[],"items_purged_floors":[],"is_endless":false,"potions_floor_spawned":[2,10,11,12],"killed_by":"Hexaghost","ascension_level":0}