{"gold_per_floor":[111,128,278,278,278,278,307,30,30,30],"floor_reached":10,"playtime":211,"items_purged":[],"score":118,"play_id":"afe7fa87-50d4-4199-94e4-e167f346dd7f","local_time":"20190818205726","is_ascension_mode":true,"campfire_choices":[{"data":"Cold Snap","floor":6,"key":"SMITH"}],"neow_cost":"NONE","seed_source_timestamp":259378290397500,"circlet_count":0,"master_deck":["AscendersBane","Strike_B","Strike_B","Strike_B","Strike_B","Defend_B","Defend_B","Defend_B","Defend_B","Zap","Dualcast","Cold Snap+1","Reinforced Body"],"relics":["Cracked Core","Happy Flower","Potion Belt","Lantern","Pantograph","DataDisk"],"potions_floor_usage":[7,10],"damage_taken":[{"damage":2,"enemies":"Jaw Worm","floor":1,"turns":3},{"damage":4,"enemies":"Cultist","floor":2,"turns":3},{"damage":22,"enemies":"3 Sentries","floor":7,"turns":6},{"damage":47,"enemies":"Gremlin Nob","floor":10,"turns":5}],"seed_played":"-4055775648285334407","potions_obtained":[{"floor":1,"key":"PowerPotion"},{"floor":7,"key":"GamblersBrew"}],"is_trial":false,"path_per_floor":["M","M","?","?","T","R","E","$","T","E"],"character_chosen":"DEFECT","items_purchased":["Pantograph"],"campfire_rested":0,"item_purchase_floors":[8],"current_hp_per_floor":[62,58,58,51,51,51,29,29,29,0],"gold":30,"neow_bonus":"RANDOM_COMMON_RELIC","is_prod":false,"is_daily":false,"chose_seed":false,"campfire_upgraded":1,"win_rate":0,"timestamp":1566129446,"path_taken":["M","M","?","?","?","R","E","$","T","E"],"build_version":"2019-07-17","purchased_purges":0,"victory":false,"max_hp_per_floor":[71,71,71,71,71,71,71,71,71,71],"card_choices":[{"not_picked":["Auto Shields","Steam"],"picked":"Cold Snap","floor":1},{"not_picked":["Stack","Doom and Gloom"],"picked":"Reinforced Body","floor":2},{"not_picked":["Hello World","Redo","Fusion"],"picked":"SKIP","floor":7}],"player_experience":202338,"relics_obtained":[{"floor":5,"key":"Potion Belt"},{"floor":7,"key":"Lantern"},{"floor":9,"key":"DataDisk"}],"event_choices":[{"damage_healed":0,"gold_gain":150,"player_choice":"AGREE","damage_taken":0,"max_hp_gain":0,"max_hp_loss":0,"event_name":"Liars Game","floor":3,"gold_loss":0,"cards_obtained":["Doubt"]},{"cards_removed":["Doubt"],"damage_healed":0,"gold_gain":0,"player_choice":"Card Removal","damage_taken":7,"max_hp_gain":0,"max_hp_loss":0,"event_name":"Golden Wing","floor":4,"gold_loss":0}],"is_beta":false,"boss_relics":[],"items_purged_floors":[],"is_endless":false,"potions_floor_spawned":[1,7],"killed_by":"Gremlin Nob","ascension_level":17}