{"gold_per_floor":[118,218,238,249,259,259,294,294,294,314,89,100,126,141,141,241,241,251,262,295,305,305,305,325,325,351,351,368,400,411,21,21,116,116,128,128,143,143,160,160,174,174,199,51,51,61,72,172,172,172,172,172,47,47],"floor_reached":54,"playtime":3585,"items_purged":["Strike_R","Injury","Rupture"],"score":648,"play_id":"959744c7-8386-4e78-89ea-cfcfa27481d7","local_time":"20190706173543","is_ascension_mode":false,"campfire_choices":[{"data":"Body Slam","floor":6,"key":"SMITH"},{"floor":8,"key":"RECALL"},{"data":"Body Slam","floor":15,"key":"SMITH"},{"floor":23,"key":"REST"},{"floor":25,"key":"REST"},{"floor":32,"key":"REST"},{"data":"Barricade","floor":40,"key":"SMITH"},{"floor":42,"key":"REST"},{"data":"Defend_R","floor":45,"key":"SMITH"},{"floor":49,"key":"REST"},{"data":"Defend_R","floor":52,"key":"SMITH"}],"neow_cost":"NONE","seed_source_timestamp":444642243544530,"circlet_count":0,"master_deck":["Strike_R","Strike_R","Strike_R","Defend_R+1","Defend_R+1","Defend_R","Cleave","Body Slam+1","Inflame","Sword Boomerang","Body Slam+1","Barricade+1","Flame Barrier+1","Double Tap+1","Armaments+1","Shrug It Off+1","Armaments+1","True Grit+1","Second Wind+1","Inflame","Battle Trance+1","Double Tap+1","Disarm+1","Madness+1","Madness+1","Secret Technique+1","Iron Wave+1","Metallicize+1"],"relics":["Burning Blood","Regal Pillow","Toxic Egg 2","Paper Frog","Empty Cage","Red Mask","Pen Nib","Bronze Scales","Bottled Flame","Frozen Egg 2","Velvet Choker","Lantern"],"potions_floor_usage":[12,13,14,16,16,21,30,33,37,50],"damage_taken":[{"damage":5,"enemies":"Small Slimes","floor":1,"turns":5},{"damage":1,"enemies":"Cultist","floor":3,"turns":3},{"damage":6,"enemies":"Jaw Worm","floor":4,"turns":5},{"damage":10,"enemies":"Looter","floor":5,"turns":4},{"damage":31,"enemies":"Lagavulin","floor":7,"turns":6},{"damage":9,"enemies":"Blue Slaver","floor":10,"turns":3},{"damage":0,"enemies":"2 Fungi Beasts","floor":12,"turns":3},{"damage":13,"enemies":"3 Sentries","floor":13,"turns":6},{"damage":13,"enemies":"Gremlin Gang","floor":14,"turns":4},{"damage":28,"enemies":"The Guardian","floor":16,"turns":12},{"damage":35,"enemies":"Chosen","floor":18,"turns":7},{"damage":14,"enemies":"Shell Parasite","floor":19,"turns":5},{"damage":34,"enemies":"Masked Bandits","floor":20,"turns":5},{"damage":31,"enemies":"Centurion and Healer","floor":21,"turns":7},{"damage":32,"enemies":"Sentry and Sphere","floor":24,"turns":8},{"damage":17,"enemies":"3 Cultists","floor":28,"turns":5},{"damage":45,"enemies":"Slavers","floor":29,"turns":7},{"damage":11,"enemies":"Cultist and Chosen","floor":30,"turns":6},{"damage":32,"enemies":"Automaton","floor":33,"turns":9},{"damage":7,"enemies":"3 Shapes","floor":35,"turns":1},{"damage":21,"enemies":"3 Darklings","floor":37,"turns":5},{"damage":21,"enemies":"Writhing Mass","floor":39,"turns":8},{"damage":6,"enemies":"Spire Growth","floor":41,"turns":6},{"damage":43,"enemies":"Transient","floor":46,"turns":5},{"damage":21,"enemies":"Sphere and 2 Shapes","floor":47,"turns":8},{"damage":67,"enemies":"Donu and Deca","floor":50,"turns":12},{"damage":92,"enemies":"Shield and Spear","floor":54,"turns":8}],"seed_played":"-5374573208996278759","potions_obtained":[{"floor":3,"key":"Weak Potion"},{"floor":5,"key":"EssenceOfSteel"},{"floor":10,"key":"Block Potion"},{"floor":12,"key":"Fire Potion"},{"floor":14,"key":"Weak Potion"},{"floor":19,"key":"Regen Potion"},{"floor":21,"key":"Dexterity Potion"},{"floor":29,"key":"Weak Potion"},{"floor":30,"key":"LiquidBronze"},{"floor":33,"key":"Energy Potion"},{"floor":39,"key":"FearPotion"},{"floor":46,"key":"SkillPotion"}],"is_trial":false,"path_per_floor":["M","?","M","M","M","R","E","R","T","M","$","M","E","M","R","B",null,"M","M","?","M","?","R","M","R","T","?","M","E","M","$","R","B",null,"M","?","M","?","M","R","M","R","T","$","R","M","M","?","R","B",null,"R","$","E"],"character_chosen":"IRONCLAD","items_purchased":["Barricade","Frozen Egg 2","Battle Trance+1","Lantern"],"campfire_rested":5,"item_purchase_floors":[11,31,31,44],"current_hp_per_floor":[88,88,88,88,84,84,59,59,59,56,56,62,55,48,48,26,88,59,51,23,13,13,54,28,69,69,69,58,19,14,14,55,29,88,87,76,61,61,46,46,46,87,87,87,87,50,35,35,76,15,88,88,88,0],"gold":47,"neow_bonus":"TEN_PERCENT_HP_BONUS","is_prod":false,"is_daily":false,"chose_seed":false,"campfire_upgraded":5,"win_rate":0,"timestamp":1562402143,"path_taken":["M","?","M","M","M","R","E","R","T","?","$","M","E","M","R","BOSS","M","M","?","M","?","R","M","R","T","?","M","E","M","$","R","BOSS","M","?","M","?","M","R","M","R","T","$","R","M","M","?","R","BOSS","R","$","E"],"build_version":"2019-07-05","purchased_purges":3,"victory":false,"max_hp_per_floor":[88,88,88,88,88,88,88,88,88,88,88,88,88,88,88,88,88,88,88,88,88,88,88,88,88,88,88,88,88,88,88,88,88,88,88,88,88,88,88,88,88,88,88,88,88,88,88,88,88,88,88,88,88,88],"card_choices":[{"not_picked":["Clothesline","Wild Strike"],"picked":"Cleave","floor":1},{"not_picked":["Armaments","Fire Breathing"],"picked":"Body Slam","floor":3},{"not_picked":["Clothesline","Cleave","Warcry"],"picked":"SKIP","floor":4},{"not_picked":["Spot Weakness","Wild Strike"],"picked":"Inflame","floor":5},{"not_picked":["Power Through","Ghostly Armor"],"picked":"Sword Boomerang","floor":7},{"not_picked":["Pommel Strike","Searing Blow"],"picked":"Body Slam","floor":10},{"not_picked":["Heavy Blade","Body Slam"],"picked":"Flame Barrier+1","floor":12},{"not_picked":["True Grit+1","Reckless Charge","Feel No Pain"],"picked":"SKIP","floor":13},{"not_picked":["Searing Blow","Fire Breathing","Uppercut"],"picked":"SKIP","floor":14},{"not_picked":["Immolate","Fiend Fire"],"picked":"Double Tap+1","floor":16},{"not_picked":["Iron Wave","Metallicize"],"picked":"Armaments+1","floor":18},{"not_picked":["Warcry+1","Pummel+1"],"picked":"Shrug It Off+1","floor":19},{"not_picked":["Feel No Pain","Flex+1"],"picked":"Armaments+1","floor":20},{"not_picked":["Second Wind+1","Armaments+1"],"picked":"True Grit+1","floor":21},{"not_picked":["Whirlwind","Sword Boomerang+1"],"picked":"Second Wind+1","floor":24},{"not_picked":["Uppercut","Perfected Strike","Bloodletting+1"],"picked":"SKIP","floor":28},{"not_picked":["Brutality","Armaments+1"],"picked":"Inflame","floor":29},{"not_picked":["Headbutt+1","Thunderclap","Sword Boomerang"],"picked":"SKIP","floor":30},{"not_picked":["Immolate","Bludgeon"],"picked":"Double Tap+1","floor":33},{"not_picked":["Thunderclap","Headbutt"],"picked":"Disarm+1","floor":35},{"not_picked":["Sever Soul+1","Headbutt+1","Twin Strike"],"picked":"SKIP","floor":37},{"not_picked":["Discovery+1","Mayhem+1"],"picked":"Secret Technique+1","floor":38},{"not_picked":["Clash+1","Sword Boomerang"],"picked":"Iron Wave+1","floor":39},{"not_picked":["Hemokinesis","Sever Soul","Wild Strike"],"picked":"SKIP","floor":41},{"not_picked":["Armaments+1","Headbutt"],"picked":"Metallicize+1","floor":46},{"not_picked":["Twin Strike+1","Evolve+1","Hemokinesis+1"],"picked":"SKIP","floor":47}],"player_experience":53860,"relics_obtained":[{"floor":7,"key":"Regal Pillow"},{"floor":9,"key":"Toxic Egg 2"},{"floor":13,"key":"Paper Frog"},{"floor":20,"key":"Red Mask"},{"floor":26,"key":"Bronze Scales"},{"floor":29,"key":"Bottled Flame"}],"event_choices":[{"damage_healed":0,"gold_gain":100,"player_choice":"Pray","damage_taken":0,"max_hp_gain":0,"max_hp_loss":0,"event_name":"Golden Shrine","floor":2,"gold_loss":0},{"damage_healed":0,"gold_gain":0,"player_choice":"Fought Bandits","damage_taken":0,"max_hp_gain":0,"max_hp_loss":0,"event_name":"Masked Bandits","floor":20,"gold_loss":0},{"damage_healed":0,"gold_gain":0,"player_choice":"Opened","damage_taken":0,"relics_obtained":["Pen Nib"],"max_hp_gain":0,"max_hp_loss":0,"event_name":"The Mausoleum","floor":22,"gold_loss":0,"cards_obtained":["Writhe"]},{"damage_healed":0,"gold_gain":0,"cards_transformed":["Writhe","Bash"],"player_choice":"Became Test Subject","damage_taken":0,"max_hp_gain":0,"max_hp_loss":0,"event_name":"Drug Dealer","floor":27,"gold_loss":0,"cards_obtained":["Injury","Rupture"]},{"damage_healed":0,"gold_gain":0,"player_choice":"Embrace Madness","damage_taken":11,"max_hp_gain":0,"max_hp_loss":0,"event_name":"Winding Halls","floor":36,"gold_loss":0,"cards_obtained":["Madness","Madness"]},{"damage_healed":0,"gold_gain":0,"player_choice":"Memory 1","damage_taken":0,"max_hp_gain":0,"max_hp_loss":0,"event_name":"SensoryStone","floor":38,"gold_loss":0},{"damage_healed":0,"gold_gain":100,"player_choice":"Pray","damage_taken":0,"max_hp_gain":0,"max_hp_loss":0,"event_name":"Golden Shrine","floor":48,"gold_loss":0}],"is_beta":false,"boss_relics":[{"not_picked":["Snecko Eye","Calling Bell"],"picked":"Empty Cage"},{"not_picked":["Philosopher\u0027s Stone","Cursed Key"],"picked":"Velvet Choker"}],"items_purged_floors":[11,31,53],"is_endless":false,"potions_floor_spawned":[3,5,10,12,14,19,21,29,30,33,39,46],"killed_by":"Shield and Spear","ascension_level":0}