{"gold_per_floor":[109,109,14,14,33,33,53,53,53,53,21,46,46,80,80,155,155],"floor_reached":17,"playtime":313,"items_purged":[],"score":282,"play_id":"15c14de9-a136-47c1-9bc2-0bc448b7cab8","local_time":"20180714225140","daily_mods":["Binary"],"is_ascension_mode":true,"campfire_choices":[{"data":"Streamline","floor":6,"key":"SMITH"},{"data":"Coolheaded","floor":8,"key":"SMITH"},{"data":"Darkness","floor":13,"key":"SMITH"},{"floor":15,"key":"REST"}],"neow_cost":"","seed_source_timestamp":0,"circlet_count":0,"master_deck":["Strike_B","Strike_B","Strike_B","Defend_B","Defend_B","Defend_B","Defend_B","Zap+1","Dualcast","AscendersBane","Aggregate","Coolheaded+1","Streamline+1","Darkness+1"],"relics":["Cracked Core","Busted Crown","Bag of Marbles","The Courier","Bottled Lightning","Kunai","Eternal Feather"],"potions_floor_usage":[],"damage_taken":[{"damage":2,"enemies":"Jaw Worm","floor":1,"turns":3},{"damage":0,"enemies":"Cultist","floor":5,"turns":2},{"damage":0,"enemies":"2 Louse","floor":7,"turns":2},{"damage":29,"enemies":"Gremlin Nob","floor":12,"turns":4},{"damage":9,"enemies":"3 Sentries","floor":14,"turns":4},{"damage":20,"enemies":"The Guardian","floor":16,"turns":10}],"seed_played":"-4372465599465304402","potions_obtained":[{"floor":5,"key":"Ancient Potion"},{"floor":14,"key":"Poison Potion"}],"is_trial":true,"path_per_floor":["M","?","$","T","M","R","M","R","T","?","$","E","R","E","R","B"],"character_chosen":"DEFECT","items_purchased":["Coolheaded","Streamline","Darkness"],"campfire_rested":1,"item_purchase_floors":[3,3,11],"current_hp_per_floor":[62,62,62,62,62,62,62,62,62,62,62,33,33,24,45,25,25],"gold":155,"neow_bonus":"","is_prod":false,"is_daily":false,"chose_seed":false,"campfire_upgraded":3,"win_rate":0,"timestamp":1531633900,"path_taken":["M","?","$","?","?","R","M","R","T","?","$","E","R","E","R","BOSS"],"build_version":"2018-07-13","purchased_purges":0,"victory":false,"max_hp_per_floor":[71,71,71,71,71,71,71,71,71,71,71,71,71,71,71,71,71],"card_choices":[],"player_experience":648860,"relics_obtained":[{"floor":4,"key":"Bag of Marbles"},{"floor":9,"key":"The Courier"},{"floor":12,"key":"Bottled Lightning"},{"floor":14,"key":"Kunai"}],"event_choices":[{"event_name":"Transmorgrifier","player_choice":"Transform","floor":2,"damage_taken":0},{"event_name":"Accursed Blacksmith","player_choice":"Forge","floor":10,"damage_taken":0}],"boss_relics":[{"not_picked":["Black Star","Cursed Key"],"picked":"Eternal Feather"}],"items_purged_floors":[],"is_endless":false,"potions_floor_spawned":[5,14],"ascension_level":15}