{"gold_per_floor":[167,167,36,36,49,49,49,49,49,49,9,38,51,67,67,67],"floor_reached":16,"playtime":279,"items_purged":[],"score":271,"play_id":"80ba9afc-8b31-468c-a6a6-3cb8495a4852","local_time":"20190107130021","is_ascension_mode":true,"campfire_choices":[{"data":"Defragment","floor":6.0,"key":"SMITH"},{"data":"Beam Cell","floor":8.0,"key":"SMITH"},{"data":"Ball Lightning","floor":10.0,"key":"SMITH"},{"data":"Hello World","floor":15,"key":"SMITH"}],"neow_cost":"NONE","seed_source_timestamp":298900773405585,"circlet_count":0,"master_deck":["AscendersBane","Strike_B","Strike_B","Strike_B","Strike_B+1","Defend_B","Defend_B","Defend_B","Defend_B","Zap","Dualcast","Cold Snap","Beam Cell+1","Defragment+1","Ball Lightning+1","Pain","Hello World+1","Stack","Capacitor","Chill"],"special_seed":0,"relics":["Tiny House","Centennial Puzzle","WarpedTongs","Pantograph","Letter Opener","Mango"],"potions_floor_usage":[14],"damage_taken":[{"damage":13.0,"enemies":"2 Louse","floor":1.0,"turns":3.0},{"damage":3.0,"enemies":"Cultist","floor":5.0,"turns":3.0},{"damage":3.0,"enemies":"Lagavulin","floor":12.0,"turns":6.0},{"damage":6.0,"enemies":"Jaw Worm","floor":13.0,"turns":3.0},{"damage":6,"enemies":"Gremlin Gang","floor":14,"turns":4},{"damage":0,"enemies":"Hexaghost","floor":16,"turns":1}],"seed_played":"-3256896796468174099","potions_obtained":[{"floor":0.0,"key":"EntropicBrew"}],"is_trial":false,"path_per_floor":["M","?","$","?","M","R","T","R","T","R","$","E","M","M","R","B"],"character_chosen":"DEFECT","items_purchased":["Defragment","Ball Lightning","Hello World"],"campfire_rested":0,"item_purchase_floors":[3,3,11],"current_hp_per_floor":[56,30,30,30,27,27,27,27,27,27,27,38,32,26,26,51],"gold":67,"neow_bonus":"BOSS_RELIC","is_prod":false,"is_daily":false,"chose_seed":false,"campfire_upgraded":4,"win_rate":0,"timestamp":1546894821,"path_taken":["M","?","$","?","?","R","?","R","T","R","$","E","?","M","R","BOSS"],"build_version":"2019-01-03v4","purchased_purges":0,"victory":false,"max_hp_per_floor":[76,76,76,76,76,76,76,76,76,76,76,90,90,90,90,90],"card_choices":[{"not_picked":["Leap","Coolheaded"],"picked":"Cold Snap","floor":0.0},{"not_picked":["Stack","Gash"],"picked":"Beam Cell","floor":1.0},{"not_picked":["Turbo","Static Discharge"],"picked":"Stack","floor":12.0},{"not_picked":["Go for the Eyes","Hologram"],"picked":"Capacitor","floor":13.0},{"not_picked":["Aggregate","Leap"],"picked":"Chill","floor":14}],"player_experience":1007541,"relics_obtained":[{"floor":7.0,"key":"Pantograph"},{"floor":9.0,"key":"Letter Opener"},{"floor":12.0,"key":"Mango"}],"event_choices":[{"damage_healed":0.0,"max_hp_gain":0.0,"max_hp_loss":0.0,"gold_gain":0.0,"event_name":"Scrap Ooze","player_choice":"Success","floor":2.0,"gold_loss":0.0,"damage_taken":26.0,"relics_obtained":["Centennial Puzzle"]},{"damage_healed":0.0,"max_hp_gain":0.0,"max_hp_loss":0.0,"gold_gain":0.0,"event_name":"Accursed Blacksmith","player_choice":"Rummage","floor":4.0,"gold_loss":0.0,"damage_taken":0.0,"relics_obtained":["WarpedTongs"],"cards_obtained":["Pain"]}],"is_beta":true,"boss_relics":[],"items_purged_floors":[],"is_endless":false,"potions_floor_spawned":[12,13],"killed_by":"Hexaghost","ascension_level":20}