{"gold_per_floor":[117,117,131,145,9,9,29,64,141,141,141,151,151,169,169,169],"floor_reached":16,"playtime":324,"items_purged":[],"score":204,"play_id":"ccb4a8ea-aa45-4989-abe7-d709235c8884","local_time":"20190115001737","is_ascension_mode":true,"campfire_choices":[{"data":"Chaos","floor":6,"key":"SMITH"},{"data":"Tempest","floor":10,"key":"SMITH"},{"floor":15,"key":"REST"}],"neow_cost":"NONE","seed_source_timestamp":294825877939374,"circlet_count":0,"master_deck":["AscendersBane","Strike_B","Strike_B","Strike_B+1","Defend_B","Defend_B","Defend_B","Defend_B+1","Zap","Dualcast","Conserve Battery","Chill","Tempest+1","Chaos+1","Go for the Eyes","Leap","Ball Lightning","Decay"],"relics":["Busted Crown","StoneCalendar","Matryoshka"],"potions_floor_usage":[8,8,14],"damage_taken":[{"damage":0,"enemies":"2 Louse","floor":1,"turns":4},{"damage":2,"enemies":"Cultist","floor":3,"turns":5},{"damage":5,"enemies":"Jaw Worm","floor":4,"turns":5},{"damage":6,"enemies":"Blue Slaver","floor":7,"turns":3},{"damage":1,"enemies":"Lagavulin","floor":8,"turns":4},{"damage":2,"enemies":"Lots of Slimes","floor":12,"turns":4},{"damage":10,"enemies":"2 Fungi Beasts","floor":14,"turns":3},{"damage":0,"enemies":"Hexaghost","floor":16,"turns":1}],"seed_played":"-5008529566038998898","potions_obtained":[{"floor":3,"key":"FocusPotion"},{"floor":7,"key":"AttackPotion"},{"floor":8,"key":"Block Potion"},{"floor":14,"key":"Block Potion"}],"is_trial":false,"path_per_floor":["M","?","M","M","$","R","M","E","T","R","?","M","?","M","R","B"],"character_chosen":"DEFECT","items_purchased":["Chaos","Go for the Eyes"],"campfire_rested":1,"item_purchase_floors":[5,5],"current_hp_per_floor":[64,64,62,57,57,57,51,50,50,50,29,27,27,17,38,38],"gold":169,"neow_bonus":"BOSS_RELIC","is_prod":false,"is_daily":false,"chose_seed":false,"campfire_upgraded":2,"win_rate":0,"timestamp":1547540257,"path_taken":["M","?","M","?","$","R","M","E","T","R","?","M","?","M","R","BOSS"],"build_version":"2019-01-10","purchased_purges":0,"victory":false,"max_hp_per_floor":[71,71,71,71,71,71,71,71,71,71,71,71,71,71,71,71],"card_choices":[{"not_picked":[],"picked":"Conserve Battery","floor":1},{"not_picked":[],"picked":"Chill","floor":3},{"not_picked":[],"picked":"Tempest","floor":4},{"not_picked":[],"picked":"Leap","floor":7},{"not_picked":[],"picked":"Ball Lightning","floor":12}],"player_experience":1019874,"relics_obtained":[{"floor":8,"key":"StoneCalendar"},{"floor":9,"key":"Matryoshka"}],"event_choices":[{"cards_removed":["Strike_B"],"damage_healed":0,"gold_gain":0,"player_choice":"Offered Basic","damage_taken":0,"max_hp_gain":0,"max_hp_loss":0,"event_name":"Bonfire Elementals","floor":2,"gold_loss":0},{"damage_healed":0,"gold_gain":0,"player_choice":"Entered Light","damage_taken":21,"max_hp_gain":0,"max_hp_loss":0,"event_name":"Shining Light","floor":11,"gold_loss":0,"cards_upgraded":["Strike_B","Defend_B"]},{"damage_healed":0,"gold_gain":0,"player_choice":"Cursed","damage_taken":0,"max_hp_gain":0,"max_hp_loss":0,"event_name":"Wheel of Change","floor":13,"gold_loss":0,"cards_obtained":["Decay"]}],"is_beta":true,"boss_relics":[],"items_purged_floors":[],"is_endless":false,"potions_floor_spawned":[3,7,8,14],"killed_by":"Hexaghost","ascension_level":20}