{"gold_per_floor":[115,65,65,65,65,65,96,96,96,115,135,161,173,193,193,294,294,310,322,322,342,358,358,358],"floor_reached":24,"playtime":756,"items_purged":[],"score":233,"play_id":"63b0fe36-b3fe-494b-8694-05a894accec7","local_time":"20190120113557","is_ascension_mode":false,"campfire_choices":[{"data":"Armaments","floor":8,"key":"SMITH"},{"data":"Flex","floor":15,"key":"SMITH"},{"floor":23,"key":"REST"}],"neow_cost":"NONE","seed_source_timestamp":926964213473983,"circlet_count":0,"master_deck":["Strike_R","Strike_R","Strike_R+1","Strike_R","Defend_R","Defend_R","Defend_R","Defend_R","Bash+1","Armaments+1","Flex+1","Iron Wave","Bludgeon","Pommel Strike","Flame Barrier"],"relics":["Burning Blood","NeowsBlessing","Ginger","Self Forming Clay","Darkstone Periapt","Sozu"],"potions_floor_usage":[16,16],"damage_taken":[{"damage":0,"enemies":"2 Louse","floor":1,"turns":1},{"damage":0,"enemies":"3 Sentries","floor":7,"turns":2},{"damage":0,"enemies":"Jaw Worm","floor":10,"turns":1},{"damage":0,"enemies":"Cultist","floor":11,"turns":3},{"damage":14,"enemies":"Gremlin Nob","floor":12,"turns":3},{"damage":2,"enemies":"3 Louse","floor":13,"turns":4},{"damage":2,"enemies":"Blue Slaver","floor":14,"turns":4},{"damage":82,"enemies":"Slime Boss","floor":16,"turns":18},{"damage":20,"enemies":"Spheric Guardian","floor":18,"turns":4},{"damage":40,"enemies":"3 Byrds","floor":19,"turns":7},{"damage":12,"enemies":"Snake Plant","floor":21,"turns":4},{"damage":23,"enemies":"Cultist and Chosen","floor":22,"turns":6},{"damage":44,"enemies":"Gremlin Leader","floor":24,"turns":5}],"seed_played":"4478919287751279390","potions_obtained":[{"floor":1,"key":"Swift Potion"},{"floor":10,"key":"SkillPotion"},{"floor":12,"key":"Weak Potion"},{"floor":16,"key":"Regen Potion"}],"is_trial":false,"path_per_floor":["M","?","$","?","$","?","E","R","T","M","M","E","M","M","R","B",null,"M","M","?","M","M","R","E"],"character_chosen":"IRONCLAD","items_purchased":[],"campfire_rested":1,"item_purchase_floors":[],"current_hp_per_floor":[80,80,80,64,64,69,75,75,75,81,85,77,81,85,85,9,85,71,37,37,31,14,39,0],"gold":358,"neow_bonus":"THREE_ENEMY_KILL","is_prod":false,"is_daily":false,"chose_seed":false,"campfire_upgraded":2,"win_rate":0.0,"timestamp":1548002157,"path_taken":["M","?","$","?","$","?","E","R","T","M","M","E","M","M","R","BOSS","M","M","?","M","M","R","E"],"build_version":"2019-01-17v2","purchased_purges":0,"victory":false,"max_hp_per_floor":[80,80,80,80,80,85,85,85,85,85,85,85,85,85,85,85,85,85,85,85,85,85,85,85],"card_choices":[{"not_picked":["Armaments","Flex","Twin Strike"],"picked":"SKIP","floor":1},{"not_picked":["Flex","Twin Strike"],"picked":"Armaments","floor":1},{"not_picked":["Dark Embrace","True Grit"],"picked":"Flex","floor":7},{"not_picked":["Combust","True Grit","Anger"],"picked":"SKIP","floor":10},{"not_picked":["Bloodletting","Pommel Strike","Evolve"],"picked":"SKIP","floor":11},{"not_picked":["Body Slam","Sword Boomerang","Barricade"],"picked":"SKIP","floor":12},{"not_picked":["Warcry","Combust"],"picked":"Iron Wave","floor":13},{"not_picked":["Bloodletting","Twin Strike","Iron Wave"],"picked":"SKIP","floor":14},{"not_picked":["Offering","Exhume"],"picked":"Bludgeon","floor":16},{"not_picked":["Clash+1","Clothesline"],"picked":"Pommel Strike","floor":18},{"not_picked":["Dark Embrace","Iron Wave","Clothesline+1"],"picked":"SKIP","floor":19},{"not_picked":["Anger","True Grit","Intimidate+1"],"picked":"SKIP","floor":21},{"not_picked":["Thunderclap","True Grit+1"],"picked":"Flame Barrier","floor":22}],"player_experience":48465,"relics_obtained":[{"floor":7,"key":"Ginger"},{"floor":9,"key":"Self Forming Clay"},{"floor":12,"key":"Darkstone Periapt"}],"event_choices":[{"cards_removed":["Strike_R"],"damage_healed":0,"gold_gain":0,"player_choice":"Card Removal","damage_taken":0,"max_hp_gain":0,"max_hp_loss":0,"event_name":"The Cleric","floor":2,"gold_loss":50},{"damage_healed":0,"gold_gain":0,"player_choice":"Entered Light","damage_taken":16,"max_hp_gain":0,"max_hp_loss":0,"event_name":"Shining Light","floor":4,"gold_loss":0,"cards_upgraded":["Bash","Strike_R"]},{"damage_healed":0,"gold_gain":0,"player_choice":"Donut","damage_taken":0,"max_hp_gain":5,"max_hp_loss":0,"event_name":"Big Fish","floor":6,"gold_loss":0},{"damage_healed":0,"gold_gain":0,"player_choice":"Ignored","damage_taken":0,"max_hp_gain":0,"max_hp_loss":0,"event_name":"NoteForYourself","floor":20,"gold_loss":0}],"is_beta":false,"boss_relics":[{"not_picked":["Busted Crown","Tiny House"],"picked":"Sozu"}],"items_purged_floors":[],"is_endless":false,"potions_floor_spawned":[1,10,12,16,18,19,22],"killed_by":"Gremlin Leader","ascension_level":0}