{"gold_per_floor":[112,122,152,165,165,200,200,232,256,288,300,312,93,93,93,193,193,204,220,220,220,220,253,253,280,280,293,312,312,6,22,22,124,124,135,147,147,166,177,177,187,214,214,541,541,567,12,32,32,32],"floor_reached":51,"playtime":3200,"items_purged":["Writhe","Normality","Parasite"],"score":1156,"play_id":"a346fa3b-4b26-4d38-92e9-4ea491efdd8b","local_time":"20190816175811","is_ascension_mode":true,"campfire_choices":[{"floor":7,"key":"REST"},{"floor":15,"key":"REST"},{"floor":24,"key":"REST"},{"floor":29,"key":"REST"},{"floor":32,"key":"REST"},{"floor":40,"key":"REST"},{"floor":45,"key":"REST"},{"floor":49,"key":"REST"}],"neow_cost":"NONE","seed_source_timestamp":72829089233600,"circlet_count":0,"master_deck":["Strike_G+1","Strike_G+1","Strike_G+1","Strike_G+1","Strike_G+1","Defend_G+1","Defend_G+1","Defend_G+1","Defend_G+1","Defend_G+1","Survivor","Neutralize","Dagger Spray+1","Unload+1","Backstab+1","Deflect","After Image","Well Laid Plans+1","Deadly Poison","Sucker Punch","Adrenaline","Slice+1","Backflip","Dodge and Roll+1","Backflip","Blade Dance","Chrysalis","Cloak And Dagger","Bullet Time","Backflip+1","Blade Dance+1","Poisoned Stab","Flash of Steel","Caltrops","Malaise","PiercingWail+1","Predator+1","After Image","PiercingWail+1"],"relics":["Cursed Key","Tiny Chest","PreservedInsect","Kunai","Vajra","Anchor","Blood Vial","Fusion Hammer","Pantograph","Oddly Smooth Stone","Whetstone","Gambling Chip","Black Star","Juzu Bracelet","Bag of Marbles","Omamori","Old Coin","Paper Crane","Boot","Regal Pillow","Happy Flower"],"potions_floor_usage":[6,8,19,36,39,41,42,44,50],"damage_taken":[{"damage":0,"enemies":"Cultist","floor":1,"turns":4},{"damage":2,"enemies":"2 Louse","floor":2,"turns":2},{"damage":2,"enemies":"Jaw Worm","floor":4,"turns":3},{"damage":22,"enemies":"Lagavulin","floor":6,"turns":5},{"damage":2,"enemies":"3 Sentries","floor":8,"turns":7},{"damage":11,"enemies":"Lagavulin","floor":10,"turns":6},{"damage":0,"enemies":"Lots of Slimes","floor":11,"turns":4},{"damage":1,"enemies":"Red Slaver","floor":12,"turns":3},{"damage":17,"enemies":"The Guardian","floor":16,"turns":13},{"damage":7,"enemies":"Chosen","floor":18,"turns":5},{"damage":0,"enemies":"Shell Parasite","floor":19,"turns":5},{"damage":5,"enemies":"Slavers","floor":23,"turns":4},{"damage":0,"enemies":"Book of Stabbing","floor":25,"turns":4},{"damage":0,"enemies":"Cultist and Chosen","floor":27,"turns":6},{"damage":24,"enemies":"Snecko","floor":28,"turns":6},{"damage":6,"enemies":"Centurion and Healer","floor":31,"turns":6},{"damage":49,"enemies":"Automaton","floor":33,"turns":13},{"damage":0,"enemies":"3 Shapes","floor":35,"turns":4},{"damage":15,"enemies":"3 Darklings","floor":36,"turns":9},{"damage":9,"enemies":"Transient","floor":38,"turns":5},{"damage":29,"enemies":"Writhing Mass","floor":39,"turns":10},{"damage":8,"enemies":"Sphere and 2 Shapes","floor":41,"turns":5},{"damage":7,"enemies":"Reptomancer","floor":42,"turns":7},{"damage":13,"enemies":"Nemesis","floor":44,"turns":5},{"damage":1,"enemies":"Giant Head","floor":46,"turns":8},{"damage":0,"enemies":"Maw","floor":48,"turns":9},{"damage":14,"enemies":"Time Eater","floor":50,"turns":15}],"seed_played":"3900140230917742989","potions_obtained":[{"floor":2,"key":"SteroidPotion"},{"floor":6,"key":"EssenceOfSteel"},{"floor":11,"key":"SmokeBomb"},{"floor":16,"key":"Energy Potion"},{"floor":18,"key":"GhostInAJar"},{"floor":23,"key":"GamblersBrew"},{"floor":31,"key":"Fire Potion"},{"floor":33,"key":"Block Potion"},{"floor":41,"key":"SteroidPotion"},{"floor":42,"key":"Block Potion"},{"floor":46,"key":"Block Potion"}],"is_trial":false,"path_per_floor":["M","M","?","M","?","E","R","E","T","E","M","M","$","?","R","B",null,"M","M","?","T","?","E","R","E","T","M","M","R","$","M","R","B",null,"M","M","?","M","M","R","M","E","T","E","R","E","$","M","R","B",null],"character_chosen":"THE_SILENT","items_purchased":["Blood Vial","Chrysalis","Cloak And Dagger","Regal Pillow","Happy Flower","GhostInAJar","Block Potion"],"campfire_rested":8,"item_purchase_floors":[13,30,30,47,47,47,47],"current_hp_per_floor":[63,61,43,41,41,19,40,38,38,27,27,26,26,12,33,18,57,52,54,54,54,54,51,70,70,70,70,46,67,67,63,70,21,58,60,47,47,40,13,34,28,23,23,12,33,34,34,36,67,53],"gold":32,"neow_bonus":"BOSS_RELIC","is_prod":false,"is_daily":false,"chose_seed":false,"campfire_upgraded":0,"win_rate":0,"timestamp":1565945891,"path_taken":["M","?","?","M","?","E","R","E","T","E","M","?","?","?","R","BOSS","M","M","?","?","?","E","R","E","T","M","?","R","?","M","R","BOSS","M","M","?","M","?","R","?","E","T","E","R","E","$","M","R","BOSS"],"build_version":"2019-07-17","purchased_purges":3,"victory":true,"max_hp_per_floor":[70,70,70,70,70,70,70,70,70,70,70,70,70,70,70,70,70,70,70,70,70,70,70,70,70,70,70,70,70,70,70,70,70,70,70,70,70,70,70,70,70,70,70,70,70,70,67,67,67,67],"card_choices":[{"not_picked":["Slice","Sucker Punch"],"picked":"Dagger Spray","floor":1},{"not_picked":["Blade Dance","Accuracy"],"picked":"Unload","floor":2},{"not_picked":["Acrobatics","Reflex"],"picked":"Backstab","floor":4},{"not_picked":["Escape Plan","Sucker Punch"],"picked":"Deflect","floor":6},{"not_picked":["Finisher","Heel Hook"],"picked":"After Image","floor":8},{"not_picked":["Footwork","Sucker Punch"],"picked":"Well Laid Plans","floor":10},{"not_picked":["Acrobatics","Predator"],"picked":"Deadly Poison","floor":11},{"not_picked":["Phantasmal Killer","Calculated Gamble"],"picked":"Sucker Punch","floor":12},{"not_picked":["Glass Knife","After Image"],"picked":"Adrenaline","floor":16},{"not_picked":["Expertise","Prepared"],"picked":"Slice+1","floor":18},{"not_picked":["Cloak And Dagger+1","Backstab"],"picked":"Backflip","floor":19},{"not_picked":["Unload","Dagger Throw"],"picked":"Dodge and Roll+1","floor":23},{"not_picked":["Eviscerate+1","Endless Agony","Prepared"],"picked":"SKIP","floor":25},{"not_picked":["Flying Knee","Underhanded Strike"],"picked":"Backflip","floor":27},{"not_picked":["Blur","Underhanded Strike"],"picked":"Blade Dance","floor":28},{"not_picked":["Calculated Gamble","Choke+1","Bane"],"picked":"SKIP","floor":31},{"not_picked":["Unload","Wraith Form v2"],"picked":"Bullet Time","floor":33},{"not_picked":["Prepared+1","Acrobatics+1"],"picked":"Backflip+1","floor":35},{"not_picked":["Dagger Throw","Setup+1"],"picked":"Blade Dance+1","floor":36},{"not_picked":["Blur","Leg Sweep+1"],"picked":"Caltrops","floor":38},{"not_picked":["Bane+1","Masterful Stab+1"],"picked":"Malaise","floor":39},{"not_picked":["Prepared+1","Flying Knee"],"picked":"PiercingWail+1","floor":41},{"not_picked":["Well Laid Plans","Acrobatics"],"picked":"Predator+1","floor":42},{"not_picked":["Terror","Underhanded Strike+1"],"picked":"After Image","floor":44},{"not_picked":["Slice","Flechettes","Deflect"],"picked":"SKIP","floor":46},{"not_picked":["Finisher+1","Tactician"],"picked":"PiercingWail+1","floor":48}],"player_experience":159523,"relics_obtained":[{"floor":6,"key":"PreservedInsect"},{"floor":8,"key":"Kunai"},{"floor":9,"key":"Vajra"},{"floor":10,"key":"Anchor"},{"floor":21,"key":"Pantograph"},{"floor":23,"key":"Oddly Smooth Stone"},{"floor":25,"key":"Whetstone"},{"floor":26,"key":"Gambling Chip"},{"floor":42,"key":"Juzu Bracelet"},{"floor":42,"key":"Bag of Marbles"},{"floor":44,"key":"Omamori"},{"floor":44,"key":"Old Coin"},{"floor":46,"key":"Paper Crane"},{"floor":46,"key":"Boot"}],"event_choices":[{"damage_healed":0,"gold_gain":0,"player_choice":"Success","damage_taken":18,"relics_obtained":["Tiny Chest"],"max_hp_gain":0,"max_hp_loss":0,"event_name":"Scrap Ooze","floor":3,"gold_loss":0},{"damage_healed":0,"gold_gain":0,"player_choice":"Forge","damage_taken":0,"max_hp_gain":0,"max_hp_loss":0,"event_name":"Accursed Blacksmith","floor":5,"gold_loss":0,"cards_upgraded":["Dagger Spray"]},{"damage_healed":0,"gold_gain":0,"player_choice":"Entered Light","damage_taken":14,"max_hp_gain":0,"max_hp_loss":0,"event_name":"Shining Light","floor":14,"gold_loss":0,"cards_upgraded":["Well Laid Plans","Defend_G"]},{"damage_healed":0,"gold_gain":0,"player_choice":"Simplicity","damage_taken":0,"max_hp_gain":0,"max_hp_loss":0,"event_name":"Back to Basics","floor":20,"gold_loss":0,"cards_upgraded":["Strike_G","Strike_G","Strike_G","Strike_G","Strike_G","Defend_G","Defend_G","Defend_G","Defend_G"]},{"cards_removed":["Injury"],"damage_healed":0,"gold_gain":0,"player_choice":"Purged","damage_taken":0,"max_hp_gain":0,"max_hp_loss":0,"event_name":"Purifier","floor":22,"gold_loss":0},{"damage_healed":0,"gold_gain":0,"player_choice":"2 cards matched","damage_taken":0,"max_hp_gain":0,"max_hp_loss":0,"event_name":"Match and Keep!","floor":37,"gold_loss":0,"cards_obtained":["Poisoned Stab","Flash of Steel"]}],"is_beta":false,"boss_relics":[{"not_picked":["Lizard Tail","White Beast Statue"],"picked":"Fusion Hammer"},{"not_picked":["Runic Dome","Philosopher\u0027s Stone"],"picked":"Black Star"}],"items_purged_floors":[13,30,47],"is_endless":false,"potions_floor_spawned":[2,6,11,16,18,23,31,33,41,42,46],"ascension_level":8}