{"gold_per_floor":[118,137,137,43,63,98,98,127,127,141,18,43,43,54,54,154,154,164,164,179,190,208,208,208],"floor_reached":24,"playtime":879,"items_purged":["Doubt"],"score":327,"play_id":"37d6a263-0878-4b80-a406-0ed44baa7c7a","local_time":"20190820164418","is_ascension_mode":true,"campfire_choices":[{"data":"Glass Knife","floor":7,"key":"SMITH"},{"floor":15,"key":"REST"},{"floor":23,"key":"REST"}],"neow_cost":"NONE","seed_source_timestamp":15375962124600,"circlet_count":0,"master_deck":["AscendersBane","Strike_G","Strike_G","Strike_G","Strike_G","Strike_G","Defend_G","Defend_G","Defend_G","Defend_G","Defend_G","Survivor","Neutralize","Predator","Acrobatics","Underhanded Strike","Terror","Dagger Throw","Dash","Glass Knife+1","Catalyst","Poisoned Stab","Caltrops","Parasite","Dagger Spray","Envenom","Deflect","RitualDagger","PiercingWail","Poisoned Stab","Adrenaline"],"relics":["Ring of the Snake","NeowsBlessing","Bag of Preparation","Darkstone Periapt","Centennial Puzzle","Art of War","Cursed Key"],"potions_floor_usage":[6,6,16,21,22,24,24],"damage_taken":[{"damage":0,"enemies":"Jaw Worm","floor":1,"turns":1},{"damage":0,"enemies":"Cultist","floor":2,"turns":1},{"damage":0,"enemies":"2 Louse","floor":5,"turns":1},{"damage":25,"enemies":"Lagavulin","floor":6,"turns":6},{"damage":16,"enemies":"Gremlin Nob","floor":8,"turns":3},{"damage":9,"enemies":"Exordium Thugs","floor":10,"turns":4},{"damage":12,"enemies":"Lagavulin","floor":12,"turns":5},{"damage":0,"enemies":"Looter","floor":14,"turns":1},{"damage":16,"enemies":"Slime Boss","floor":16,"turns":8},{"damage":26,"enemies":"Shell Parasite","floor":18,"turns":5},{"damage":14,"enemies":"Spheric Guardian","floor":20,"turns":4},{"damage":14,"enemies":"Snecko","floor":21,"turns":3},{"damage":0,"enemies":"Centurion and Healer","floor":22,"turns":7},{"damage":32,"enemies":"Slavers","floor":24,"turns":3}],"seed_played":"4266732480890184737","potions_obtained":[{"floor":1,"key":"AttackPotion"},{"floor":5,"key":"AttackPotion"},{"floor":6,"key":"LiquidBronze"},{"floor":14,"key":"Poison Potion"},{"floor":18,"key":"Ancient Potion"},{"floor":21,"key":"Poison Potion"}],"is_trial":false,"path_per_floor":["M","M","?","$","M","E","R","E","T","M","$","E","?","M","R","B",null,"M","?","M","M","M","R","E"],"character_chosen":"THE_SILENT","items_purchased":["Terror","Dagger Throw","Fire Potion"],"campfire_rested":2,"item_purchase_floors":[4,4,11],"current_hp_per_floor":[63,63,63,63,63,38,38,22,22,13,13,1,24,24,46,30,65,39,33,19,5,5,27,0],"gold":208,"neow_bonus":"THREE_ENEMY_KILL","is_prod":false,"is_daily":false,"chose_seed":false,"campfire_upgraded":1,"win_rate":0,"timestamp":1566287058,"path_taken":["M","M","?","?","M","E","R","E","T","?","$","E","?","M","R","BOSS","M","?","M","M","M","R","E"],"build_version":"2019-07-17","purchased_purges":1,"victory":false,"max_hp_per_floor":[70,70,70,70,70,70,70,70,70,70,70,70,76,76,76,76,76,76,76,76,76,76,76,76],"card_choices":[{"not_picked":["Endless Agony","Prepared"],"picked":"Predator","floor":1},{"not_picked":["Prepared","Dodge and Roll"],"picked":"Acrobatics","floor":2},{"not_picked":["Poisoned Stab","Dodge and Roll"],"picked":"Dash","floor":5},{"not_picked":["Deadly Poison","Accuracy"],"picked":"Glass Knife","floor":6},{"not_picked":["Setup","Leg Sweep"],"picked":"Catalyst","floor":8},{"not_picked":["Dagger Spray","Terror"],"picked":"Poisoned Stab","floor":10},{"not_picked":["Backflip","Quick Slash"],"picked":"Caltrops","floor":12},{"not_picked":["Backflip","Dodge and Roll"],"picked":"Dagger Spray","floor":14},{"not_picked":["Phantasmal Killer","Wraith Form v2"],"picked":"Envenom","floor":16},{"not_picked":["Calculated Gamble","Acrobatics"],"picked":"Deflect","floor":18},{"not_picked":["Eviscerate+1","Dagger Spray"],"picked":"PiercingWail","floor":20},{"not_picked":["Flying Knee","Acrobatics"],"picked":"Poisoned Stab","floor":21},{"not_picked":["Poisoned Stab","Prepared"],"picked":"Adrenaline","floor":22}],"player_experience":208192,"relics_obtained":[{"floor":6,"key":"Bag of Preparation"},{"floor":8,"key":"Darkstone Periapt"},{"floor":9,"key":"Centennial Puzzle"},{"floor":12,"key":"Art of War"}],"event_choices":[{"damage_healed":0,"gold_gain":0,"player_choice":"2 cards matched","damage_taken":0,"max_hp_gain":0,"max_hp_loss":0,"event_name":"Match and Keep!","floor":3,"gold_loss":0,"cards_obtained":["Doubt","Underhanded Strike"]},{"damage_healed":17,"gold_gain":0,"player_choice":"Healed and dodged fight","damage_taken":0,"max_hp_gain":0,"max_hp_loss":0,"event_name":"Mushrooms","floor":13,"gold_loss":0,"cards_obtained":["Parasite"]},{"damage_healed":0,"gold_gain":0,"player_choice":"Joined the Cult","damage_taken":6,"max_hp_gain":0,"max_hp_loss":0,"event_name":"Nest","floor":19,"gold_loss":0,"cards_obtained":["RitualDagger"]}],"is_beta":false,"boss_relics":[{"not_picked":["Empty Cage","WristBlade"],"picked":"Cursed Key"}],"items_purged_floors":[11],"is_endless":false,"potions_floor_spawned":[1,5,6,14,18,21],"killed_by":"Slavers","ascension_level":10}