{"gold_per_floor":[110,110,110,129,52,52,70,101,183,54,54,89,100,118,118,194,194,206,121,171,171,183,213,213,224,224,38,38,58,83,83],"floor_reached":31,"playtime":762,"items_purged":["Strike_R","Strike_R"],"score":566,"play_id":"c38011ab-b4d9-47a7-9961-2f81aac8271f","local_time":"20190425215836","is_ascension_mode":true,"campfire_choices":[{"data":"Carnage","floor":6.0,"key":"SMITH"},{"data":"Clothesline","floor":11.0,"key":"SMITH"},{"data":"Flame Barrier","floor":15.0,"key":"SMITH"},{"floor":24.0,"key":"REST"}],"neow_cost":"NONE","seed_source_timestamp":71362327861222,"circlet_count":0,"master_deck":["AscendersBane","Strike_R","Strike_R","Strike_R","Defend_R","Defend_R","Defend_R","Defend_R","Bash+1","Carnage+1","Flame Barrier+1","Clothesline+1","Carnage","Shrug It Off+1","Battle Trance","Second Wind+1","Flame Barrier","Immolate","Armaments","Anger","Infernal Blade","Thunderclap","Evolve","Decay","Disarm","Infernal Blade+1"],"special_seed":0,"relics":["Mark of Pain","Regal Pillow","Red Skull","Tiny Chest","Nunchaku","Orrery","Ancient Tea Set","War Paint","WingedGreaves","The Courier"],"potions_floor_usage":[30],"damage_taken":[{"damage":3.0,"enemies":"Small Slimes","floor":1.0,"turns":4.0},{"damage":0.0,"enemies":"2 Louse","floor":4.0,"turns":3.0},{"damage":0.0,"enemies":"Cultist","floor":7.0,"turns":2.0},{"damage":8.0,"enemies":"Gremlin Nob","floor":8.0,"turns":3.0},{"damage":3.0,"enemies":"Lagavulin","floor":12.0,"turns":4.0},{"damage":0.0,"enemies":"Large Slime","floor":13.0,"turns":4.0},{"damage":0.0,"enemies":"2 Fungi Beasts","floor":14.0,"turns":3.0},{"damage":4.0,"enemies":"Hexaghost","floor":16.0,"turns":8.0},{"damage":22.0,"enemies":"2 Thieves","floor":18.0,"turns":2.0},{"damage":1.0,"enemies":"Chosen","floor":22.0,"turns":3.0},{"damage":29.0,"enemies":"Slavers","floor":23.0,"turns":5.0},{"damage":26.0,"enemies":"Sentry and Sphere","floor":25.0,"turns":6.0},{"damage":0.0,"enemies":"Chosen and Byrds","floor":29.0,"turns":6.0},{"damage":10,"enemies":"Gremlin Leader","floor":30,"turns":5},{"damage":21,"enemies":"3 Cultists","floor":31,"turns":4}],"seed_played":"8922193851854579693","potions_obtained":[{"floor":1.0,"key":"Ancient Potion"},{"floor":4.0,"key":"PowerPotion"},{"floor":23.0,"key":"Poison Potion"},{"floor":25.0,"key":"Ancient Potion"}],"is_trial":false,"path_per_floor":["M","?","?","M","$","R","M","E","T","$","R","E","M","M","R","B",null,"M","?","?","?","M","E","R","M","T","$","?","M","E","M"],"character_chosen":"IRONCLAD","items_purchased":["Flame Barrier","Shrug It Off","Evolve"],"campfire_rested":1,"item_purchase_floors":[5,10,27],"current_hp_per_floor":[65,30,30,30,30,30,30,22,22,22,22,19,19,19,19,15,60,38,38,38,38,37,8,45,19,19,19,19,19,9,0],"gold":83,"neow_bonus":"BOSS_RELIC","is_prod":false,"is_daily":false,"chose_seed":false,"campfire_upgraded":3,"win_rate":0,"timestamp":1556254716,"path_taken":["M","?","?","M","$","R","M","E","T","?","R","E","M","M","R","BOSS","M","?","?","?","M","E","R","M","T","$","?","M","E","?"],"build_version":"2019-04-23","purchased_purges":2,"victory":false,"max_hp_per_floor":[75,75,75,75,75,75,75,75,75,75,75,75,75,75,75,75,75,75,75,75,75,75,75,75,75,75,75,75,75,75,75],"card_choices":[{"not_picked":["Iron Wave","Headbutt"],"picked":"Carnage","floor":1.0},{"not_picked":["Spot Weakness","Rupture"],"picked":"Clothesline","floor":7.0},{"not_picked":["Headbutt","Warcry"],"picked":"Carnage","floor":8.0},{"not_picked":["Pummel","Burning Pact"],"picked":"Battle Trance","floor":12.0},{"not_picked":["Warcry","Perfected Strike"],"picked":"Second Wind","floor":13.0},{"not_picked":["Havoc","Fire Breathing"],"picked":"Flame Barrier","floor":14.0},{"not_picked":["Demon Form","Offering"],"picked":"Immolate","floor":16.0},{"not_picked":["Infernal Blade","Corruption"],"picked":"Armaments","floor":17.0},{"not_picked":["Rage","Heavy Blade"],"picked":"Anger","floor":17.0},{"not_picked":["Rage","Bloodletting"],"picked":"Infernal Blade","floor":17.0},{"not_picked":["Warcry","Headbutt"],"picked":"Thunderclap","floor":18.0},{"not_picked":["Ghostly Armor","Sever Soul"],"picked":"Disarm","floor":29.0},{"not_picked":["Warcry","Thunderclap"],"picked":"Infernal Blade+1","floor":30}],"player_experience":1435056,"relics_obtained":[{"floor":8.0,"key":"Red Skull"},{"floor":9.0,"key":"Tiny Chest"},{"floor":12.0,"key":"Nunchaku"},{"floor":23.0,"key":"War Paint"},{"floor":26.0,"key":"WingedGreaves"},{"floor":30,"key":"The Courier"}],"event_choices":[{"damage_healed":0.0,"max_hp_gain":0.0,"max_hp_loss":0.0,"gold_gain":0.0,"event_name":"Scrap Ooze","player_choice":"Success","floor":2.0,"gold_loss":0.0,"damage_taken":35.0,"relics_obtained":["Regal Pillow"]},{"damage_healed":0.0,"max_hp_gain":0.0,"max_hp_loss":0.0,"gold_gain":0.0,"event_name":"Upgrade Shrine","player_choice":"Upgraded","floor":3.0,"gold_loss":0.0,"damage_taken":0.0,"cards_upgraded":["Bash"]},{"damage_healed":0.0,"max_hp_gain":0.0,"max_hp_loss":0.0,"gold_gain":0.0,"event_name":"Addict","player_choice":"Obtained Relic","floor":19.0,"gold_loss":85.0,"damage_taken":0.0,"relics_obtained":["Ancient Tea Set"]},{"damage_healed":0.0,"max_hp_gain":0.0,"max_hp_loss":0.0,"gold_gain":50.0,"event_name":"Nest","player_choice":"Stole From Cult","floor":20.0,"gold_loss":0.0,"damage_taken":0.0},{"damage_healed":0.0,"max_hp_gain":0.0,"max_hp_loss":0.0,"gold_gain":0.0,"event_name":"Vampires","player_choice":"Ignored","floor":21.0,"gold_loss":0.0,"damage_taken":0.0},{"damage_healed":0.0,"max_hp_gain":0.0,"max_hp_loss":0.0,"gold_gain":0.0,"event_name":"Forgotten Altar","player_choice":"Smashed Altar","floor":28.0,"gold_loss":0.0,"damage_taken":0.0,"cards_obtained":["Decay"]}],"is_beta":true,"boss_relics":[{"not_picked":["Calling Bell","Busted Crown"],"picked":"Orrery"}],"items_purged_floors":[10,27],"is_endless":false,"potions_floor_spawned":[1,4,14,23,25],"killed_by":"3 Cultists","ascension_level":20}