{"gold_per_floor":[113,127,142,142,152,152,178,212,212,212,222,397,408,408,408,513,513,527,527,114,125,143,143,161,161,161,178,178,93,23,42,42,144,144,162,180,180,180,180,180,207,227,227,227,227],"floor_reached":45,"playtime":1915,"items_purged":["Doubt"],"score":765,"play_id":"410b4c70-4fc2-42c1-99e6-525f4d376d9b","local_time":"20190817165549","is_ascension_mode":true,"campfire_choices":[{"floor":6,"key":"REST"},{"floor":10,"key":"REST"},{"data":"Fission","floor":15,"key":"SMITH"},{"floor":23,"key":"REST"},{"floor":28,"key":"REST"},{"floor":32,"key":"REST"},{"data":"Electrodynamics","floor":40,"key":"SMITH"}],"neow_cost":"NONE","seed_source_timestamp":156775216966100,"circlet_count":0,"master_deck":["AscendersBane","Strike_B+1","Strike_B","Strike_B","Defend_B+1","Defend_B+1","Defend_B","Defend_B","Zap","Dualcast+1","Doom and Gloom+1","Conserve Battery","Fission+1","Compile Driver+1","Coolheaded","Self Repair","Creative AI","Apotheosis+1","Cold Snap+1","Glacier","Electrodynamics+1","Defragment+1","Tempest"],"relics":["Cracked Core","Whetstone","Ancient Tea Set","Singing Bowl","Strawberry","Busted Crown","War Paint","Kunai","Gambling Chip","Cursed Key","Centennial Puzzle"],"potions_floor_usage":[5,16,16,22,41,41,42],"damage_taken":[{"damage":1,"enemies":"Cultist","floor":1,"turns":4},{"damage":8,"enemies":"2 Louse","floor":2,"turns":2},{"damage":16,"enemies":"Jaw Worm","floor":3,"turns":4},{"damage":0,"enemies":"3 Louse","floor":5,"turns":1},{"damage":28,"enemies":"Gremlin Nob","floor":8,"turns":4},{"damage":2,"enemies":"Exordium Wildlife","floor":11,"turns":5},{"damage":1,"enemies":"Blue Slaver","floor":13,"turns":5},{"damage":44,"enemies":"Slime Boss","floor":16,"turns":14},{"damage":27,"enemies":"Shell Parasite","floor":18,"turns":10},{"damage":17,"enemies":"3 Byrds","floor":21,"turns":4},{"damage":22,"enemies":"Shelled Parasite and Fungi","floor":22,"turns":7},{"damage":1,"enemies":"Centurion and Healer","floor":24,"turns":6},{"damage":37,"enemies":"Sentry and Sphere","floor":27,"turns":6},{"damage":10,"enemies":"Snake Plant","floor":31,"turns":5},{"damage":16,"enemies":"Collector","floor":33,"turns":13},{"damage":17,"enemies":"3 Darklings","floor":35,"turns":5},{"damage":0,"enemies":"3 Shapes","floor":36,"turns":1},{"damage":84,"enemies":"Giant Head","floor":41,"turns":11},{"damage":0,"enemies":"Spire Growth","floor":42,"turns":7},{"damage":30,"enemies":"4 Shapes","floor":45,"turns":1}],"seed_played":"5709734476090508894","potions_obtained":[{"floor":2,"key":"Energy Potion"},{"floor":3,"key":"Explosive Potion"},{"floor":11,"key":"Weak Potion"},{"floor":18,"key":"GamblersBrew"},{"floor":33,"key":"Poison Potion"},{"floor":36,"key":"Block Potion"},{"floor":41,"key":"Energy Potion"}],"is_trial":false,"path_per_floor":["M","M","M","?","M","R","T","E","T","R","M","?","M","?","R","B",null,"M","?","$","M","M","R","M","?","T","M","R","?","$","M","R","B",null,"M","M","?","?","?","R","E","M","T","?","M"],"character_chosen":"DEFECT","items_purchased":["Apotheosis","War Paint","Glacier"],"campfire_rested":5,"item_purchase_floors":[20,20,30],"current_hp_per_floor":[67,59,43,28,28,50,50,22,22,44,42,42,41,48,48,11,64,46,46,46,41,31,57,68,50,50,20,48,48,48,50,79,73,91,86,88,90,90,90,90,18,28,28,28,0],"gold":227,"neow_bonus":"TRANSFORM_CARD","is_prod":false,"is_daily":false,"chose_seed":false,"campfire_upgraded":2,"win_rate":0,"timestamp":1566028549,"path_taken":["M","?","M","?","M","R","?","E","T","R","M","?","?","?","R","BOSS","M","?","$","M","M","R","M","?","T","M","R","?","?","M","R","BOSS","M","M","?","?","?","R","E","?","T","?","?"],"build_version":"2019-07-17","purchased_purges":1,"victory":false,"max_hp_per_floor":[75,75,75,75,75,75,75,75,75,75,75,75,75,82,82,82,82,84,84,84,86,88,88,90,95,95,95,95,95,95,97,97,97,97,99,101,103,103,103,103,105,105,105,105,105],"card_choices":[{"not_picked":["Stack","Recycle"],"picked":"Doom and Gloom","floor":1},{"not_picked":["Sweeping Beam","Hello World"],"picked":"Conserve Battery","floor":2},{"not_picked":["Sweeping Beam","Cold Snap"],"picked":"Fission","floor":3},{"not_picked":["Lockon","Redo"],"picked":"Compile Driver","floor":5},{"not_picked":["Rebound","Lockon","Recycle"],"picked":"SKIP","floor":8},{"not_picked":["Compile Driver","Hologram"],"picked":"Coolheaded","floor":11},{"not_picked":["Sweeping Beam","Stack"],"picked":"Self Repair","floor":13},{"not_picked":["Core Surge","Machine Learning"],"picked":"Creative AI","floor":16},{"not_picked":["Rebound"],"picked":"Singing Bowl","floor":18},{"not_picked":["Hello World"],"picked":"Singing Bowl","floor":21},{"not_picked":["Go for the Eyes"],"picked":"Singing Bowl","floor":22},{"not_picked":["Gash+1"],"picked":"Singing Bowl","floor":24},{"not_picked":[],"picked":"Cold Snap+1","floor":27},{"not_picked":["Recycle"],"picked":"Singing Bowl","floor":31},{"not_picked":[],"picked":"Electrodynamics","floor":33},{"not_picked":["Melter+1"],"picked":"Singing Bowl","floor":35},{"not_picked":["Double Energy"],"picked":"Singing Bowl","floor":36},{"not_picked":["Mind Blast"],"picked":"Singing Bowl","floor":37},{"not_picked":["Static Discharge+1"],"picked":"Singing Bowl","floor":41},{"not_picked":[],"picked":"Defragment+1","floor":42}],"player_experience":178277,"relics_obtained":[{"floor":7,"key":"Whetstone"},{"floor":8,"key":"Ancient Tea Set"},{"floor":9,"key":"Singing Bowl"},{"floor":26,"key":"Kunai"},{"floor":41,"key":"Centennial Puzzle"}],"event_choices":[{"damage_healed":0,"gold_gain":0,"player_choice":"Entered Light","damage_taken":15,"max_hp_gain":0,"max_hp_loss":0,"event_name":"Shining Light","floor":4,"gold_loss":0,"cards_upgraded":["Strike_B","Defend_B"]},{"damage_healed":0,"gold_gain":175,"player_choice":"AGREE","damage_taken":0,"max_hp_gain":0,"max_hp_loss":0,"event_name":"Liars Game","floor":12,"gold_loss":0,"cards_obtained":["Doubt"]},{"damage_healed":0,"gold_gain":0,"player_choice":"Searched \u00271\u0027 times","damage_taken":0,"relics_obtained":["Strawberry"],"max_hp_gain":0,"max_hp_loss":0,"event_name":"Dead Adventurer","floor":14,"gold_loss":0},{"damage_healed":0,"gold_gain":0,"player_choice":"Ignored","damage_taken":0,"max_hp_gain":0,"max_hp_loss":0,"event_name":"Ghosts","floor":19,"gold_loss":0},{"damage_healed":0,"gold_gain":0,"player_choice":"Shed Blood","damage_taken":23,"max_hp_gain":5,"max_hp_loss":0,"event_name":"Forgotten Altar","floor":25,"gold_loss":0},{"damage_healed":0,"gold_gain":0,"player_choice":"Obtained Relic","damage_taken":0,"relics_obtained":["Gambling Chip"],"max_hp_gain":0,"max_hp_loss":0,"event_name":"Addict","floor":29,"gold_loss":85},{"damage_healed":0,"gold_gain":0,"player_choice":"Memory 1","damage_taken":0,"max_hp_gain":0,"max_hp_loss":0,"event_name":"SensoryStone","floor":37,"gold_loss":0},{"damage_healed":0,"gold_gain":0,"player_choice":"Ignored","damage_taken":0,"max_hp_gain":0,"max_hp_loss":0,"event_name":"Tomb of Lord Red Mask","floor":38,"gold_loss":0},{"damage_healed":0,"gold_gain":0,"player_choice":"Forge","damage_taken":0,"max_hp_gain":0,"max_hp_loss":0,"event_name":"Accursed Blacksmith","floor":39,"gold_loss":0,"cards_upgraded":["Apotheosis"]},{"damage_healed":0,"gold_gain":0,"cards_transformed":["Aggregate"],"player_choice":"Transformed","damage_taken":0,"max_hp_gain":0,"max_hp_loss":0,"event_name":"Transmorgrifier","floor":44,"gold_loss":0,"cards_obtained":["Tempest"]}],"is_beta":false,"boss_relics":[{"not_picked":["Orrery","Philosopher\u0027s Stone"],"picked":"Busted Crown"},{"not_picked":["Pandora\u0027s Box","Empty Cage"],"picked":"Cursed Key"}],"items_purged_floors":[20],"is_endless":false,"potions_floor_spawned":[2,3,11,18,33,36,41],"killed_by":"4 Shapes","ascension_level":11}