{"gold_per_floor":[316,335,345,308,308,308,338,338,386,405,405,43,73,90,90,194,194,205,222,232,232,26,26,38,50,50,50],"floor_reached":27,"playtime":2434,"items_purged":["Strike_B"],"score":226,"play_id":"12ec5648-c877-42e1-900d-dffc05c5b1c7","local_time":"20180706195329","is_ascension_mode":true,"campfire_choices":[{"data":"Redo","floor":6,"key":"SMITH"},{"floor":8,"key":"REST"},{"floor":15,"key":"REST"},{"floor":23,"key":"REST"}],"neow_cost":"NO_GOLD","seed_source_timestamp":1980636844455198,"circlet_count":0,"master_deck":["Strike_B","Strike_B","Strike_B+1","Defend_B","Defend_B","Defend_B+1","Defend_B+1","Zap+1","Dualcast","Redo+1","Beam Cell","Electrodynamics+1","Coolheaded","Cold Snap","Seek","Capacitor","Leap","Amplify","White Noise","Heatsinks","Glacier","Compile Driver","Chrysalis","Defragment+1","Conserve Battery"],"relics":["Cracked Core","Old Coin","Bag of Preparation","Ancient Tea Set","Gambling Chip","Orrery","War Paint","Molten Egg 2"],"potions_floor_usage":[7,7,14,19,20,27],"damage_taken":[{"damage":6,"enemies":"Jaw Worm","floor":1,"turns":4},{"damage":10,"enemies":"Small Slimes","floor":2,"turns":3},{"damage":0,"enemies":"2 Louse","floor":3,"turns":2},{"damage":11,"enemies":"Lagavulin","floor":7,"turns":6},{"damage":5,"enemies":"Large Slime","floor":10,"turns":4},{"damage":0,"enemies":"Looter","floor":14,"turns":2},{"damage":29,"enemies":"The Guardian","floor":16,"turns":12},{"damage":0,"enemies":"Spheric Guardian","floor":18,"turns":4},{"damage":22,"enemies":"2 Thieves","floor":19,"turns":4},{"damage":14,"enemies":"Snecko","floor":20,"turns":10},{"damage":11,"enemies":"Sentry and Sphere","floor":24,"turns":4},{"damage":6,"enemies":"Centurion and Healer","floor":25,"turns":6},{"damage":44,"enemies":"Cultist and Chosen","floor":27,"turns":6}],"seed_played":"5231987117671745962","potions_obtained":[{"floor":1,"key":"EssenceOfSteel"},{"floor":3,"key":"Dexterity Potion"},{"floor":10,"key":"Block Potion"},{"floor":14,"key":"Swift Potion"},{"floor":18,"key":"Energy Potion"},{"floor":24,"key":"EssenceOfSteel"}],"is_trial":false,"path_per_floor":["M","M","M","?","?","R","E","R","T","M","?","$","?","M","R","B",null,"M","M","M","?","$","R","M","M","T"],"character_chosen":"DEFECT","items_purchased":["Gambling Chip","Chrysalis"],"campfire_rested":3,"item_purchase_floors":[12,22],"current_hp_per_floor":[69,59,59,59,59,59,48,70,70,65,50,50,50,50,72,43,75,75,53,39,39,39,61,50,44,44,0],"gold":50,"neow_bonus":"ONE_RARE_RELIC","is_prod":false,"is_daily":false,"chose_seed":false,"campfire_upgraded":1,"win_rate":0,"timestamp":1530921209,"path_taken":["M","M","M","?","?","R","E","R","T","?","?","$","?","M","R","BOSS","M","M","?","?","$","R","M","M","T","M"],"build_version":"2018-07-05","purchased_purges":1,"victory":false,"max_hp_per_floor":[75,75,75,75,75,75,75,75,75,75,75,75,75,75,75,75,75,75,75,75,75,75,75,75,75,75,75],"card_choices":[{"not_picked":["Double Energy","Gash","Sweeping Beam"],"picked":"SKIP","floor":1},{"not_picked":["Aggregate","Compile Driver"],"picked":"Redo","floor":2},{"not_picked":["Hologram","Steam"],"picked":"Beam Cell","floor":3},{"not_picked":["Streamline","Consume"],"picked":"Electrodynamics","floor":7},{"not_picked":["Hologram","Turbo"],"picked":"Coolheaded","floor":10},{"not_picked":["Ball Lightning","Darkness"],"picked":"Cold Snap","floor":14},{"not_picked":["Machine Learning","Fission"],"picked":"Seek","floor":16},{"not_picked":["White Noise","Rebound"],"picked":"Capacitor","floor":17},{"not_picked":["Stack","Storm"],"picked":"Leap","floor":17},{"not_picked":["Cold Snap","Hello World"],"picked":"Amplify","floor":17},{"not_picked":["Beam Cell","Redo"],"picked":"White Noise","floor":17},{"not_picked":["Genetic Algorithm","Turbo"],"picked":"Heatsinks","floor":17},{"not_picked":["Barrage","Ball Lightning"],"picked":"Glacier","floor":18},{"not_picked":["Steam","Force Field"],"picked":"Compile Driver","floor":19},{"not_picked":["Stack","Sweeping Beam","Heatsinks"],"picked":"SKIP","floor":20},{"not_picked":["Melter+1","Doom and Gloom"],"picked":"Defragment+1","floor":24},{"not_picked":["Steam","Sweeping Beam+1"],"picked":"Conserve Battery","floor":25}],"player_experience":202117,"relics_obtained":[{"floor":7,"key":"Bag of Preparation"},{"floor":9,"key":"Ancient Tea Set"},{"floor":26,"key":"Molten Egg 2"}],"event_choices":[{"event_name":"World of Goop","player_choice":"Left","floor":4,"damage_taken":0},{"event_name":"Living Wall","player_choice":"Grow","floor":5,"damage_taken":0},{"event_name":"Shining Light","player_choice":"Entered Light","floor":11,"damage_taken":0},{"event_name":"Dead Adventurer","player_choice":"Searched \u00271\u0027 times","floor":13,"damage_taken":0},{"event_name":"The Mausoleum","player_choice":"Yes","floor":21,"damage_taken":0}],"boss_relics":[{"not_picked":["Snecko Eye","Black Star"],"picked":"Orrery"}],"items_purged_floors":[12],"is_endless":false,"potions_floor_spawned":[1,3,10,14,18,24],"killed_by":"Cultist and Chosen","ascension_level":1}