{"gold_per_floor":[109,120,120,140,140,171,99,115,115,115,56,56,68,82,82,158,158,168,183,183,194,194,194,205,205,205,120,138,172,172,199,199,273,273,288,288,138,154,172,203,223,223,223,223,248,10,10,10,10,10,10,10,10,10,10],"floor_reached":55,"playtime":2742,"items_purged":[],"score":2080,"play_id":"9ae7f92c-d43c-4909-94b6-b9ccffce916f","local_time":"20181213034450","is_ascension_mode":true,"campfire_choices":[{"floor":10,"key":"REST"},{"data":"Hologram","floor":12,"key":"SMITH"},{"floor":15,"key":"REST"},{"floor":23,"key":"REST"},{"floor":25,"key":"RECALL"},{"floor":32,"key":"REST"},{"floor":42,"key":"REST"},{"floor":49,"key":"REST"},{"floor":53,"key":"REST"}],"neow_cost":"NONE","seed_source_timestamp":420194119644446,"circlet_count":0,"master_deck":["AscendersBane","Defend_B+1","Defend_B+1","Defend_B+1","Defend_B+1","Zap","Dualcast","Streamline+1","Hologram+1","Loop","Stack","Ball Lightning+1","White Noise+1","All For One+1","All For One+1","Melter+1","Stack","BootSequence","Bite+1","Bite+1","Bite+1","Bite+1","Bite+1","Glacier+1","Stack","Loop","Rainbow","Hologram","Loop","Conserve Battery","Stack+1","Coolheaded+1","Creative AI","Discovery","Conserve Battery"],"relics":["Snecko Eye","Shuriken","Molten Egg 2","Fusion Hammer","Mummified Hand","War Paint","Singing Bowl","Nilry\u0027s Codex","Ginger","Inserter","Matryoshka","Omamori","Kunai","Centennial Puzzle","Question Card"],"potions_floor_usage":[6,14,16,21,24,31,40,40,55],"damage_taken":[{"damage":9,"enemies":"Small Slimes","floor":1,"turns":4},{"damage":2,"enemies":"Jaw Worm","floor":2,"turns":3},{"damage":9,"enemies":"2 Louse","floor":4,"turns":4},{"damage":3,"enemies":"Gremlin Nob","floor":6,"turns":3},{"damage":5,"enemies":"Blue Slaver","floor":8,"turns":3},{"damage":13,"enemies":"Looter","floor":13,"turns":4},{"damage":8,"enemies":"3 Louse","floor":14,"turns":2},{"damage":0,"enemies":"Slime Boss","floor":16,"turns":5},{"damage":0,"enemies":"Chosen","floor":18,"turns":3},{"damage":10,"enemies":"3 Byrds","floor":19,"turns":3},{"damage":18,"enemies":"Snake Plant","floor":21,"turns":3},{"damage":0,"enemies":"Snecko","floor":24,"turns":3},{"damage":0,"enemies":"Cultist and Chosen","floor":28,"turns":3},{"damage":3,"enemies":"Slavers","floor":29,"turns":4},{"damage":0,"enemies":"Gremlin Leader","floor":31,"turns":8},{"damage":16,"enemies":"Automaton","floor":33,"turns":10},{"damage":2,"enemies":"Orb Walker","floor":35,"turns":5},{"damage":1,"enemies":"3 Darklings","floor":38,"turns":6},{"damage":7,"enemies":"Jaw Worm Horde","floor":39,"turns":4},{"damage":57,"enemies":"Reptomancer","floor":40,"turns":8},{"damage":0,"enemies":"Maw","floor":41,"turns":6},{"damage":17,"enemies":"Giant Head","floor":45,"turns":8},{"damage":57,"enemies":"Awakened One","floor":50,"turns":13},{"damage":3,"enemies":"Donu and Deca","floor":51,"turns":12},{"damage":69,"enemies":"Shield and Spear","floor":55,"turns":3}],"seed_played":"-4070495635630855906","potions_obtained":[{"floor":2,"key":"FearPotion"},{"floor":8,"key":"AttackPotion"},{"floor":13,"key":"AttackPotion"},{"floor":19,"key":"Weak Potion"},{"floor":21,"key":"SteroidPotion"},{"floor":24,"key":"Fruit Juice"},{"floor":29,"key":"FocusPotion"},{"floor":35,"key":"GamblersBrew"},{"floor":45,"key":"Poison Potion"}],"is_trial":false,"path_per_floor":["M","M","?","M","?","E","?","M","T","R","$","R","M","M","R","B",null,"M","M","?","M","?","R","M","R","T","?","M","E","?","E","R","B",null,"M","?","$","M","M","E","M","R","T","?","E","$","?","T","R","B","B",null,"R","$","E"],"character_chosen":"DEFECT","items_purchased":["Ball Lightning+1","Hologram","Loop","Conserve Battery","Creative AI","Discovery","Conserve Battery"],"campfire_rested":7,"item_purchase_floors":[11,37,37,37,46,46,46],"current_hp_per_floor":[55,53,32,23,23,20,20,15,15,36,36,36,23,15,36,36,62,62,52,52,34,34,48,53,53,53,53,54,54,33,54,54,47,52,56,56,56,58,51,15,39,57,57,57,60,60,62,62,62,39,54,60,62,62,0],"gold":10,"neow_bonus":"BOSS_RELIC","is_prod":false,"is_daily":false,"chose_seed":false,"campfire_upgraded":1,"win_rate":0,"timestamp":1544701490,"path_taken":["M","M","?","M","?","E","?","M","T","R","?","R","?","M","R","BOSS","M","M","?","M","?","R","M","R","T","?","M","E","?","E","R","BOSS","M","?","?","M","?","E","M","R","T","?","E","$","?","?","R","BOSS","BOSS","R","$","E"],"build_version":"2018-12-11","purchased_purges":0,"victory":false,"max_hp_per_floor":[71,71,71,71,71,71,71,71,71,71,71,71,71,71,71,71,71,71,71,71,71,49,49,54,54,54,54,54,54,54,54,54,54,54,56,56,56,58,58,60,60,60,60,60,62,62,62,62,62,62,62,62,62,62,62],"card_choices":[{"not_picked":["Beam Cell","Chill"],"picked":"Streamline","floor":1},{"not_picked":["Beam Cell","Compile Driver"],"picked":"Rebound","floor":2},{"not_picked":["Darkness","Capacitor"],"picked":"Hologram","floor":4},{"not_picked":["Darkness","Gash"],"picked":"Loop","floor":6},{"not_picked":["Genetic Algorithm","Gash"],"picked":"Stack","floor":8},{"not_picked":["Static Discharge","Recycle"],"picked":"White Noise","floor":13},{"not_picked":["Coolheaded","Compile Driver+1"],"picked":"All For One+1","floor":14},{"not_picked":["Buffer","Creative AI"],"picked":"All For One+1","floor":16},{"not_picked":["Beam Cell+1","Aggregate"],"picked":"Melter+1","floor":18},{"not_picked":["Barrage+1","Storm"],"picked":"Stack","floor":19},{"not_picked":["Steam Power","Ball Lightning+1"],"picked":"BootSequence","floor":21},{"not_picked":["Steam","Chaos+1"],"picked":"Glacier","floor":24},{"not_picked":["Sweeping Beam+1","Self Repair+1"],"picked":"Stack","floor":29},{"not_picked":["Turbo","Ball Lightning+1"],"picked":"Loop","floor":31},{"not_picked":["Buffer","Machine Learning"],"picked":"Rainbow","floor":33},{"not_picked":["Leap","Redo","Fusion"],"picked":"Singing Bowl","floor":35},{"not_picked":["Reprogram","Streamline+1","Aggregate"],"picked":"Singing Bowl","floor":38},{"not_picked":["Capacitor","Ball Lightning+1"],"picked":"Stack+1","floor":39},{"not_picked":["Steam+1","Self Repair","Turbo"],"picked":"Singing Bowl","floor":40},{"not_picked":["Reboot","Genetic Algorithm+1"],"picked":"Coolheaded+1","floor":41},{"not_picked":["Steam","Go for the Eyes+1","Ball Lightning+1"],"picked":"Singing Bowl","floor":45}],"player_experience":989442,"relics_obtained":[{"floor":6,"key":"Shuriken"},{"floor":9,"key":"Molten Egg 2"},{"floor":26,"key":"Mummified Hand"},{"floor":29,"key":"Singing Bowl"},{"floor":30,"key":"Nilry\u0027s Codex"},{"floor":31,"key":"Ginger"},{"floor":40,"key":"Matryoshka"},{"floor":43,"key":"Omamori"},{"floor":45,"key":"Kunai"},{"floor":48,"key":"Centennial Puzzle"},{"floor":48,"key":"Question Card"}],"event_choices":[{"damage_healed":0,"gold_gain":0,"player_choice":"Entered Light","damage_taken":21,"max_hp_gain":0,"max_hp_loss":0,"event_name":"Shining Light","floor":3,"gold_loss":0,"cards_upgraded":["Defend_B","Defend_B"]},{"damage_healed":0,"gold_gain":0,"player_choice":"Grow","damage_taken":0,"max_hp_gain":0,"max_hp_loss":0,"event_name":"Living Wall","floor":5,"gold_loss":0,"cards_upgraded":["Streamline"]},{"damage_healed":0,"gold_gain":0,"player_choice":"Left Gold","damage_taken":0,"max_hp_gain":0,"max_hp_loss":0,"event_name":"World of Goop","floor":7,"gold_loss":72},{"damage_healed":0,"gold_gain":0,"player_choice":"Simplicity","damage_taken":0,"max_hp_gain":0,"max_hp_loss":0,"event_name":"Back to Basics","floor":20,"gold_loss":0,"cards_upgraded":["Strike_B","Strike_B","Strike_B","Strike_B","Defend_B","Defend_B"]},{"damage_healed":0,"gold_gain":0,"player_choice":"Became a vampire","damage_taken":0,"max_hp_gain":0,"max_hp_loss":22,"event_name":"Vampires","floor":22,"gold_loss":0,"cards_obtained":["Bite","Bite","Bite","Bite","Bite"]},{"damage_healed":0,"gold_gain":0,"player_choice":"Obtained Relic","damage_taken":0,"relics_obtained":["War Paint"],"max_hp_gain":0,"max_hp_loss":0,"event_name":"Addict","floor":27,"gold_loss":85},{"damage_healed":0,"gold_gain":0,"player_choice":"Obtained Book","damage_taken":21,"max_hp_gain":0,"max_hp_loss":0,"event_name":"Cursed Tome","floor":30,"gold_loss":0},{"damage_healed":0,"gold_gain":0,"player_choice":"Ignored","damage_taken":0,"max_hp_gain":0,"max_hp_loss":0,"event_name":"Tomb of Lord Red Mask","floor":36,"gold_loss":0},{"cards_removed":["Rebound"],"damage_healed":0,"gold_gain":0,"player_choice":"Removed Attack","damage_taken":0,"max_hp_gain":0,"max_hp_loss":0,"event_name":"Falling","floor":44,"gold_loss":0},{"damage_healed":12,"gold_gain":0,"player_choice":"Writhe","damage_taken":0,"max_hp_gain":0,"max_hp_loss":0,"event_name":"Winding Halls","floor":47,"gold_loss":0,"cards_obtained":["Writhe"]}],"is_beta":true,"boss_relics":[{"not_picked":["Tiny House","Nuclear Battery"],"picked":"Fusion Hammer"},{"not_picked":["White Beast Statue","Philosopher\u0027s Stone"],"picked":"Inserter"}],"items_purged_floors":[],"is_endless":false,"potions_floor_spawned":[2,8,13,19,21,24,29,35,38,45],"killed_by":"Shield and Spear","ascension_level":20}