{"gold_per_floor":[116,127,137,137,87,87,98,98,123,158,174,205,235,254,254,359,359,376,387,398,412,1,36,36,48,48,48,78,92,0,0,0,0],"floor_reached":33,"playtime":2043,"items_purged":["Strike_R"],"score":324,"play_id":"efd4022b-87ac-4174-afb0-2b357bfff66f","local_time":"20190705232950","is_ascension_mode":false,"campfire_choices":[{"floor":6,"key":"RECALL"},{"data":"Battle Trance","floor":8,"key":"SMITH"},{"data":"Shrug It Off","floor":15,"key":"SMITH"},{"data":"Feed","floor":24,"key":"SMITH"},{"floor":27,"key":"REST"},{"data":"Bite","floor":32,"key":"SMITH"}],"neow_cost":"NONE","seed_source_timestamp":381026731790642,"circlet_count":0,"master_deck":["Defend_R+1","Defend_R+1","Defend_R","Defend_R","Bash","Battle Trance+1","Twin Strike","Twin Strike","Twin Strike","Cleave","Flame Barrier","Shrug It Off+1","Flex+1","Feed+1","Iron Wave","Shockwave+1","Shrug It Off+1","Warcry+1","Master of Strategy+1","Iron Wave","Shrug It Off+1","Spot Weakness+1","Disarm+1","Bite+1","Bite","Bite","Bite","Bite"],"relics":["Burning Blood","War Paint","Happy Flower","Mercury Hourglass","Toxic Egg 2","Black Star","Vajra","Boot","Kunai","Pantograph","Ornamental Fan","Meat on the Bone"],"potions_floor_usage":[12,20,23,28,33],"damage_taken":[{"damage":1,"enemies":"Cultist","floor":1,"turns":4},{"damage":0,"enemies":"2 Louse","floor":2,"turns":3},{"damage":4,"enemies":"Small Slimes","floor":3,"turns":4},{"damage":8,"enemies":"3 Louse","floor":7,"turns":5},{"damage":21,"enemies":"3 Sentries","floor":10,"turns":9},{"damage":2,"enemies":"Looter","floor":11,"turns":3},{"damage":27,"enemies":"Gremlin Nob","floor":12,"turns":5},{"damage":0,"enemies":"2 Fungi Beasts","floor":14,"turns":3},{"damage":33,"enemies":"Hexaghost","floor":16,"turns":9},{"damage":3,"enemies":"3 Byrds","floor":18,"turns":3},{"damage":8,"enemies":"Shell Parasite","floor":19,"turns":5},{"damage":24,"enemies":"Cultist and Chosen","floor":20,"turns":8},{"damage":15,"enemies":"3 Cultists","floor":21,"turns":5},{"damage":21,"enemies":"Gremlin Leader","floor":23,"turns":4},{"damage":17,"enemies":"Sentry and Sphere","floor":25,"turns":8},{"damage":4,"enemies":"Book of Stabbing","floor":28,"turns":8},{"damage":2,"enemies":"Snake Plant","floor":29,"turns":5},{"damage":95,"enemies":"Automaton","floor":33,"turns":14}],"seed_played":"3160974955821148210","potions_obtained":[{"floor":1,"key":"SpeedPotion"},{"floor":2,"key":"Poison Potion"},{"floor":12,"key":"BloodPotion"},{"floor":19,"key":"GamblersBrew"},{"floor":20,"key":"PowerPotion"}],"is_trial":false,"path_per_floor":["M","M","M","?","?","R","M","R","T","E","M","E","?","M","R","B",null,"M","M","M","M","$","E","R","M","T","R","E","M","?","?","R","B"],"character_chosen":"IRONCLAD","items_purchased":["Master of Strategy+1","Vajra"],"campfire_rested":1,"item_purchase_floors":[22,22],"current_hp_per_floor":[80,80,80,80,80,80,78,78,78,63,67,46,46,52,52,25,80,83,81,63,57,57,42,42,31,31,56,58,62,62,60,60,0],"gold":0,"neow_bonus":"RANDOM_COMMON_RELIC","is_prod":false,"is_daily":false,"chose_seed":false,"campfire_upgraded":4,"win_rate":0,"timestamp":1562336990,"path_taken":["M","M","?","?","?","R","M","R","T","E","M","E","?","M","R","BOSS","M","M","M","M","$","E","R","M","T","R","E","M","?","?","R","BOSS"],"build_version":"2019-07-01","purchased_purges":1,"victory":false,"max_hp_per_floor":[80,80,80,80,80,80,80,80,80,80,80,80,80,80,80,80,80,83,83,83,86,86,86,86,86,86,86,86,86,86,60,60,60],"card_choices":[{"not_picked":["Body Slam","Intimidate"],"picked":"Battle Trance","floor":1},{"not_picked":["Cleave","Reckless Charge"],"picked":"Twin Strike","floor":2},{"not_picked":["Heavy Blade","Power Through"],"picked":"Twin Strike","floor":3},{"not_picked":["Clash","Headbutt"],"picked":"Twin Strike","floor":7},{"not_picked":["Searing Blow","Hemokinesis"],"picked":"Cleave","floor":10},{"not_picked":["Twin Strike","Perfected Strike"],"picked":"Flame Barrier","floor":11},{"not_picked":["Perfected Strike","Bludgeon"],"picked":"Shrug It Off","floor":12},{"not_picked":["Pommel Strike","Warcry+1"],"picked":"Flex+1","floor":14},{"not_picked":["Dark Embrace","Impervious+1"],"picked":"Feed","floor":16},{"not_picked":["Clash","Blood for Blood"],"picked":"Iron Wave","floor":18},{"not_picked":["Sever Soul","Blood for Blood"],"picked":"Shockwave+1","floor":19},{"not_picked":["Flex+1","Shockwave+1"],"picked":"Shrug It Off+1","floor":20},{"not_picked":["Sword Boomerang","Flex+1"],"picked":"Warcry+1","floor":21},{"not_picked":["Thunderclap","Clothesline"],"picked":"Iron Wave","floor":23},{"not_picked":["Rampage+1","Flex+1"],"picked":"Shrug It Off+1","floor":25},{"not_picked":["Dark Embrace","Burning Pact+1"],"picked":"Spot Weakness+1","floor":28},{"not_picked":["Headbutt","Shrug It Off+1"],"picked":"Disarm+1","floor":29}],"player_experience":32897,"relics_obtained":[{"floor":10,"key":"Happy Flower"},{"floor":12,"key":"Mercury Hourglass"},{"floor":23,"key":"Boot"},{"floor":23,"key":"Kunai"},{"floor":26,"key":"Pantograph"},{"floor":28,"key":"Ornamental Fan"},{"floor":28,"key":"Meat on the Bone"}],"event_choices":[{"damage_healed":0,"gold_gain":0,"player_choice":"Ignored","damage_taken":0,"max_hp_gain":0,"max_hp_loss":0,"event_name":"Liars Game","floor":4,"gold_loss":0},{"cards_removed":["Strike_R"],"damage_healed":0,"gold_gain":0,"player_choice":"Card Removal","damage_taken":0,"max_hp_gain":0,"max_hp_loss":0,"event_name":"The Cleric","floor":5,"gold_loss":50},{"damage_healed":0,"gold_gain":30,"player_choice":"Searched \u00272\u0027 times","damage_taken":0,"relics_obtained":["Toxic Egg 2"],"max_hp_gain":0,"max_hp_loss":0,"event_name":"Dead Adventurer","floor":13,"gold_loss":0},{"damage_healed":0,"gold_gain":0,"player_choice":"Paid Fearfully","damage_taken":0,"max_hp_gain":0,"max_hp_loss":0,"event_name":"Masked Bandits","floor":30,"gold_loss":92},{"damage_healed":0,"gold_gain":0,"player_choice":"Became a vampire","damage_taken":0,"max_hp_gain":0,"max_hp_loss":26,"event_name":"Vampires","floor":31,"gold_loss":0,"cards_obtained":["Bite","Bite","Bite","Bite","Bite"]}],"is_beta":false,"boss_relics":[{"not_picked":["Mark of Pain","Sozu"],"picked":"Black Star"}],"items_purged_floors":[22],"is_endless":false,"potions_floor_spawned":[1,2,12,19,20,21],"killed_by":"Automaton","ascension_level":0}