{"gold_per_floor":[115,65,65,65,75,108,108,125,177,177,202,220,237,18,18,114,114,130,148,166,166,178,178,211,63,86,86,97,97,123,141,141,141],"floor_reached":33,"playtime":2250,"items_purged":["Strike_G","Strike_G"],"score":407,"play_id":"c24dc518-2bc6-44b1-a8c8-15374bd714b4","local_time":"20180708194733","is_ascension_mode":true,"campfire_choices":[{"data":"Neutralize","floor":7,"key":"SMITH"},{"data":"Cloak And Dagger","floor":10,"key":"SMITH"},{"data":"Caltrops","floor":15,"key":"SMITH"},{"data":"Dodge and Roll","floor":23,"key":"SMITH"},{"floor":27,"key":"REST"},{"floor":29,"key":"REST"},{"floor":32,"key":"REST"}],"neow_cost":"NONE","seed_source_timestamp":2153264650608972,"circlet_count":0,"master_deck":["Defend_G","Defend_G","Defend_G","Defend_G","Defend_G","Strike_G+1","Strike_G","Survivor","Neutralize+1","Slice","Blur","Backstab+1","Cloak And Dagger+1","Dodge and Roll","Dodge and Roll+1","Caltrops+1","PiercingWail","Backflip+1","Slice","Caltrops+1","Quick Slash+1"],"relics":["Ring of the Snake","NeowsBlessing","Potion Belt","Whetstone","Happy Flower","Omamori","Blood Vial","Black Star","Singing Bowl","Orichalcum","Bag of Marbles","Girya","Du-Vu Doll"],"potions_floor_usage":[11,11,13,16,16,16,18,20,22,22,31,33],"damage_taken":[{"damage":0,"enemies":"Small Slimes","floor":1,"turns":1},{"damage":0,"enemies":"Jaw Worm","floor":5,"turns":1},{"damage":0,"enemies":"Lagavulin","floor":6,"turns":1},{"damage":0,"enemies":"2 Louse","floor":8,"turns":1},{"damage":0,"enemies":"Gremlin Nob","floor":11,"turns":4},{"damage":0,"enemies":"Looter","floor":12,"turns":2},{"damage":0,"enemies":"Exordium Thugs","floor":13,"turns":5},{"damage":10,"enemies":"The Guardian","floor":16,"turns":11},{"damage":13,"enemies":"Shell Parasite","floor":18,"turns":8},{"damage":29,"enemies":"Spheric Guardian","floor":19,"turns":7},{"damage":6,"enemies":"Centurion and Healer","floor":20,"turns":20},{"damage":20,"enemies":"Chosen and Byrds","floor":22,"turns":8},{"damage":41,"enemies":"Slavers","floor":24,"turns":6},{"damage":3,"enemies":"Slaver and Parasite","floor":28,"turns":8},{"damage":17,"enemies":"Book of Stabbing","floor":30,"turns":5},{"damage":11,"enemies":"Sentry and Sphere","floor":31,"turns":6},{"damage":78,"enemies":"Automaton","floor":33,"turns":16}],"seed_played":"818926564571217790","potions_obtained":[{"floor":1,"key":"Explosive Potion"},{"floor":6,"key":"EntropicBrew"},{"floor":12,"key":"PowerPotion"},{"floor":13,"key":"Weak Potion"},{"floor":18,"key":"SteroidPotion"},{"floor":20,"key":"SteroidPotion"},{"floor":24,"key":"Explosive Potion"},{"floor":28,"key":"FearPotion"}],"is_trial":false,"path_per_floor":["M","?","?","?","M","E","R","M","T","R","E","M","M","$","R","B",null,"M","M","M","?","M","R","E","$","T","R","M","R","E","M","R"],"character_chosen":"THE_SILENT","items_purchased":["Blood Vial","FearPotion"],"campfire_rested":3,"item_purchase_floors":[14,25],"current_hp_per_floor":[70,70,67,67,67,67,67,67,67,67,67,67,67,67,67,59,70,57,30,26,80,60,60,23,23,23,47,46,70,57,50,75,0],"gold":141,"neow_bonus":"THREE_ENEMY_KILL","is_prod":false,"is_daily":false,"chose_seed":false,"campfire_upgraded":4,"win_rate":0,"timestamp":1531093653,"path_taken":["M","?","?","?","?","E","R","M","T","R","E","M","M","$","R","BOSS","M","M","M","?","M","R","E","$","T","R","M","R","E","M","R","BOSS"],"build_version":"2018-07-05","purchased_purges":2,"victory":false,"max_hp_per_floor":[70,70,70,70,70,70,70,70,70,70,70,70,70,70,70,70,70,70,70,70,80,80,80,82,82,82,82,82,82,84,86,86,86],"card_choices":[{"not_picked":["Acrobatics","Outmaneuver"],"picked":"Slice","floor":1},{"not_picked":["Prepared","Bane"],"picked":"Blur","floor":5},{"not_picked":["Dodge and Roll","Calculated Gamble"],"picked":"Backstab","floor":6},{"not_picked":["Quick Slash","Prepared"],"picked":"Cloak And Dagger","floor":8},{"not_picked":["Poisoned Stab","Underhanded Strike"],"picked":"Dodge and Roll","floor":11},{"not_picked":["Catalyst","Flechettes"],"picked":"Dodge and Roll","floor":12},{"not_picked":["Deflect","Dagger Throw"],"picked":"Caltrops","floor":13},{"not_picked":["Envenom","Corpse Explosion"],"picked":"Bullet Time","floor":16},{"not_picked":["Sucker Punch","Deflect"],"picked":"PiercingWail","floor":18},{"not_picked":["Bane","Deadly Poison"],"picked":"Backflip+1","floor":19},{"not_picked":["Dodge and Roll","Endless Agony"],"picked":"Slice","floor":20},{"not_picked":["Choke","Bane"],"picked":"Caltrops+1","floor":22},{"not_picked":["Escape Plan","Acrobatics","Choke"],"picked":"Singing Bowl","floor":24},{"not_picked":["Heel Hook","Acrobatics"],"picked":"Quick Slash+1","floor":28},{"not_picked":["Venomology","Flying Knee+1","Masterful Stab"],"picked":"Singing Bowl","floor":30},{"not_picked":["Setup","Poisoned Stab","Outmaneuver"],"picked":"Singing Bowl","floor":31}],"player_experience":243623,"relics_obtained":[{"floor":6,"key":"Whetstone"},{"floor":9,"key":"Happy Flower"},{"floor":11,"key":"Omamori"},{"floor":24,"key":"Singing Bowl"},{"floor":24,"key":"Orichalcum"},{"floor":26,"key":"Bag of Marbles"},{"floor":30,"key":"Girya"},{"floor":30,"key":"Du-Vu Doll"}],"event_choices":[{"event_name":"The Cleric","player_choice":"Card Removal","floor":2,"damage_taken":0},{"event_name":"Scrap Ooze","player_choice":"success","floor":3,"damage_taken":3},{"event_name":"Liars Game","player_choice":"disagreed","floor":4,"damage_taken":0},{"event_name":"Bonfire Elementals","player_choice":"RARE","floor":21,"damage_taken":0}],"boss_relics":[{"not_picked":["Pandora\u0027s Box","Runic Dome"],"picked":"Black Star"}],"items_purged_floors":[14,25],"is_endless":false,"potions_floor_spawned":[1,6,12,13,18,20,24,28],"killed_by":"Automaton","ascension_level":2}