{"gold_per_floor":[368,368,443,443,33,33,62,77,77,105,105,132,151,163,163,237,237,252,252,59,75,17,17,17],"floor_reached":24,"playtime":575,"items_purged":[],"score":404,"play_id":"964cf98c-1bd0-4e66-af2e-0f9370083f0e","local_time":"20190228175709","is_ascension_mode":true,"campfire_choices":[{"data":"Armaments","floor":6,"key":"SMITH"},{"data":"Uppercut","floor":11,"key":"SMITH"},{"data":"Uppercut","floor":15,"key":"SMITH"},{"data":"Chrysalis","floor":23,"key":"SMITH"}],"neow_cost":"TEN_PERCENT_HP_LOSS","seed_source_timestamp":2568882850525,"circlet_count":0,"master_deck":["AscendersBane","Strike_R","Strike_R","Strike_R","Strike_R","Defend_R","Defend_R","Defend_R","Defend_R","Bash","Uppercut+1","Infernal Blade","Armaments+1","Uppercut+1","Iron Wave","Anger","Clash","Reaper","Flame Barrier","Cleave","Chrysalis+1","Inflame","Shrug It Off"],"relics":["Burning Blood","FossilizedHelix","Magic Flower","Art of War","Question Card","Vajra","Bag of Preparation","Coffee Dripper"],"potions_floor_usage":[7,16,21],"damage_taken":[{"damage":2,"enemies":"Cultist","floor":1,"turns":4},{"damage":17,"enemies":"Lagavulin","floor":7,"turns":6},{"damage":0,"enemies":"Small Slimes","floor":8,"turns":3},{"damage":35,"enemies":"3 Sentries","floor":10,"turns":7},{"damage":0,"enemies":"Jaw Worm","floor":13,"turns":2},{"damage":0,"enemies":"Blue Slaver","floor":14,"turns":2},{"damage":25,"enemies":"Hexaghost","floor":16,"turns":7},{"damage":27,"enemies":"2 Thieves","floor":18,"turns":5},{"damage":47,"enemies":"3 Byrds","floor":21,"turns":7},{"damage":23,"enemies":"Book of Stabbing","floor":24,"turns":4}],"seed_played":"-4397912288129220246","potions_obtained":[{"floor":1,"key":"Strength Potion"},{"floor":13,"key":"Swift Potion"},{"floor":14,"key":"FearPotion"},{"floor":18,"key":"SkillPotion"}],"is_trial":false,"path_per_floor":["M","$","?","?","$","R","E","M","T","E","R","T","M","M","R","B",null,"M","?","$","M","$","R","E"],"character_chosen":"IRONCLAD","items_purchased":["Magic Flower","Infernal Blade","Armaments","Chrysalis","Shrug It Off"],"campfire_rested":0,"item_purchase_floors":[5,5,5,20,22],"current_hp_per_floor":[68,68,57,46,46,46,38,47,47,21,21,21,30,39,39,23,57,50,50,50,20,20,20,0],"gold":17,"neow_bonus":"TWO_FIFTY_GOLD","is_prod":false,"is_daily":false,"chose_seed":false,"campfire_upgraded":4,"win_rate":0,"timestamp":1551405429,"path_taken":["M","$","?","?","?","R","E","M","T","E","R","?","M","M","R","BOSS","M","?","?","M","$","R","E"],"build_version":"2019-02-06","purchased_purges":0,"victory":false,"max_hp_per_floor":[68,68,68,68,68,68,68,68,68,68,68,68,68,68,68,68,68,68,68,68,68,68,68,68],"card_choices":[{"not_picked":["Pummel","Armaments"],"picked":"Uppercut","floor":1},{"not_picked":["Rupture","Anger"],"picked":"Uppercut","floor":7},{"not_picked":["Hemokinesis","Havoc"],"picked":"Iron Wave","floor":8},{"not_picked":["Exhume","Combust","Clash"],"picked":"Anger","floor":10},{"not_picked":["Clothesline","Fire Breathing","Thunderclap"],"picked":"Clash","floor":14},{"not_picked":["Bludgeon","Feed","Juggernaut"],"picked":"Reaper","floor":16},{"not_picked":["Warcry","Combust+1","Anger"],"picked":"Flame Barrier","floor":18},{"not_picked":["Feel No Pain","Hemokinesis","Metallicize"],"picked":"Inflame","floor":21}],"player_experience":1229243,"relics_obtained":[{"floor":7,"key":"Art of War"},{"floor":9,"key":"Question Card"},{"floor":10,"key":"Vajra"},{"floor":12,"key":"Bag of Preparation"}],"event_choices":[{"damage_healed":0,"gold_gain":75,"player_choice":"Gather Gold","damage_taken":11,"max_hp_gain":0,"max_hp_loss":0,"event_name":"World of Goop","floor":3,"gold_loss":0},{"damage_healed":0,"gold_gain":0,"player_choice":"Success","damage_taken":11,"relics_obtained":["FossilizedHelix"],"max_hp_gain":0,"max_hp_loss":0,"event_name":"Scrap Ooze","floor":4,"gold_loss":0},{"damage_healed":0,"gold_gain":0,"cards_transformed":["Strike_R"],"player_choice":"Transformed","damage_taken":0,"max_hp_gain":0,"max_hp_loss":0,"event_name":"Transmorgrifier","floor":19,"gold_loss":0,"cards_obtained":["Cleave"]}],"is_beta":true,"boss_relics":[{"not_picked":["Mark of Pain","Astrolabe"],"picked":"Coffee Dripper"}],"items_purged_floors":[],"is_endless":false,"potions_floor_spawned":[1,13,14,18],"killed_by":"Book of Stabbing","ascension_level":20}