{"gold_per_floor":[113,42,117,137,150,150,150,184,234,248,238,238,263,280,280,359,359,374,374,374],"floor_reached":20,"playtime":530,"items_purged":[],"score":305,"play_id":"e2b7a0a1-065c-48dd-93c8-c6765c0eadba","local_time":"20180811150433","is_ascension_mode":true,"campfire_choices":[{"data":"Defragment","floor":7,"key":"SMITH"},{"data":"Hologram","floor":12,"key":"SMITH"},{"data":"Hologram","floor":15,"key":"SMITH"}],"neow_cost":"NONE","seed_source_timestamp":0,"circlet_count":0,"master_deck":["Strike_B","Strike_B","Strike_B","Strike_B","Defend_B","Defend_B","Defend_B","Defend_B","Zap","Dualcast","AscendersBane","Defragment+1","FTL","Hologram+1","Ball Lightning","Hologram+1","Conserve Battery","Go for the Eyes","FTL","Electrodynamics","Self Repair+1","Necronomicurse"],"special_seed":0,"relics":["Lizard Tail","Pen Nib","Centennial Puzzle","Potion Belt","DataDisk","White Beast Statue","Necronomicon"],"potions_floor_usage":[8,18],"damage_taken":[{"damage":9,"enemies":"Jaw Worm","floor":1,"turns":5},{"damage":0,"enemies":"2 Louse","floor":4,"turns":4},{"damage":6,"enemies":"Cultist","floor":5,"turns":3},{"damage":6,"enemies":"Gremlin Nob","floor":8,"turns":4},{"damage":3,"enemies":"2 Fungi Beasts","floor":10,"turns":6},{"damage":24,"enemies":"Exordium Thugs","floor":11,"turns":4},{"damage":3,"enemies":"Blue Slaver","floor":14,"turns":3},{"damage":5,"enemies":"The Guardian","floor":16,"turns":11},{"damage":22,"enemies":"Spheric Guardian","floor":18,"turns":4},{"damage":0,"enemies":"Shell Parasite","floor":20,"turns":1}],"seed_played":"8021158325198204068","potions_obtained":[{"floor":1,"key":"Block Potion"},{"floor":8,"key":"Ancient Potion"},{"floor":11,"key":"Regen Potion"},{"floor":16,"key":"Fruit Juice"},{"floor":18,"key":"FearPotion"}],"is_trial":false,"path_per_floor":["M","$","?","M","M","?","R","E","T","M","M","R","T","M","R","B",null,"M","?"],"character_chosen":"DEFECT","items_purchased":["FTL"],"campfire_rested":0,"item_purchase_floors":[2],"current_hp_per_floor":[55,55,44,44,38,33,33,27,27,24,35,35,35,32,32,27,60,43,22,22],"gold":374,"neow_bonus":"BOSS_RELIC","is_prod":false,"is_daily":false,"chose_seed":false,"campfire_upgraded":3,"win_rate":0,"timestamp":1534025073,"path_taken":["M","$","?","M","M","?","R","E","T","M","M","R","?","M","R","BOSS","M","?","M"],"build_version":"2018-08-08","purchased_purges":0,"victory":false,"max_hp_per_floor":[71,71,71,71,71,71,71,71,71,71,71,71,71,71,71,71,71,76,76,76],"card_choices":[{"not_picked":["Go for the Eyes","Compile Driver"],"picked":"Defragment","floor":1},{"not_picked":["Gash","Rip and Tear"],"picked":"Hologram","floor":4},{"not_picked":["Biased Cognition","Aggregate"],"picked":"Ball Lightning","floor":5},{"not_picked":["Force Field","Compile Driver"],"picked":"Hologram","floor":8},{"not_picked":["Gash","FTL"],"picked":"Conserve Battery","floor":10},{"not_picked":["Hologram","Redo"],"picked":"Go for the Eyes","floor":11},{"not_picked":["Thunder Strike","Force Field"],"picked":"FTL","floor":14},{"not_picked":["Creative AI","All For One"],"picked":"Electrodynamics","floor":16},{"not_picked":["Compile Driver","Rebound"],"picked":"Self Repair+1","floor":18}],"player_experience":793001,"relics_obtained":[{"floor":8,"key":"Centennial Puzzle"},{"floor":9,"key":"Potion Belt"},{"floor":13,"key":"DataDisk"},{"floor":19,"key":"Necronomicon"}],"event_choices":[{"event_name":"World of Goop","player_choice":"Gather Gold","floor":3,"damage_taken":0},{"event_name":"Scrap Ooze","player_choice":"success","floor":6,"damage_taken":5},{"event_name":"Cursed Tome","player_choice":"Obtained Book","floor":19,"damage_taken":0}],"is_beta":true,"boss_relics":[{"not_picked":["Nuclear Battery","Empty Cage"],"picked":"White Beast Statue"}],"items_purged_floors":[],"is_endless":false,"potions_floor_spawned":[1,8,11,16,18],"killed_by":"Shell Parasite","ascension_level":15}