{"gold_per_floor":[12,12,22,46,63,63,88,88,88,100,31,31,43,53,53,126,126,113,128,128,27,42,42,54,85,111,111,111,34,34,52,52,124,124,142,142,169,187,187],"floor_reached":39,"playtime":1403,"items_purged":["Writhe"],"score":702,"play_id":"ede5dc71-3df8-4846-8272-de0d1a3c2b16","local_time":"20180803175152","is_ascension_mode":true,"campfire_choices":[{"data":"Hologram","floor":6,"key":"SMITH"},{"data":"Zap","floor":8,"key":"SMITH"},{"data":"Streamline","floor":12,"key":"SMITH"},{"data":"Beam Cell","floor":15,"key":"SMITH"},{"floor":23,"key":"REST"},{"floor":28,"key":"REST"},{"floor":32,"key":"REST"}],"neow_cost":"NO_GOLD","seed_source_timestamp":569033130589521,"circlet_count":0,"master_deck":["Strike_B","Strike_B","Strike_B","Strike_B","Defend_B","Defend_B","Defend_B","Defend_B","Zap+1","Dualcast","AscendersBane","Glacier","Conserve Battery","Hologram+1","Beam Cell+1","Echo Form","Streamline+1","Coolheaded","Hello World","Ball Lightning","Machine Learning","Go for the Eyes+1","Conserve Battery","Cold Snap","Capacitor","Leap","Creative AI","Decay","J.A.X.","Blizzard+1","Thunder Strike+1","Storm+1","Doom and Gloom+1"],"relics":["Cracked Core","Incense Burner","Pen Nib","Pantograph","Question Card","Fusion Hammer","Bag of Preparation","Molten Egg 2","Orichalcum","Sozu","Bronze Scales"],"potions_floor_usage":[7,7,13,13,25],"damage_taken":[{"damage":0,"enemies":"Small Slimes","floor":1,"turns":3},{"damage":0,"enemies":"Cultist","floor":3,"turns":3},{"damage":0,"enemies":"2 Louse","floor":5,"turns":4},{"damage":14,"enemies":"Gremlin Nob","floor":7,"turns":4},{"damage":0,"enemies":"Exordium Wildlife","floor":10,"turns":2},{"damage":0,"enemies":"Exordium Thugs","floor":13,"turns":1},{"damage":7,"enemies":"Red Slaver","floor":14,"turns":4},{"damage":14,"enemies":"Hexaghost","floor":16,"turns":9},{"damage":17,"enemies":"2 Thieves","floor":18,"turns":4},{"damage":0,"enemies":"Chosen","floor":19,"turns":3},{"damage":21,"enemies":"Slaver and Parasite","floor":22,"turns":7},{"damage":8,"enemies":"Chosen and Byrds","floor":24,"turns":7},{"damage":21,"enemies":"Slavers","floor":25,"turns":6},{"damage":10,"enemies":"Centurion and Healer","floor":31,"turns":7},{"damage":37,"enemies":"Collector","floor":33,"turns":11},{"damage":32,"enemies":"3 Darklings","floor":35,"turns":5},{"damage":0,"enemies":"Flame Bruiser 1 Orb","floor":38,"turns":5},{"damage":34,"enemies":"Transient","floor":39,"turns":2}],"seed_played":"-3490214904739609996","potions_obtained":[{"floor":1,"key":"EssenceOfSteel"},{"floor":2,"key":"Fire Potion"},{"floor":7,"key":"AttackPotion"},{"floor":10,"key":"Fire Potion"},{"floor":14,"key":"Ancient Potion"},{"floor":22,"key":"AttackPotion"}],"is_trial":false,"path_per_floor":["M","?","M","T","M","R","E","R","T","M","$","R","M","M","R","B",null,"M","M","?","$","M","R","M","E","T","?","R","?","$","M","R","B",null,"M","?","T","M"],"character_chosen":"DEFECT","items_purchased":["Streamline","Coolheaded","Cold Snap"],"campfire_rested":3,"item_purchase_floors":[11,11,21],"current_hp_per_floor":[64,64,64,64,64,64,50,50,50,50,50,50,50,43,43,54,67,50,50,50,50,29,50,42,21,21,21,42,42,42,32,53,34,62,30,30,30,30,0],"gold":187,"neow_bonus":"ONE_RARE_RELIC","is_prod":false,"is_daily":false,"chose_seed":false,"campfire_upgraded":4,"win_rate":0,"timestamp":1533343912,"path_taken":["M","?","M","?","?","R","E","R","T","M","?","R","M","M","R","BOSS","M","M","?","$","M","R","?","E","T","?","R","?","$","M","R","BOSS","M","?","?","M","?"],"build_version":"2018-08-01","purchased_purges":1,"victory":false,"max_hp_per_floor":[71,71,71,71,71,71,71,71,71,71,71,71,71,71,71,71,71,71,71,71,71,71,71,71,71,71,71,71,71,71,71,71,71,71,71,71,71,71,71],"card_choices":[{"not_picked":["Consume","Redo"],"picked":"Glacier","floor":1},{"not_picked":["Redo","Lockon"],"picked":"Conserve Battery","floor":3},{"not_picked":["Steam Power","Reinforced Body"],"picked":"Hologram","floor":5},{"not_picked":["Reinforced Body","Stack"],"picked":"Beam Cell","floor":7},{"not_picked":["Cold Snap","Rebound","Turbo"],"picked":"Echo Form","floor":10},{"not_picked":["Beam Cell","Streamline","Go for the Eyes"],"picked":"Hello World","floor":13},{"not_picked":["Chill","BootSequence","Hologram"],"picked":"Ball Lightning","floor":14},{"not_picked":["Multi-Cast","Amplify","Biased Cognition"],"picked":"Machine Learning","floor":16},{"not_picked":["Rip and Tear","Barrage","Compile Driver"],"picked":"Go for the Eyes+1","floor":18},{"not_picked":["Turbo+1","Scrape","Streamline"],"picked":"Conserve Battery","floor":19},{"not_picked":["Leap","Conserve Battery+1","Ball Lightning"],"picked":"Capacitor","floor":22},{"not_picked":["Beam Cell","Redo+1","Barrage"],"picked":"Leap","floor":24},{"not_picked":["Stack","Streamline","Rebound+1"],"picked":"Creative AI","floor":25},{"not_picked":["Turbo","Cold Snap+1","Barrage+1"],"picked":"Blizzard+1","floor":31},{"not_picked":["Multi-Cast","Reboot","Amplify"],"picked":"Thunder Strike+1","floor":33},{"not_picked":["Compile Driver+1","Recycle","Static Discharge+1"],"picked":"Storm+1","floor":35},{"not_picked":["Steam","Conserve Battery+1","Rebound+1"],"picked":"Doom and Gloom+1","floor":38}],"player_experience":716802,"relics_obtained":[{"floor":4,"key":"Pen Nib"},{"floor":7,"key":"Pantograph"},{"floor":9,"key":"Question Card"},{"floor":25,"key":"Molten Egg 2"},{"floor":26,"key":"Orichalcum"},{"floor":37,"key":"Bronze Scales"}],"event_choices":[{"event_name":"The Lab","player_choice":"Got Potions","floor":2,"damage_taken":0},{"event_name":"The Mausoleum","player_choice":"Yes","floor":20,"damage_taken":0},{"event_name":"Forgotten Altar","player_choice":"Smashed Altar","floor":27,"damage_taken":0},{"event_name":"Drug Dealer","player_choice":"Got JAXXED","floor":29,"damage_taken":0},{"event_name":"Tomb of Lord Red Mask","player_choice":"Ignored","floor":36,"damage_taken":0}],"is_beta":true,"boss_relics":[{"not_picked":["Empty Cage","White Beast Statue"],"picked":"Fusion Hammer"},{"not_picked":["Philosopher\u0027s Stone","Calling Bell"],"picked":"Sozu"}],"items_purged_floors":[21],"is_endless":false,"potions_floor_spawned":[1,7,10,14,22,24,35],"killed_by":"Transient","ascension_level":15}