{"gold_per_floor":[111,127,127,127,177,202,216,216,246,246,2,2,15,15,15,90,90,102,27,54,49,49],"floor_reached":22,"playtime":509,"items_purged":["Strike_R"],"score":319,"play_id":"a4ef98a2-e105-4cd4-93af-40b3f1e3eab7","local_time":"20180713021225","is_ascension_mode":true,"campfire_choices":[{"data":"Disarm","floor":8,"key":"SMITH"},{"data":"Iron Wave","floor":10,"key":"SMITH"},{"data":"Armaments","floor":12,"key":"SMITH"},{"floor":15,"key":"REST"}],"neow_cost":"NONE","seed_source_timestamp":249671391713561,"circlet_count":0,"master_deck":["Strike_R","Strike_R","Strike_R","Defend_R","Defend_R","Bash","AscendersBane","Iron Wave+1","Thunderclap","Disarm+1","Ghostly Armor","Carnage","Armaments+1","Clothesline","Limit Break","Disarm","Flame Barrier"],"relics":["Empty Cage","Singing Bowl","Tiny Chest","Orrery","Bag of Preparation"],"potions_floor_usage":[6,22],"damage_taken":[{"damage":14,"enemies":"Jaw Worm","floor":1,"turns":3},{"damage":1,"enemies":"Cultist","floor":2,"turns":3},{"damage":38,"enemies":"Gremlin Nob","floor":6,"turns":5},{"damage":5,"enemies":"2 Louse","floor":7,"turns":3},{"damage":1,"enemies":"Exordium Wildlife","floor":13,"turns":3},{"damage":10,"enemies":"The Guardian","floor":16,"turns":14},{"damage":6,"enemies":"Chosen","floor":18,"turns":8},{"damage":17,"enemies":"2 Thieves","floor":21,"turns":4},{"damage":11,"enemies":"Centurion and Healer","floor":22,"turns":2}],"seed_played":"-8145614388566806535","potions_obtained":[{"floor":2,"key":"Regen Potion"},{"floor":6,"key":"Energy Potion"},{"floor":21,"key":"Fire Potion"}],"is_trial":false,"path_per_floor":["M","M","?","?","?","E","M","R","T","R","$","R","M","$","R","B",null,"M","?","T","M"],"character_chosen":"IRONCLAD","items_purchased":["Ghostly Armor","Carnage","Armaments"],"campfire_rested":1,"item_purchase_floors":[11,11,11],"current_hp_per_floor":[54,53,53,53,53,31,26,26,26,26,26,26,25,25,48,38,73,69,69,69,54,43],"gold":49,"neow_bonus":"BOSS_RELIC","is_prod":false,"is_daily":false,"chose_seed":false,"campfire_upgraded":3,"win_rate":0,"timestamp":1531473145,"path_taken":["M","M","?","?","?","E","M","R","T","R","?","R","M","$","R","BOSS","M","?","?","M","M"],"build_version":"2018-07-12","purchased_purges":1,"victory":false,"max_hp_per_floor":[75,75,75,75,75,77,77,77,77,77,77,77,77,77,77,77,83,85,85,85,87,87],"card_choices":[{"not_picked":["Wild Strike","Fire Breathing"],"picked":"Iron Wave","floor":1},{"not_picked":["Perfected Strike","Entrench"],"picked":"Thunderclap","floor":2},{"not_picked":["Thunderclap","Heavy Blade","Burning Pact"],"picked":"Singing Bowl","floor":6},{"not_picked":["Perfected Strike","Havoc"],"picked":"Disarm","floor":7},{"not_picked":["Flex","Iron Wave"],"picked":"Clothesline","floor":13},{"not_picked":["Berserk","Exhume"],"picked":"Limit Break","floor":16},{"not_picked":["Headbutt","Shockwave","Havoc"],"picked":"Singing Bowl","floor":17},{"not_picked":["Evolve","Armaments"],"picked":"Disarm","floor":17},{"not_picked":["Pommel Strike","Flex"],"picked":"Flame Barrier","floor":17},{"not_picked":["Havoc","Clash","Pommel Strike"],"picked":"Singing Bowl","floor":17},{"not_picked":["Heavy Blade","Whirlwind","Clash"],"picked":"Singing Bowl","floor":17},{"not_picked":["Juggernaut","Wild Strike+1","Armaments"],"picked":"Singing Bowl","floor":18},{"not_picked":["Perfected Strike","Warcry","Wild Strike"],"picked":"Singing Bowl","floor":21}],"player_experience":622674,"relics_obtained":[{"floor":6,"key":"Singing Bowl"},{"floor":9,"key":"Tiny Chest"},{"floor":20,"key":"Bag of Preparation"}],"event_choices":[{"event_name":"Match and Keep!","player_choice":"0 cards matched","floor":3,"damage_taken":0},{"event_name":"Liars Game","player_choice":"disagreed","floor":4,"damage_taken":0},{"event_name":"Golden Shrine","player_choice":"Pray","floor":5,"damage_taken":0},{"event_name":"Beggar","player_choice":"Gave Gold","floor":19,"damage_taken":0}],"boss_relics":[{"not_picked":["Runic Cube","Lizard Tail"],"picked":"Orrery"}],"items_purged_floors":[11],"is_endless":false,"potions_floor_spawned":[2,6,21],"killed_by":"Centurion and Healer","ascension_level":15}