{"gold_per_floor":[116,134,19,19,37,37,48,48,73,105,120,146,146,146,146,220,220,130,130,21,21,21,21,21,21,21,21,21,21,21,21,21,21,21,21,21,21,21,21,21,21,21,21,21,21,21,21,21,21,21],"floor_reached":51,"playtime":2100,"items_purged":["Defend_B"],"score":1307,"play_id":"b96fb95c-90a0-44a6-a294-2a92ddc3907f","local_time":"20180708210901","is_ascension_mode":true,"campfire_choices":[{"data":"Stack","floor":6,"key":"SMITH"},{"data":"Zap","floor":8,"key":"SMITH"},{"data":"Coolheaded","floor":15,"key":"SMITH"},{"floor":23,"key":"REST"},{"data":"Capacitor","floor":28,"key":"SMITH"},{"data":"Darkness","floor":30,"key":"SMITH"},{"data":"Creative AI","floor":32,"key":"SMITH"},{"data":"Hologram","floor":41,"key":"SMITH"},{"data":"Reboot","floor":44,"key":"SMITH"},{"data":"Coolheaded","floor":49,"key":"SMITH"}],"neow_cost":"NONE","seed_source_timestamp":84866719237441,"circlet_count":0,"master_deck":["Strike_B+1","Strike_B+1","Strike_B+1","Strike_B+1","Defend_B+1","Defend_B+1","Defend_B+1","Zap+1","Dualcast","AscendersBane","Defragment+1","Stack+1","Gash+1","Ball Lightning+1","Cold Snap","Gash","Coolheaded+1","Reboot+1","Cold Snap","Capacitor+1","Skim","Darkness+1","Gash","White Noise","Leap","Creative AI+1","Buffer+1","Gash+1","Hologram+1","Coolheaded+1","BootSequence+1"],"relics":["Eternal Feather","Singing Bowl","Juzu Bracelet","Thread and Needle","Ectoplasm","Centennial Puzzle","Whetstone","Runic Dome","Mercury Hourglass","Vajra","Du-Vu Doll","Girya"],"potions_floor_usage":[7,12,16,27,40],"damage_taken":[{"damage":1,"enemies":"2 Louse","floor":1,"turns":3},{"damage":6,"enemies":"Small Slimes","floor":2,"turns":4},{"damage":1,"enemies":"Cultist","floor":5,"turns":4},{"damage":10,"enemies":"2 Fungi Beasts","floor":7,"turns":3},{"damage":31,"enemies":"3 Sentries","floor":10,"turns":7},{"damage":14,"enemies":"3 Louse","floor":11,"turns":4},{"damage":18,"enemies":"Gremlin Nob","floor":12,"turns":5},{"damage":17,"enemies":"Slime Boss","floor":16,"turns":8},{"damage":25,"enemies":"2 Thieves","floor":18,"turns":5},{"damage":0,"enemies":"Chosen","floor":24,"turns":5},{"damage":14,"enemies":"Snecko","floor":25,"turns":8},{"damage":18,"enemies":"Gremlin Leader","floor":27,"turns":8},{"damage":0,"enemies":"Cultist and Chosen","floor":29,"turns":6},{"damage":13,"enemies":"Champ","floor":33,"turns":10},{"damage":0,"enemies":"Flame Bruiser 1 Orb","floor":35,"turns":7},{"damage":6,"enemies":"3 Shapes","floor":39,"turns":4},{"damage":6,"enemies":"2 Orb Walkers","floor":40,"turns":6},{"damage":5,"enemies":"Maw","floor":42,"turns":8},{"damage":0,"enemies":"Nemesis","floor":45,"turns":5},{"damage":0,"floor":48,"turns":4},{"damage":26,"enemies":"Time Eater","floor":50,"turns":12}],"seed_played":"7657193891953427781","potions_obtained":[{"floor":5,"key":"Explosive Potion"},{"floor":7,"key":"FocusPotion"},{"floor":10,"key":"SteroidPotion"},{"floor":25,"key":"SpeedPotion"},{"floor":29,"key":"Poison Potion"},{"floor":33,"key":"Strength Potion"},{"floor":35,"key":"Swift Potion"}],"is_trial":false,"path_per_floor":["M","M","$","?","M","R","M","R","T","E","M","E","?","?","R","B",null,"M","?","$","?","?","R","M","M","T","E","R","M","R","?","R","B",null,"M","$","?","?","M","E","R","M","T","R","E","?","?","?","R","B"],"character_chosen":"DEFECT","items_purchased":["Self Repair","Capacitor","Skim"],"campfire_rested":1,"item_purchase_floors":[3,20,20],"current_hp_per_floor":[63,57,57,57,63,67,64,70,70,46,39,28,45,50,56,46,69,51,29,29,29,29,61,68,61,61,50,60,60,70,70,80,74,79,83,83,80,80,80,74,80,82,82,82,82,82,82,82,82,56],"gold":21,"neow_bonus":"BOSS_RELIC","is_prod":false,"is_daily":false,"chose_seed":false,"campfire_upgraded":9,"win_rate":0,"timestamp":1531109341,"path_taken":["M","M","$","?","M","R","?","R","T","E","M","E","?","?","R","BOSS","M","?","$","?","?","R","M","M","T","E","R","M","R","?","R","BOSS","M","$","?","?","M","E","R","M","T","R","E","?","?","?","R","BOSS"],"build_version":"2018-07-05","purchased_purges":1,"victory":true,"max_hp_per_floor":[71,71,71,71,71,71,71,71,71,71,71,71,71,76,76,76,76,76,81,81,81,81,81,81,81,81,81,81,81,81,81,81,81,81,83,83,80,80,80,80,80,82,82,82,82,82,82,82,82,82],"card_choices":[{"not_picked":["Streamline","Gash"],"picked":"Defragment","floor":1},{"not_picked":["Scrape","Barrage"],"picked":"Stack","floor":2},{"not_picked":["Stack","Go for the Eyes"],"picked":"Gash","floor":5},{"not_picked":["Conserve Battery","Tempest"],"picked":"Ball Lightning","floor":7},{"not_picked":["Loop","Steam"],"picked":"Cold Snap","floor":10},{"not_picked":["Tempest","Loop"],"picked":"Gash","floor":11},{"not_picked":["Go for the Eyes","Static Discharge"],"picked":"Coolheaded","floor":12},{"not_picked":["Core Surge","Multi-Cast"],"picked":"Reboot","floor":16},{"not_picked":["Scrape","Sweeping Beam"],"picked":"Cold Snap","floor":18},{"not_picked":["Turbo+1","Rip and Tear"],"picked":"Darkness","floor":24},{"not_picked":["Melter","Compile Driver"],"picked":"Gash","floor":25},{"not_picked":["BootSequence","Redo"],"picked":"White Noise","floor":27},{"not_picked":["Coolheaded","Thunder Strike"],"picked":"Leap","floor":29},{"not_picked":["Reboot","Fission"],"picked":"Buffer","floor":33},{"not_picked":["Compile Driver","Barrage","Rebound+1"],"picked":"Singing Bowl","floor":35},{"not_picked":["Undo","Auto Shields"],"picked":"Gash+1","floor":39},{"not_picked":["Conserve Battery","Steam+1"],"picked":"Hologram","floor":40},{"not_picked":["Streamline+1","Cold Snap+1","Compile Driver"],"picked":"Singing Bowl","floor":42},{"not_picked":["Steam","Chaos+1"],"picked":"Coolheaded","floor":45},{"not_picked":["Multi-Cast","Rebound"],"picked":"BootSequence+1","floor":48}],"player_experience":521695,"relics_obtained":[{"floor":9,"key":"Singing Bowl"},{"floor":10,"key":"Juzu Bracelet"},{"floor":12,"key":"Thread and Needle"},{"floor":26,"key":"Centennial Puzzle"},{"floor":27,"key":"Whetstone"},{"floor":40,"key":"Mercury Hourglass"},{"floor":43,"key":"Vajra"},{"floor":45,"key":"Du-Vu Doll"},{"floor":48,"key":"Girya"}],"event_choices":[{"event_name":"Living Wall","player_choice":"Grow","floor":4,"damage_taken":0},{"event_name":"Mushrooms","player_choice":"Healed and dodged fight","floor":13,"damage_taken":0},{"event_name":"Big Fish","player_choice":"Donut","floor":14,"damage_taken":0},{"event_name":"Forgotten Altar","player_choice":"Shed Blood","floor":19,"damage_taken":0},{"event_name":"Cursed Tome","player_choice":"Ignored","floor":21,"damage_taken":0},{"event_name":"Back to Basics","player_choice":"Simplicity","floor":22,"damage_taken":0},{"event_name":"Match and Keep!","player_choice":"1 cards matched","floor":31,"damage_taken":0},{"event_name":"Purifier","player_choice":"One Purge","floor":37,"damage_taken":0},{"event_name":"Accursed Blacksmith","player_choice":"Forge","floor":38,"damage_taken":0},{"event_name":"Match and Keep!","player_choice":"0 cards matched","floor":46,"damage_taken":0},{"event_name":"Falling","player_choice":"Removed Power","floor":47,"damage_taken":0},{"event_name":"MindBloom","player_choice":"Fight","floor":48,"damage_taken":0}],"boss_relics":[{"not_picked":["Black Star","White Beast Statue"],"picked":"Ectoplasm"},{"not_picked":["Tiny House","Orrery"],"picked":"Runic Dome"}],"items_purged_floors":[3],"is_endless":false,"potions_floor_spawned":[5,7,10,11,25,29,33,35,39],"ascension_level":15}