{"path_per_floor":["M","M","M","?","M","R","E","R","T","M","E","M","M","$","R","B",null,"M","M","M","M","M","R","?","R","T","?","R","M","M"],"character_chosen":"THE_SILENT","items_purchased":["War Paint"],"gold_per_floor":[114,134,146,111,123,123,155,155,155,175,208,223,240,20,20,122,122,133,147,162,177,188,188,188,188,188,188,188,207,227,227],"floor_reached":31,"campfire_rested":5,"playtime":2501,"item_purchase_floors":[14],"current_hp_per_floor":[65,55,51,68,55,55,44,65,65,65,46,39,33,33,54,59,70,70,56,54,16,5,26,26,47,47,47,68,56,30,0],"items_purged":["Defend_G"],"gold":227,"score":253,"play_id":"55cb6193-3d7b-46c1-b277-6092be5db818","local_time":"20180612191337","is_prod":false,"is_daily":false,"chose_seed":false,"is_ascension_mode":false,"campfire_upgraded":1,"win_rate":0.0,"timestamp":1528845217,"campfire_choices":[{"data":"Glass Knife","floor":6,"key":"SMITH"},{"floor":8,"key":"REST"},{"floor":15,"key":"REST"},{"floor":23,"key":"REST"},{"floor":25,"key":"REST"},{"floor":28,"key":"REST"}],"path_taken":["M","M","M","?","M","R","E","R","T","M","E","M","M","$","R","BOSS","M","M","M","M","M","R","?","R","T","?","R","M","?","E"],"build_version":"2018-06-07v3","seed_source_timestamp":30538701757190,"purchased_purges":1,"victory":false,"master_deck":["Defend_G+1","Defend_G+1","Defend_G","Defend_G","Strike_G","Strike_G","Strike_G","Strike_G","Strike_G","Survivor","Neutralize","Accuracy","PiercingWail","Cloak And Dagger","Glass Knife+1","A Thousand Cuts","Leg Sweep","Riddle With Holes","Die Die Die","Cloak And Dagger","Cloak And Dagger","Bullet Time","Dagger Spray","PiercingWail","Prepared","Acrobatics","Dash","Well Laid Plans+1"],"max_hp_per_floor":[70,70,70,70,70,70,70,70,70,70,70,70,70,70,70,70,70,70,70,70,70,70,70,70,70,70,70,70,70,70,70],"relics":["Ring of the Snake","Boot","Pen Nib","Bag of Preparation","Kunai","War Paint","Orrery","Oddly Smooth Stone"],"card_choices":[{"not_picked":["Dodge and Roll","Slice"],"picked":"Accuracy","floor":1},{"not_picked":["Dodge and Roll","Caltrops"],"picked":"PiercingWail","floor":2},{"not_picked":["Quick Slash","Choke"],"picked":"Cloak And Dagger","floor":3},{"not_picked":["Backflip","Outmaneuver"],"picked":"Glass Knife","floor":5},{"not_picked":["Underhanded Strike","PiercingWail","Reflex"],"picked":"SKIP","floor":7},{"not_picked":["Deflect","Poisoned Stab"],"picked":"A Thousand Cuts","floor":10},{"not_picked":["Deflect","Accuracy"],"picked":"Leg Sweep","floor":11},{"not_picked":["PiercingWail","Reflex","Dagger Throw"],"picked":"SKIP","floor":12},{"not_picked":["PiercingWail","Prepared"],"picked":"Riddle With Holes","floor":13},{"not_picked":["After Image","Wraith Form v2"],"picked":"Die Die Die","floor":16},{"not_picked":["Slice","Poisoned Stab"],"picked":"Cloak And Dagger","floor":17},{"not_picked":["Deadly Poison","Caltrops"],"picked":"Cloak And Dagger","floor":17},{"not_picked":["Prepared","Expertise"],"picked":"Bullet Time","floor":17},{"not_picked":["Quick Slash","Bane"],"picked":"Dagger Spray","floor":17},{"not_picked":["Eviscerate+1","Distraction","Backflip+1"],"picked":"SKIP","floor":18},{"not_picked":["Backflip","Deadly Poison"],"picked":"PiercingWail","floor":19},{"not_picked":["Poisoned Stab+1","PiercingWail"],"picked":"Prepared","floor":20},{"not_picked":["A Thousand Cuts","Dodge and Roll+1"],"picked":"Acrobatics","floor":21},{"not_picked":["Backstab","Dagger Spray","Dagger Throw"],"picked":"SKIP","floor":22},{"not_picked":["Dagger Spray","Bouncing Flask","Underhanded Strike"],"picked":"SKIP","floor":29},{"not_picked":["Crippling Poison","Quick Slash"],"picked":"Well Laid Plans+1","floor":30}],"player_experience":88485,"potions_floor_usage":[5,7,13,16,21,22],"damage_taken":[{"damage":5,"enemies":"2 Louse","floor":1,"turns":3},{"damage":10,"enemies":"Small Slimes","floor":2,"turns":4},{"damage":4,"enemies":"Cultist","floor":3,"turns":4},{"damage":13,"enemies":"Lots of Slimes","floor":5,"turns":4},{"damage":11,"enemies":"Lagavulin","floor":7,"turns":5},{"damage":0,"enemies":"2 Fungi Beasts","floor":10,"turns":3},{"damage":19,"enemies":"Gremlin Nob","floor":11,"turns":4},{"damage":7,"enemies":"Looter","floor":12,"turns":3},{"damage":6,"enemies":"Large Slime","floor":13,"turns":7},{"damage":10,"enemies":"Slime Boss","floor":16,"turns":9},{"damage":0,"enemies":"3 Byrds","floor":18,"turns":3},{"damage":14,"enemies":"2 Thieves","floor":19,"turns":3},{"damage":2,"enemies":"Centurion and Healer","floor":20,"turns":5},{"damage":52,"enemies":"Cultist and Chosen","floor":21,"turns":9},{"damage":11,"enemies":"Slaver and Parasite","floor":22,"turns":6},{"damage":12,"enemies":"3 Cultists","floor":29,"turns":5},{"damage":26,"enemies":"Centurion and Healer","floor":30,"turns":7},{"damage":39,"enemies":"Slavers","floor":31,"turns":3}],"relics_obtained":[{"floor":7,"key":"Pen Nib"},{"floor":9,"key":"Bag of Preparation"},{"floor":11,"key":"Kunai"},{"floor":26,"key":"Oddly Smooth Stone"}],"event_choices":[{"event_name":"The Cleric","player_choice":"Healed","floor":4,"damage_taken":0},{"event_name":"Drug Dealer","player_choice":"Ignored","floor":24,"damage_taken":0},{"event_name":"The Library","player_choice":"Read","floor":27,"damage_taken":0}],"boss_relics":[{"not_picked":["Eternal Feather","Tiny House"],"picked":"Orrery"}],"items_purged_floors":[14],"potions_floor_spawned":[3,5,10,11,18,19,22,30],"seed_played":"4441209102404344501","killed_by":"Slavers","ascension_level":0,"potions_obtained":[{"floor":3,"key":"SteroidPotion"},{"floor":5,"key":"AttackPotion"},{"floor":10,"key":"Regen Potion"},{"floor":11,"key":"PowerPotion"},{"floor":18,"key":"Regen Potion"},{"floor":19,"key":"Strength Potion"},{"floor":22,"key":"SpeedPotion"},{"floor":30,"key":"GamblersBrew"}],"is_trial":false}