{"gold_per_floor":[19,38,49,61,61,87,87,67,67,85,85,7,57,89,89,89],"floor_reached":16,"playtime":442,"items_purged":[],"score":193,"play_id":"af9ed658-7825-4dce-b0b0-963de11acbdd","local_time":"20180801160250","is_ascension_mode":true,"campfire_choices":[{"data":"Armaments","floor":7,"key":"SMITH"},{"data":"Entrench","floor":11,"key":"SMITH"},{"data":"Body Slam","floor":15,"key":"SMITH"}],"neow_cost":"NO_GOLD","seed_source_timestamp":488681339415969,"circlet_count":0,"master_deck":["Strike_R","Strike_R","Strike_R","Strike_R","Strike_R","Defend_R","Defend_R","Defend_R","Defend_R","Bash","AscendersBane","Flame Barrier","Body Slam+1","Armaments+1","Feed","Reckless Charge","Entrench+1","Inflame","Body Slam"],"relics":["Burning Blood","Champion Belt","Pear","Dodecahedron"],"potions_floor_usage":[4,14,16],"damage_taken":[{"damage":4,"enemies":"Small Slimes","floor":1,"turns":3},{"damage":8,"enemies":"Cultist","floor":2,"turns":5},{"damage":7,"enemies":"Jaw Worm","floor":3,"turns":4},{"damage":9,"enemies":"3 Louse","floor":4,"turns":4},{"damage":35,"enemies":"Lagavulin","floor":6,"turns":9},{"damage":4,"enemies":"Red Slaver","floor":10,"turns":3},{"damage":11,"enemies":"Gremlin Nob","floor":14,"turns":4},{"damage":25,"enemies":"Hexaghost","floor":16,"turns":10}],"seed_played":"-2951678334781121842","potions_obtained":[{"floor":3,"key":"PowerPotion"},{"floor":8,"key":"Strength Potion"},{"floor":10,"key":"SpeedPotion"},{"floor":14,"key":"Fire Potion"}],"is_trial":false,"path_per_floor":["M","M","M","M","$","E","R","?","T","M","R","$","?","E","R"],"character_chosen":"IRONCLAD","items_purchased":["Inflame"],"campfire_rested":0,"item_purchase_floors":[12],"current_hp_per_floor":[70,68,67,64,64,45,45,45,45,50,50,50,50,45,45,20],"gold":89,"neow_bonus":"ONE_RARE_RELIC","is_prod":false,"is_daily":false,"chose_seed":false,"campfire_upgraded":3,"win_rate":0,"timestamp":1533164570,"path_taken":["M","M","M","M","$","E","R","?","T","M","R","$","?","E","R","BOSS"],"build_version":"2018-07-31","purchased_purges":0,"victory":false,"max_hp_per_floor":[75,75,75,75,75,85,85,85,85,88,88,88,88,88,88,88],"card_choices":[{"not_picked":["Iron Wave","Armaments"],"picked":"Flame Barrier","floor":1},{"not_picked":["Dual Wield","Anger"],"picked":"Body Slam","floor":2},{"not_picked":["Flex","Body Slam"],"picked":"Armaments","floor":3},{"not_picked":["Thunderclap","Pummel"],"picked":"Feed","floor":4},{"not_picked":["Warcry","Dropkick"],"picked":"Reckless Charge","floor":6},{"not_picked":["Clothesline","Pummel"],"picked":"Entrench","floor":10},{"not_picked":["Reckless Charge","Infernal Blade"],"picked":"Body Slam","floor":14}],"player_experience":707080,"relics_obtained":[{"floor":6,"key":"Pear"},{"floor":9,"key":"Dodecahedron"}],"event_choices":[{"event_name":"The Woman in Blue","player_choice":"Bought 1 Potion","floor":8,"damage_taken":0},{"event_name":"Golden Shrine","player_choice":"Pray","floor":13,"damage_taken":0}],"is_beta":true,"boss_relics":[],"items_purged_floors":[],"is_endless":false,"potions_floor_spawned":[3,10,14],"killed_by":"Hexaghost","ascension_level":15}