{"gold_per_floor":[119,194,194,57,57,89,99,99,99,133,152,163,163,197,197,197],"floor_reached":16,"playtime":270,"items_purged":[],"score":272,"play_id":"fdde1931-ae9a-48bb-8325-8b6b868d2d65","local_time":"20181206165050","is_ascension_mode":true,"campfire_choices":[{"data":"Immolate","floor":8.0,"key":"SMITH"},{"data":"True Grit","floor":13.0,"key":"SMITH"},{"data":"True Grit","floor":15,"key":"SMITH"}],"neow_cost":"NONE","seed_source_timestamp":37810424467783,"circlet_count":0,"master_deck":["AscendersBane","Strike_R","Strike_R+1","Strike_R","Strike_R+1","Defend_R","Defend_R","Defend_R","Defend_R","Bash","Twin Strike","Immolate+1","True Grit+1","Sword Boomerang","Iron Wave","Power Through","Feel No Pain","Rage","Metallicize","True Grit+1"],"special_seed":0,"relics":["Burning Blood","NeowsBlessing","Dream Catcher","Strawberry","Shuriken","Juzu Bracelet"],"potions_floor_usage":[14,14],"damage_taken":[{"damage":0.0,"enemies":"Cultist","floor":1.0,"turns":1.0},{"damage":0.0,"enemies":"3 Sentries","floor":6.0,"turns":2.0},{"damage":0.0,"enemies":"Jaw Worm","floor":7.0,"turns":1.0},{"damage":27.0,"enemies":"Gremlin Nob","floor":10.0,"turns":4.0},{"damage":0.0,"enemies":"Small Slimes","floor":11.0,"turns":1.0},{"damage":0.0,"enemies":"Exordium Thugs","floor":12.0,"turns":3.0},{"damage":34,"enemies":"Lagavulin","floor":14,"turns":8},{"damage":31,"enemies":"The Guardian","floor":16,"turns":5}],"seed_played":"-6788499317652962292","potions_obtained":[{"floor":6.0,"key":"Explosive Potion"},{"floor":10.0,"key":"BloodPotion"}],"is_trial":false,"path_per_floor":["M","?","?","$","?","E","M","R","T","E","M","M","R","E","R","B"],"character_chosen":"IRONCLAD","items_purchased":["Immolate","True Grit"],"campfire_rested":0,"item_purchase_floors":[4,4],"current_hp_per_floor":[74,63,40,40,40,46,52,52,59,38,44,50,50,30,30,0],"gold":197,"neow_bonus":"THREE_ENEMY_KILL","is_prod":false,"is_daily":false,"chose_seed":false,"campfire_upgraded":3,"win_rate":0,"timestamp":1544143850,"path_taken":["M","?","?","$","?","E","?","R","T","E","M","M","R","E","R","BOSS"],"build_version":"2018-12-06","purchased_purges":0,"victory":false,"max_hp_per_floor":[75,75,75,75,75,75,75,75,82,82,82,82,82,82,82,82],"card_choices":[{"not_picked":["Sword Boomerang","Warcry"],"picked":"Twin Strike","floor":1.0},{"not_picked":["Fire Breathing","Headbutt"],"picked":"Iron Wave","floor":6.0},{"not_picked":["Twin Strike","Second Wind"],"picked":"Power Through","floor":7.0},{"not_picked":["Flex","Bloodletting"],"picked":"Feel No Pain","floor":10.0},{"not_picked":["Headbutt","Fire Breathing"],"picked":"Rage","floor":11.0},{"not_picked":["Bloodletting","Headbutt"],"picked":"Metallicize","floor":12.0},{"not_picked":["Cleave","Sword Boomerang"],"picked":"True Grit","floor":14}],"player_experience":969824,"relics_obtained":[{"floor":6.0,"key":"Dream Catcher"},{"floor":9.0,"key":"Strawberry"},{"floor":10.0,"key":"Shuriken"},{"floor":14,"key":"Juzu Bracelet"}],"event_choices":[{"damage_healed":0.0,"max_hp_gain":0.0,"max_hp_loss":0.0,"gold_gain":75.0,"event_name":"World of Goop","player_choice":"Gather Gold","floor":2.0,"gold_loss":0.0,"damage_taken":11.0},{"damage_healed":0.0,"max_hp_gain":0.0,"max_hp_loss":0.0,"gold_gain":0.0,"event_name":"Shining Light","player_choice":"Entered Light","floor":3.0,"gold_loss":0.0,"damage_taken":23.0,"cards_upgraded":["Strike_R","Strike_R"]},{"damage_healed":0.0,"max_hp_gain":0.0,"max_hp_loss":0.0,"gold_gain":0.0,"cards_transformed":["Strike_R"],"event_name":"Transmorgrifier","player_choice":"Transformed","floor":5.0,"gold_loss":0.0,"damage_taken":0.0,"cards_obtained":["Sword Boomerang"]}],"is_beta":true,"boss_relics":[],"items_purged_floors":[],"is_endless":false,"potions_floor_spawned":[6,10,11,12],"killed_by":"The Guardian","ascension_level":18}