{"gold_per_floor":[112,130,146,146,161,190,190,225,276,276,276,35,35,35,35,113,113,124,135,148,162,162,162,192,192,239,239,265,7,40,59,59,133,133,143,154,154,26,46,81,81,181,206,255,255,275,275,323,323,323],"floor_reached":51,"playtime":3267,"items_purged":["Strike_B","Strike_B","Strike_B"],"score":1414,"play_id":"6dc7b244-45fb-4d33-ab32-871e47be6eae","local_time":"20190822234739","is_ascension_mode":true,"campfire_choices":[{"data":"Barrage","floor":7,"key":"SMITH"},{"floor":10,"key":"REST"},{"data":"Capacitor","floor":13,"key":"SMITH"},{"data":"Ball Lightning","floor":15,"key":"SMITH"},{"floor":23,"key":"REST"},{"data":"Consume","floor":25,"key":"SMITH"},{"floor":27,"key":"REST"},{"data":"Apotheosis","floor":32,"key":"SMITH"},{"floor":41,"key":"REST"},{"floor":45,"key":"REST"},{"data":"Defend_B","floor":49,"key":"PURGE"}],"neow_cost":"NONE","seed_source_timestamp":32175617764683,"circlet_count":0,"master_deck":["AscendersBane","Defend_B","Defend_B+1","Defend_B","Zap+1","Dualcast","Ball Lightning+1","Barrage+1","Cold Snap","FTL","Steam","Self Repair","Coolheaded","Capacitor+1","Thunder Strike","Glacier","Loop","Chill+1","Hologram","Consume+1","Fusion","Apotheosis+1","Conserve Battery","Tempest","Seek","Defragment","Heatsinks","Clumsy"],"relics":["Cracked Core","Omamori","Gremlin Horn","PreservedInsect","Pen Nib","Pantograph","Cursed Key","Incense Burner","War Paint","Smiling Mask","Pocketwatch","Busted Crown","Peace Pipe","Dead Branch","Bird Faced Urn","Strawberry"],"potions_floor_usage":[6,8,16,18,20,28,31,35,39,44],"damage_taken":[{"damage":0,"enemies":"Cultist","floor":1,"turns":2},{"damage":10,"enemies":"2 Louse","floor":2,"turns":3},{"damage":4,"enemies":"Jaw Worm","floor":3,"turns":3},{"damage":0,"enemies":"Large Slime","floor":5,"turns":3},{"damage":10,"enemies":"Gremlin Nob","floor":6,"turns":3},{"damage":18,"enemies":"Lagavulin","floor":8,"turns":6},{"damage":25,"enemies":"Hexaghost","floor":16,"turns":7},{"damage":3,"enemies":"Chosen","floor":18,"turns":4},{"damage":28,"enemies":"2 Thieves","floor":19,"turns":4},{"damage":38,"enemies":"Centurion and Healer","floor":20,"turns":6},{"damage":6,"enemies":"Snecko","floor":21,"turns":4},{"damage":27,"enemies":"Book of Stabbing","floor":24,"turns":6},{"damage":9,"enemies":"Slavers","floor":28,"turns":5},{"damage":0,"enemies":"Gremlin Leader","floor":30,"turns":6},{"damage":0,"enemies":"Sentry and Sphere","floor":31,"turns":5},{"damage":4,"enemies":"Automaton","floor":33,"turns":10},{"damage":1,"enemies":"3 Shapes","floor":35,"turns":5},{"damage":16,"enemies":"3 Darklings","floor":36,"turns":6},{"damage":11,"enemies":"Writhing Mass","floor":39,"turns":6},{"damage":42,"enemies":"Nemesis","floor":40,"turns":7},{"damage":0,"enemies":"Mind Bloom Boss Battle","floor":42,"turns":6},{"damage":38,"enemies":"2 Orb Walkers","floor":44,"turns":5},{"damage":27,"enemies":"Transient","floor":46,"turns":5},{"damage":27,"enemies":"Donu and Deca","floor":50,"turns":8}],"seed_played":"-4213359773538479862","potions_obtained":[{"floor":1,"key":"Weak Potion"},{"floor":6,"key":"EssenceOfSteel"},{"floor":16,"key":"AttackPotion"},{"floor":18,"key":"Regen Potion"},{"floor":24,"key":"FocusPotion"},{"floor":28,"key":"SpeedPotion"},{"floor":33,"key":"Poison Potion"},{"floor":36,"key":"FocusPotion"},{"floor":40,"key":"Dexterity Potion"}],"is_trial":false,"path_per_floor":["M","M","M","?","M","E","R","E","T","R","?","$","R","T","R","B",null,"M","M","M","M","?","R","E","R","T","R","E","$","E","M","R","B",null,"M","M","?","$","M","E","R","?","T","?","R","M","?","T","R","B",null],"character_chosen":"DEFECT","items_purchased":["Coolheaded","Capacitor","PowerPotion","Apotheosis","Conserve Battery","Defragment"],"campfire_rested":5,"item_purchase_floors":[12,12,12,29,29,38],"current_hp_per_floor":[64,54,50,50,50,40,40,22,22,43,43,43,43,43,43,50,66,70,49,33,27,27,48,28,28,28,49,47,47,57,64,64,71,71,71,65,65,65,64,29,50,71,71,33,54,51,51,58,58,61],"gold":323,"neow_bonus":"THREE_CARDS","is_prod":false,"is_daily":false,"chose_seed":false,"campfire_upgraded":5,"win_rate":0,"timestamp":1566542859,"path_taken":["M","M","M","?","?","E","R","E","T","R","?","?","R","?","R","BOSS","M","M","M","M","?","R","E","R","T","R","E","$","E","M","R","BOSS","M","M","?","$","M","E","R","?","T","?","R","?","?","?","R","BOSS"],"build_version":"2019-07-17","purchased_purges":3,"victory":true,"max_hp_per_floor":[71,71,71,71,71,71,71,71,71,71,71,71,71,71,71,71,71,71,71,71,71,71,71,71,71,71,71,71,71,71,71,71,71,71,71,71,71,71,71,71,71,71,71,71,71,71,71,78,78,78],"card_choices":[{"not_picked":["Turbo","FTL"],"picked":"Ball Lightning","floor":0},{"not_picked":["Double Energy","Compile Driver"],"picked":"Barrage","floor":1},{"not_picked":["FTL","Go for the Eyes"],"picked":"Cold Snap","floor":2},{"not_picked":["Redo","Barrage"],"picked":"Conserve Battery","floor":3},{"not_picked":["Cold Snap","Streamline"],"picked":"FTL","floor":5},{"not_picked":["BootSequence","Auto Shields"],"picked":"Steam","floor":6},{"not_picked":["Ball Lightning","Chaos"],"picked":"Self Repair","floor":8},{"not_picked":["Meteor Strike","Echo Form"],"picked":"Thunder Strike","floor":16},{"not_picked":["Steam","Compile Driver"],"picked":"Glacier","floor":18},{"not_picked":["Cold Snap","Go for the Eyes"],"picked":"Loop","floor":19},{"not_picked":["Loop","Double Energy"],"picked":"Chill","floor":20},{"not_picked":["Leap","Gash"],"picked":"Hologram","floor":21},{"not_picked":["Reprogram","Glacier"],"picked":"Consume","floor":24},{"not_picked":["Gash","Meteor Strike"],"picked":"Fusion","floor":28},{"not_picked":["Rip and Tear","BootSequence"],"picked":"Tempest","floor":30},{"not_picked":["Cold Snap","Rebound","Streamline"],"picked":"SKIP","floor":31},{"not_picked":["Thunder Strike","Core Surge"],"picked":"Seek","floor":33},{"not_picked":["Beam Cell"],"picked":"SKIP","floor":35},{"not_picked":["Static Discharge"],"picked":"SKIP","floor":36},{"not_picked":[],"picked":"Heatsinks","floor":39},{"not_picked":["Scrape"],"picked":"SKIP","floor":40},{"not_picked":["Hologram"],"picked":"SKIP","floor":46}],"player_experience":686615,"relics_obtained":[{"floor":6,"key":"Gremlin Horn"},{"floor":8,"key":"PreservedInsect"},{"floor":9,"key":"Pen Nib"},{"floor":14,"key":"Pantograph"},{"floor":24,"key":"Incense Burner"},{"floor":26,"key":"War Paint"},{"floor":28,"key":"Smiling Mask"},{"floor":30,"key":"Pocketwatch"},{"floor":40,"key":"Peace Pipe"},{"floor":42,"key":"Dead Branch"},{"floor":44,"key":"Bird Faced Urn"},{"floor":48,"key":"Strawberry"}],"event_choices":[{"cards_removed":["Conserve Battery"],"damage_healed":0,"gold_gain":0,"player_choice":"Gave Card","damage_taken":0,"relics_obtained":["Omamori"],"max_hp_gain":0,"max_hp_loss":0,"event_name":"WeMeetAgain","floor":4,"gold_loss":0},{"damage_healed":0,"gold_gain":0,"player_choice":"Upgraded","damage_taken":0,"max_hp_gain":0,"max_hp_loss":0,"event_name":"Upgrade Shrine","floor":11,"gold_loss":0,"cards_upgraded":["Zap"]},{"damage_healed":0,"gold_gain":0,"player_choice":"Ignored","damage_taken":0,"max_hp_gain":0,"max_hp_loss":0,"event_name":"Cursed Tome","floor":22,"gold_loss":0},{"damage_healed":0,"gold_gain":0,"player_choice":"Ignored","damage_taken":0,"max_hp_gain":0,"max_hp_loss":0,"event_name":"Tomb of Lord Red Mask","floor":37,"gold_loss":0},{"damage_healed":0,"gold_gain":0,"player_choice":"Fight","damage_taken":0,"max_hp_gain":0,"max_hp_loss":0,"event_name":"MindBloom","floor":42,"gold_loss":0},{"damage_healed":0,"gold_gain":0,"player_choice":"Fight","damage_taken":0,"max_hp_gain":0,"max_hp_loss":0,"event_name":"Mysterious Sphere","floor":44,"gold_loss":0},{"cards_removed":["Strike_B"],"damage_healed":0,"gold_gain":0,"player_choice":"Removed Attack","damage_taken":0,"max_hp_gain":0,"max_hp_loss":0,"event_name":"Falling","floor":47,"gold_loss":0}],"is_beta":false,"boss_relics":[{"not_picked":["White Beast Statue","Fusion Hammer"],"picked":"Cursed Key"},{"not_picked":["Eternal Feather","Runic Dome"],"picked":"Busted Crown"}],"items_purged_floors":[12,29,38],"is_endless":false,"potions_floor_spawned":[1,6,16,18,24,28,33,36,40],"ascension_level":16}