{"gold_per_floor":[112,112,124,141,27,27,57,57,131,164,164,239,239,256,256,256],"floor_reached":16,"playtime":1524,"items_purged":[],"score":241,"play_id":"54f09661-6b7e-4385-a35a-c11fd5d9d4af","local_time":"20190205184053","is_ascension_mode":true,"campfire_choices":[{"data":"Immolate","floor":6,"key":"SMITH"},{"floor":11,"key":"REST"},{"data":"Clothesline","floor":13,"key":"SMITH"},{"data":"Seeing Red","floor":15,"key":"SMITH"}],"neow_cost":"NONE","seed_source_timestamp":45591200185663,"circlet_count":0,"master_deck":["AscendersBane","Bash","Impervious","Reaper","Feed","Immolate+1","Exhume","Clothesline+1","Flex","Rupture","Ghostly Armor","Disarm+1","Shrug It Off","Feel No Pain","Fiend Fire+1","Shrug It Off","Seeing Red+1"],"relics":["Pandora\u0027s Box","Dream Catcher","Self Forming Clay","Orichalcum"],"potions_floor_usage":[7,16],"damage_taken":[{"damage":4,"enemies":"Cultist","floor":1,"turns":4},{"damage":8,"enemies":"2 Louse","floor":3,"turns":3},{"damage":0,"enemies":"Small Slimes","floor":4,"turns":2},{"damage":17,"enemies":"Lagavulin","floor":7,"turns":8},{"damage":29,"enemies":"Gremlin Nob","floor":10,"turns":4},{"damage":3,"enemies":"Blue Slaver","floor":14,"turns":2},{"damage":42,"enemies":"Hexaghost","floor":16,"turns":17}],"seed_played":"2355721611198969391","potions_obtained":[{"floor":4,"key":"Block Potion"},{"floor":10,"key":"SteroidPotion"}],"is_trial":false,"path_per_floor":["M","?","M","M","$","R","E","?","T","E","R","?","R","M","R","B"],"character_chosen":"IRONCLAD","items_purchased":["Shrug It Off","Feel No Pain"],"campfire_rested":1,"item_purchase_floors":[5,5],"current_hp_per_floor":[67,88,83,86,86,86,69,41,41,18,46,35,35,35,35,0],"gold":256,"neow_bonus":"BOSS_RELIC","is_prod":false,"is_daily":false,"chose_seed":false,"campfire_upgraded":3,"win_rate":0,"timestamp":1549420853,"path_taken":["M","?","?","M","$","R","E","?","T","E","R","?","R","M","R","BOSS"],"build_version":"2019-01-23","purchased_purges":0,"victory":false,"max_hp_per_floor":[78,88,91,94,94,94,94,94,94,94,94,94,94,97,97,97],"card_choices":[{"not_picked":["Anger","Headbutt"],"picked":"Ghostly Armor","floor":1},{"not_picked":["Entrench","Sword Boomerang"],"picked":"Disarm","floor":3},{"not_picked":["Iron Wave","Wild Strike","Clash"],"picked":"SKIP","floor":4},{"not_picked":["Perfected Strike","Clothesline"],"picked":"Fiend Fire","floor":7},{"not_picked":["Feed","Carnage"],"picked":"Shrug It Off","floor":10},{"not_picked":["Entrench","Shrug It Off"],"picked":"Seeing Red","floor":14}],"player_experience":1132580,"relics_obtained":[{"floor":7,"key":"Dream Catcher"},{"floor":9,"key":"Self Forming Clay"},{"floor":10,"key":"Orichalcum"}],"event_choices":[{"cards_removed":["Immolate"],"damage_healed":11,"gold_gain":0,"player_choice":"Offered Rare","damage_taken":0,"max_hp_gain":10,"max_hp_loss":0,"event_name":"Bonfire Elementals","floor":2,"gold_loss":0},{"damage_healed":0,"gold_gain":0,"player_choice":"Entered Light","damage_taken":28,"max_hp_gain":0,"max_hp_loss":0,"event_name":"Shining Light","floor":8,"gold_loss":0,"cards_upgraded":["Disarm","Fiend Fire"]},{"damage_healed":0,"gold_gain":75,"player_choice":"Gather Gold","damage_taken":11,"max_hp_gain":0,"max_hp_loss":0,"event_name":"World of Goop","floor":12,"gold_loss":0}],"is_beta":true,"boss_relics":[],"items_purged_floors":[],"is_endless":false,"potions_floor_spawned":[4,10],"killed_by":"Hexaghost","ascension_level":20}