{"gold_per_floor":[109,119,20,20,34,63,79,79,79,9,9,9,67,82,82,156,156,168,6,6,24,24,24,34,34],"floor_reached":25,"playtime":921,"items_purged":["Force Field"],"score":352,"play_id":"3507b172-679c-43f5-b6ab-329d838769ea","local_time":"20180809030312","is_ascension_mode":true,"campfire_choices":[{"data":"Defragment","floor":8,"key":"SMITH"},{"data":"Redo","floor":11,"key":"SMITH"},{"data":"Doom and Gloom","floor":15,"key":"SMITH"},{"floor":23,"key":"REST"}],"neow_cost":"NONE","seed_source_timestamp":834011014057605,"circlet_count":0,"master_deck":["Zap","Dualcast","AscendersBane","Streamline","Redo+1","Cold Snap","Sweeping Beam","Undo","Conserve Battery","Doom and Gloom+1","Cold Snap","Leap","Defragment+1","BootSequence","Beam Cell","Amplify","Compile Driver","Fission","Conserve Battery","Doom and Gloom","Fusion","Hologram"],"relics":["Pandora\u0027s Box","NlothsMask","DataDisk","Gremlin Horn","Snecko Eye","Enchiridion"],"potions_floor_usage":[6,16],"damage_taken":[{"damage":5,"enemies":"Jaw Worm","floor":1,"turns":3},{"damage":0,"enemies":"Cultist","floor":2,"turns":3},{"damage":0,"enemies":"2 Louse","floor":5,"turns":3},{"damage":4,"enemies":"3 Sentries","floor":6,"turns":6},{"damage":0,"enemies":"Blue Slaver","floor":7,"turns":3},{"damage":9,"enemies":"Lagavulin Event","floor":13,"turns":6},{"damage":0,"enemies":"3 Louse","floor":14,"turns":2},{"damage":9,"enemies":"Slime Boss","floor":16,"turns":11},{"damage":6,"enemies":"Spheric Guardian","floor":18,"turns":6},{"damage":9,"enemies":"2 Thieves","floor":21,"turns":3},{"damage":17,"enemies":"Chosen and Byrds","floor":24,"turns":7},{"damage":36,"enemies":"Gremlin Leader","floor":25,"turns":4}],"seed_played":"-1573434570453884998","potions_obtained":[{"floor":2,"key":"Fire Potion"},{"floor":5,"key":"Weak Potion"},{"floor":7,"key":"FocusPotion"},{"floor":18,"key":"Dexterity Potion"}],"is_trial":false,"path_per_floor":["M","M","$","?","M","E","M","R","T","$","R","?","?","M","R","B",null,"M","$","?","M","$","R","M"],"character_chosen":"DEFECT","items_purchased":["Leap","Amplify","Conserve Battery","Doom and Gloom","Fusion"],"campfire_rested":1,"item_purchase_floors":[3,10,19,19,19],"current_hp_per_floor":[59,59,59,59,59,55,55,55,55,55,55,55,46,46,46,37,63,57,57,36,27,27,48,31,0],"gold":34,"neow_bonus":"BOSS_RELIC","is_prod":false,"is_daily":false,"chose_seed":false,"campfire_upgraded":3,"win_rate":0,"timestamp":1533808992,"path_taken":["M","M","$","?","M","E","M","R","T","$","R","?","?","?","R","BOSS","M","$","?","?","$","R","M","E"],"build_version":"2018-08-08","purchased_purges":1,"victory":false,"max_hp_per_floor":[71,71,71,71,71,71,71,71,71,71,71,71,71,71,71,71,71,71,71,71,71,71,71,71,71],"card_choices":[{"not_picked":["Rebound","Gash"],"picked":"Doom and Gloom","floor":1},{"not_picked":["Streamline","Tempest"],"picked":"Cold Snap","floor":2},{"not_picked":["Steam","White Noise"],"picked":"Defragment","floor":5},{"not_picked":["Sunder","Gash"],"picked":"BootSequence","floor":6},{"not_picked":["Turbo","Darkness"],"picked":"Beam Cell","floor":7},{"not_picked":["Turbo","Streamline"],"picked":"Compile Driver","floor":13},{"not_picked":["Reboot","Biased Cognition"],"picked":"Fission","floor":16},{"not_picked":["Genetic Algorithm","Conserve Battery"],"picked":"Hologram","floor":21}],"player_experience":777811,"relics_obtained":[{"floor":6,"key":"DataDisk"},{"floor":20,"key":"Enchiridion"}],"event_choices":[{"event_name":"FaceTrader","player_choice":"Trade","floor":4,"damage_taken":0},{"event_name":"Purifier","player_choice":"One Purge","floor":12,"damage_taken":0},{"event_name":"Dead Adventurer","player_choice":"Searched \u00273\u0027 times","floor":13,"damage_taken":0},{"event_name":"Cursed Tome","player_choice":"Obtained Book","floor":20,"damage_taken":0}],"is_beta":true,"boss_relics":[{"not_picked":["Coffee Dripper","Tiny House"],"picked":"Snecko Eye"}],"items_purged_floors":[3],"is_endless":false,"potions_floor_spawned":[2,5,7,18,21],"killed_by":"Gremlin Leader","ascension_level":15}