{"gold_per_floor":[116,96,22,39,39,39,101,135,161,161,180,192,218,19,19,97,97,114,114,124,137,137,137,147,147,147,147,160,160,160,160,160,239,239,253,270,77,91,91],"floor_reached":39,"playtime":1178,"items_purged":["Defend_G","Defend_G"],"score":706,"play_id":"11a3968b-d28d-43ae-845b-f57002207f52","local_time":"20180703005650","is_ascension_mode":true,"campfire_choices":[{"data":"Noxious Fumes","floor":6,"key":"SMITH"},{"data":"Neutralize","floor":10,"key":"SMITH"},{"data":"Bane","floor":15,"key":"SMITH"},{"data":"Cloak And Dagger","floor":23,"key":"SMITH"},{"floor":25,"key":"REST"},{"data":"Glass Knife","floor":27,"key":"SMITH"},{"floor":30,"key":"REST"},{"data":"Sucker Punch","floor":32,"key":"SMITH"}],"neow_cost":"NONE","seed_source_timestamp":18818821752220,"circlet_count":0,"master_deck":["Defend_G","Defend_G","Defend_G","Survivor","Neutralize+1","AscendersBane","Backstab","Noxious Fumes+1","Dodge and Roll","Dagger Throw","Terror","Crippling Poison","Sucker Punch+1","Bane+1","Flash of Steel","Glass Knife+1","Cloak And Dagger+1","Blur","Dash","Necronomicurse","Bite","Bite","Bite","Bite","Bite","After Image","Noxious Fumes","Backflip","Flash of Steel","Die Die Die"],"relics":["Eternal Feather","Snake Skull","Regal Pillow","Bottled Tornado","Sozu","NlothsMask","Necronomicon","Runic Dome"],"potions_floor_usage":[33,33],"damage_taken":[{"damage":0,"enemies":"2 Louse","floor":1,"turns":4},{"damage":1,"enemies":"Cultist","floor":4,"turns":4},{"damage":16,"enemies":"Lagavulin","floor":8,"turns":10},{"damage":0,"enemies":"Jaw Worm","floor":11,"turns":3},{"damage":0,"enemies":"Red Slaver","floor":12,"turns":5},{"damage":14,"enemies":"3 Sentries","floor":13,"turns":7},{"damage":22,"enemies":"The Guardian","floor":16,"turns":9},{"damage":8,"enemies":"Spheric Guardian","floor":18,"turns":3},{"damage":11,"enemies":"3 Byrds","floor":20,"turns":4},{"damage":12,"enemies":"Snecko","floor":21,"turns":4},{"damage":18,"enemies":"Sentry and Sphere","floor":24,"turns":6},{"damage":24,"enemies":"Snake Plant","floor":28,"turns":4},{"damage":33,"enemies":"Collector","floor":33,"turns":9},{"damage":6,"enemies":"Flame Bruiser 1 Orb","floor":35,"turns":6},{"damage":32,"enemies":"3 Darklings","floor":36,"turns":4},{"damage":19,"enemies":"Transient","floor":38,"turns":5},{"damage":17,"enemies":"Flame Bruiser 2 Orb","floor":39,"turns":2}],"seed_played":"-6403756092673430242","potions_obtained":[{"floor":1,"key":"SpeedPotion"},{"floor":2,"key":"GhostInAJar"}],"is_trial":false,"path_per_floor":["M","?","$","M","?","R","?","E","T","R","M","M","E","$","R","B",null,"M","?","M","M","?","R","M","R","T","R","M","?","R","?","R","B",null,"M","M","$","M"],"character_chosen":"THE_SILENT","items_purchased":["Noxious Fumes","Bane","Flash of Steel","Flash of Steel"],"campfire_rested":2,"item_purchase_floors":[3,14,14,37],"current_hp_per_floor":[59,59,59,58,58,64,64,48,48,54,54,54,40,40,48,26,56,48,48,37,25,25,33,15,57,57,65,41,20,64,46,46,31,42,46,18,18,9,0],"gold":91,"neow_bonus":"BOSS_RELIC","is_prod":false,"is_daily":false,"chose_seed":false,"campfire_upgraded":6,"win_rate":0,"timestamp":1530604610,"path_taken":["M","?","$","?","?","R","?","E","T","R","M","M","E","$","R","BOSS","M","?","M","?","?","R","M","R","T","R","M","?","R","?","R","BOSS","M","M","$","?","M"],"build_version":"2018-06-29","purchased_purges":2,"victory":false,"max_hp_per_floor":[66,66,66,66,66,66,66,66,66,66,66,66,66,66,66,66,66,66,66,66,66,66,66,66,66,66,66,66,66,66,46,46,46,46,46,46,46,46,46],"card_choices":[{"not_picked":["Leg Sweep","Deflect"],"picked":"Backstab","floor":1},{"not_picked":["Flying Knee","Concentrate"],"picked":"Dodge and Roll","floor":4},{"not_picked":["Prepared","Dagger Spray"],"picked":"Dagger Throw","floor":8},{"not_picked":["Dagger Throw","Reflex"],"picked":"Terror","floor":11},{"not_picked":["Dodge and Roll","Eviscerate"],"picked":"Crippling Poison","floor":12},{"not_picked":["Poisoned Stab","Dagger Throw"],"picked":"Sucker Punch","floor":13},{"not_picked":["Die Die Die","Venomology"],"picked":"Glass Knife","floor":16},{"not_picked":["Dagger Spray","All Out Attack"],"picked":"Cloak And Dagger","floor":18},{"not_picked":["Dagger Spray","Slice"],"picked":"Blur","floor":21},{"not_picked":["Calculated Gamble","Dodge and Roll","Outmaneuver"],"picked":"SKIP","floor":24},{"not_picked":["Flying Knee","All Out Attack"],"picked":"Dash","floor":28},{"not_picked":["Unload","Tools of the Trade"],"picked":"After Image","floor":33},{"not_picked":["Cloak And Dagger","Calculated Gamble"],"picked":"Noxious Fumes","floor":35},{"not_picked":["Flying Knee","Underhanded Strike"],"picked":"Backflip","floor":36},{"not_picked":["Prepared","Deadly Poison+1"],"picked":"Die Die Die","floor":38}],"player_experience":464018,"relics_obtained":[{"floor":8,"key":"Snake Skull"},{"floor":9,"key":"Regal Pillow"},{"floor":13,"key":"Bottled Tornado"},{"floor":29,"key":"Necronomicon"}],"event_choices":[{"event_name":"The Woman in Blue","player_choice":"Bought 1 Potion","floor":2,"damage_taken":0},{"event_name":"Liars Game","player_choice":"disagreed","floor":5,"damage_taken":0},{"event_name":"Golden Wing","player_choice":"Gained Gold","floor":7,"damage_taken":0},{"event_name":"Bonfire Elementals","player_choice":"BASIC","floor":19,"damage_taken":0},{"event_name":"FaceTrader","player_choice":"Trade","floor":22,"damage_taken":0},{"event_name":"Cursed Tome","player_choice":"Obtained Book","floor":29,"damage_taken":0},{"event_name":"Vampires","player_choice":"Became a vampire","floor":31,"damage_taken":0}],"boss_relics":[{"not_picked":["Orrery","Tiny House"],"picked":"Sozu"},{"not_picked":["Coffee Dripper","Velvet Choker"],"picked":"Runic Dome"}],"items_purged_floors":[14,37],"is_endless":false,"potions_floor_spawned":[1,8,13,20,33],"killed_by":"Flame Bruiser 2 Orb","ascension_level":15}