{"gold_per_floor":[114,128,128,141,106,106,136,136,136,29,57,57,85,102,102,173,173,186,186,186,80,4,4,16,16,16,27,27,52,52,87,99,187,199,227,239,27,0,100,100,100,133,160,160,175,194,248,267,267,267,267],"floor_reached":52,"playtime":1499,"items_purged":["Decay"],"score":1889,"play_id":"bb69be61-e352-4ef9-955a-0b1319d6cad6","local_time":"20190127013020","is_ascension_mode":true,"campfire_choices":[{"data":"Perfected Strike","floor":6.0,"key":"SMITH"},{"data":"Perfected Strike","floor":8.0,"key":"SMITH"},{"data":"Armaments","floor":12.0,"key":"SMITH"},{"data":"Bash","floor":15.0,"key":"SMITH"},{"data":"Demon Form","floor":23.0,"key":"SMITH"},{"data":"Perfected Strike","floor":25.0,"key":"SMITH"},{"data":"Bludgeon","floor":28.0,"key":"SMITH"},{"data":"Immolate","floor":30.0,"key":"SMITH"},{"data":"Clothesline","floor":32.0,"key":"SMITH"},{"data":"1","floor":40.0,"key":"LIFT"},{"data":"2","floor":49,"key":"LIFT"}],"neow_cost":"NONE","seed_source_timestamp":364714732783145,"circlet_count":0,"master_deck":["AscendersBane","Strike_R+1","Strike_R+1","Strike_R","Strike_R","Strike_R","Defend_R","Defend_R","Defend_R","Bash+1","Heavy Blade","Perfected Strike+1","Perfected Strike+1","Shrug It Off","Bludgeon+1","Pommel Strike","Armaments+1","Immolate+1","Power Through","Demon Form+1","Pommel Strike","Clothesline+1","Perfected Strike+1","Evolve","Corruption","Power Through","Feed","Heavy Blade","True Grit+1","Writhe","Double Tap+1","Wild Strike+1"],"special_seed":0,"relics":["Snecko Eye","Calipers","The Courier","Girya","Whetstone","Kunai","Coffee Dripper","Art of War","Oddly Smooth Stone","MawBank","Fusion Hammer","Toolbox","Red Mask","Unceasing Top","Smiling Mask","War Paint","Pocketwatch"],"potions_floor_usage":[47],"damage_taken":[{"damage":5.0,"enemies":"Small Slimes","floor":1.0,"turns":4.0},{"damage":2.0,"enemies":"Jaw Worm","floor":2.0,"turns":2.0},{"damage":2.0,"enemies":"2 Louse","floor":4.0,"turns":3.0},{"damage":5.0,"enemies":"3 Sentries","floor":7.0,"turns":4.0},{"damage":7.0,"enemies":"Lagavulin","floor":11.0,"turns":3.0},{"damage":0.0,"enemies":"Gremlin Nob","floor":13.0,"turns":2.0},{"damage":0.0,"enemies":"Looter","floor":14.0,"turns":1.0},{"damage":9.0,"enemies":"The Guardian","floor":16.0,"turns":5.0},{"damage":0.0,"enemies":"Chosen","floor":18.0,"turns":2.0},{"damage":9.0,"enemies":"Shell Parasite","floor":24.0,"turns":3.0},{"damage":11.0,"enemies":"Snake Plant","floor":27.0,"turns":2.0},{"damage":13.0,"enemies":"Slavers","floor":29.0,"turns":4.0},{"damage":12.0,"enemies":"Gremlin Leader","floor":31.0,"turns":4.0},{"damage":12.0,"enemies":"Collector","floor":33.0,"turns":6.0},{"damage":0.0,"enemies":"3 Darklings","floor":35.0,"turns":3.0},{"damage":0.0,"enemies":"Mind Bloom Boss Battle","floor":39.0,"turns":3.0},{"damage":1.0,"enemies":"Giant Head","floor":42.0,"turns":5.0},{"damage":0.0,"enemies":"3 Shapes","floor":45.0,"turns":4.0},{"damage":13.0,"enemies":"Writhing Mass","floor":46.0,"turns":3.0},{"damage":15,"enemies":"2 Orb Walkers","floor":47,"turns":3},{"damage":8,"enemies":"3 Darklings","floor":48,"turns":2},{"damage":17,"enemies":"Time Eater","floor":50,"turns":7},{"damage":47,"enemies":"Awakened One","floor":51,"turns":11}],"seed_played":"-7639374310461103535","potions_obtained":[{"floor":4.0,"key":"Fruit Juice"},{"floor":13.0,"key":"Ancient Potion"},{"floor":14.0,"key":"SkillPotion"},{"floor":24.0,"key":"Swift Potion"},{"floor":27.0,"key":"Energy Potion"},{"floor":29.0,"key":"SteroidPotion"},{"floor":31.0,"key":"Fruit Juice"},{"floor":33.0,"key":"AttackPotion"},{"floor":35.0,"key":"Swift Potion"},{"floor":45.0,"key":"Poison Potion"}],"is_trial":false,"path_per_floor":["M","M","?","M","?","R","E","R","T","$","E","R","E","M","R","B",null,"M","?","?","$","$","R","M","R","T","M","R","E","R","E","R","B",null,"M","?","$","?","?","R","?","E","T","?","M","M","?","M","R","B","B",null],"character_chosen":"IRONCLAD","items_purchased":["Bludgeon","Pommel Strike","Clothesline","Perfected Strike","Evolve","Toolbox","True Grit"],"campfire_rested":0,"item_purchase_floors":[10,10,21,22,22,37,37],"current_hp_per_floor":[63,61,35,38,58,58,53,53,53,53,46,46,46,46,46,37,69,69,69,69,69,69,69,60,60,60,49,49,36,36,29,29,17,68,71,71,71,71,74,74,91,90,90,90,94,81,66,58,58,45,2],"gold":267,"neow_bonus":"BOSS_RELIC","is_prod":false,"is_daily":false,"chose_seed":false,"campfire_upgraded":9,"win_rate":0,"timestamp":1548581420,"path_taken":["M","M","?","M","?","R","E","R","T","?","E","R","E","M","R","BOSS","M","?","?","?","$","R","M","R","T","M","R","E","R","E","R","BOSS","M","?","$","?","?","R","?","E","T","?","?","M","?","M","R","BOSS","BOSS"],"build_version":"2019-01-23","purchased_purges":1,"victory":true,"max_hp_per_floor":[75,75,75,80,80,80,80,80,80,80,80,80,80,80,80,80,80,80,80,80,80,80,80,80,80,80,80,80,80,80,85,85,85,85,88,88,88,88,91,91,91,91,91,91,95,95,95,95,95,99,103],"card_choices":[{"not_picked":["Ghostly Armor","Headbutt"],"picked":"Heavy Blade","floor":1.0},{"not_picked":["Combust","Searing Blow"],"picked":"Perfected Strike","floor":2.0},{"not_picked":["Headbutt","Twin Strike"],"picked":"Perfected Strike","floor":4.0},{"not_picked":["Entrench","Ghostly Armor"],"picked":"Shrug It Off","floor":7.0},{"not_picked":["Combust","True Grit"],"picked":"Armaments","floor":11.0},{"not_picked":["Feed","Headbutt"],"picked":"Immolate","floor":13.0},{"not_picked":["Seeing Red","Clash"],"picked":"Power Through","floor":14.0},{"not_picked":["Juggernaut","Impervious"],"picked":"Demon Form","floor":16.0},{"not_picked":["Rage","Body Slam"],"picked":"Pommel Strike","floor":18.0},{"not_picked":["Wild Strike","Ghostly Armor"],"picked":"Corruption","floor":27.0},{"not_picked":["Warcry","Wild Strike"],"picked":"Power Through","floor":29.0},{"not_picked":["Infernal Blade+1","Uppercut"],"picked":"Feed","floor":31.0},{"not_picked":["Iron Wave+1","Armaments"],"picked":"Heavy Blade","floor":35.0},{"not_picked":["Pommel Strike","Bloodletting"],"picked":"Double Tap","floor":42.0},{"not_picked":["Battle Trance","Fire Breathing"],"picked":"Wild Strike+1","floor":45.0}],"player_experience":1058956,"relics_obtained":[{"floor":7.0,"key":"The Courier"},{"floor":9.0,"key":"Girya"},{"floor":11.0,"key":"Whetstone"},{"floor":13.0,"key":"Kunai"},{"floor":26.0,"key":"Art of War"},{"floor":29.0,"key":"Oddly Smooth Stone"},{"floor":31.0,"key":"MawBank"},{"floor":39.0,"key":"Unceasing Top"},{"floor":42.0,"key":"Smiling Mask"},{"floor":43.0,"key":"War Paint"},{"floor":47,"key":"Pocketwatch"}],"event_choices":[{"damage_healed":0.0,"max_hp_gain":0.0,"max_hp_loss":0.0,"gold_gain":0.0,"event_name":"Scrap Ooze","player_choice":"Success","floor":3.0,"gold_loss":0.0,"damage_taken":26.0,"relics_obtained":["Calipers"]},{"damage_healed":20.0,"max_hp_gain":0.0,"max_hp_loss":0.0,"gold_gain":0.0,"event_name":"The Cleric","player_choice":"Healed","floor":5.0,"gold_loss":35.0,"damage_taken":0.0},{"damage_healed":0.0,"max_hp_gain":0.0,"max_hp_loss":0.0,"gold_gain":0.0,"event_name":"Beggar","player_choice":"Ignored","floor":19.0,"gold_loss":0.0,"damage_taken":0.0},{"damage_healed":0.0,"max_hp_gain":0.0,"max_hp_loss":0.0,"gold_gain":0.0,"event_name":"Forgotten Altar","player_choice":"Smashed Altar","floor":20.0,"gold_loss":0.0,"damage_taken":0.0,"cards_obtained":["Decay"]},{"damage_healed":0.0,"max_hp_gain":0.0,"max_hp_loss":0.0,"gold_gain":0.0,"event_name":"SensoryStone","player_choice":"Memory 1","floor":36.0,"gold_loss":0.0,"damage_taken":0.0},{"damage_healed":0.0,"max_hp_gain":0.0,"max_hp_loss":0.0,"gold_gain":0.0,"event_name":"Tomb of Lord Red Mask","player_choice":"Paid","floor":38.0,"gold_loss":27.0,"damage_taken":0.0,"relics_obtained":["Red Mask"]},{"damage_healed":0.0,"max_hp_gain":0.0,"max_hp_loss":0.0,"gold_gain":0.0,"event_name":"MindBloom","player_choice":"Fight","floor":39.0,"gold_loss":0.0,"damage_taken":0.0},{"damage_healed":18.0,"max_hp_gain":0.0,"max_hp_loss":0.0,"gold_gain":0.0,"event_name":"Winding Halls","player_choice":"Writhe","floor":41.0,"gold_loss":0.0,"damage_taken":0.0,"cards_obtained":["Writhe"]},{"cards_removed":["Defend_R"],"damage_healed":0.0,"max_hp_gain":0.0,"max_hp_loss":0.0,"gold_gain":0.0,"event_name":"Falling","player_choice":"Removed Skill","floor":44.0,"gold_loss":0.0,"damage_taken":0.0},{"damage_healed":0,"gold_gain":0,"player_choice":"Fight","damage_taken":0,"max_hp_gain":0,"max_hp_loss":0,"event_name":"Mysterious Sphere","floor":47,"gold_loss":0}],"is_beta":true,"boss_relics":[{"not_picked":["Tiny House","Pandora\u0027s Box"],"picked":"Coffee Dripper"},{"not_picked":["Runic Dome","Busted Crown"],"picked":"Fusion Hammer"}],"items_purged_floors":[21],"is_endless":false,"potions_floor_spawned":[4,13,14,16,24,27,29,31,33,35,45],"ascension_level":20}