{"gold_per_floor":[367,148,164,164,23,23,80,99,99,131,131,131,131,162,162,255,255,280,55,76,91,107,107,146,146,176,176,196,196,229,143,143,241,241,265,10,10,10,10,10,135,135,180,201,201,534,17,33,33,33],"floor_reached":50,"playtime":4307,"items_purged":["Strike_G","Strike_G","Strike_G","Decay","Defend_G"],"score":917,"play_id":"1840e64b-e9c5-43e6-a1c6-6e694308dabc","local_time":"20190727093837","is_ascension_mode":true,"campfire_choices":[{"data":"Leg Sweep","floor":6,"key":"SMITH"},{"data":"Dash","floor":11,"key":"SMITH"},{"data":"Blade Dance","floor":15,"key":"SMITH"},{"floor":23,"key":"REST"},{"data":"Footwork","floor":25,"key":"SMITH"},{"data":"Footwork","floor":29,"key":"SMITH"},{"floor":32,"key":"REST"},{"data":"Parasite","floor":40,"key":"PURGE"},{"data":"Envenom","floor":45,"key":"SMITH"},{"floor":49,"key":"REST"}],"neow_cost":"TEN_PERCENT_HP_LOSS","seed_source_timestamp":1480539227557960,"circlet_count":0,"master_deck":["AscendersBane","Strike_G+1","Defend_G","Defend_G","Defend_G+1","Defend_G","Survivor","Neutralize","Leg Sweep+1","Bouncing Flask+1","Dark Shackles","Blade Dance+1","Noxious Fumes","Escape Plan","Dash+1","Unload","Cloak And Dagger+1","Footwork+1","Poisoned Stab","Dagger Spray","Escape Plan","Footwork+1","Deflect","Footwork","Envenom+1","Bouncing Flask+1","Good Instincts","Madness","Madness","Backstab+1","Burst"],"relics":["Ring of the Snake","Mango","Meat on the Bone","Omamori","Bronze Scales","Philosopher\u0027s Stone","Blood Vial","Tiny Chest","Nunchaku","Juzu Bracelet","Calling Bell","Centennial Puzzle","Darkstone Periapt","Peace Pipe","Girya","Lantern","War Paint"],"potions_floor_usage":[7,14,20,24,30,41,50,50],"damage_taken":[{"damage":5,"enemies":"Small Slimes","floor":1,"turns":7},{"damage":0,"enemies":"2 Louse","floor":3,"turns":3},{"damage":11,"enemies":"Lagavulin Event","floor":7,"turns":5},{"damage":0,"enemies":"Cultist","floor":8,"turns":3},{"damage":1,"enemies":"Lagavulin","floor":10,"turns":5},{"damage":7,"enemies":"3 Sentries","floor":14,"turns":8},{"damage":25,"enemies":"Slime Boss","floor":16,"turns":10},{"damage":16,"enemies":"Spheric Guardian","floor":18,"turns":4},{"damage":7,"enemies":"2 Thieves","floor":20,"turns":4},{"damage":23,"enemies":"3 Cultists","floor":21,"turns":6},{"damage":15,"enemies":"Sentry and Sphere","floor":22,"turns":5},{"damage":23,"enemies":"Book of Stabbing","floor":24,"turns":4},{"damage":13,"enemies":"Cultist and Chosen","floor":28,"turns":7},{"damage":20,"enemies":"Slavers","floor":30,"turns":6},{"damage":35,"enemies":"Champ","floor":33,"turns":15},{"damage":12,"enemies":"Orb Walker","floor":35,"turns":4},{"damage":0,"enemies":"Mind Bloom Boss Battle","floor":41,"turns":8},{"damage":16,"enemies":"3 Shapes","floor":44,"turns":8},{"damage":20,"enemies":"Writhing Mass","floor":48,"turns":6},{"damage":52,"enemies":"Donu and Deca","floor":50,"turns":8}],"seed_played":"3024340416696422334","potions_obtained":[{"floor":3,"key":"PowerPotion"},{"floor":8,"key":"Swift Potion"},{"floor":14,"key":"Weak Potion"},{"floor":16,"key":"LiquidBronze"},{"floor":20,"key":"Strength Potion"},{"floor":33,"key":"Explosive Potion"},{"floor":41,"key":"LiquidBronze"},{"floor":44,"key":"Strength Potion"}],"is_trial":false,"path_per_floor":["M","$","M","?","$","R","?","M","T","E","R","?","?","E","R","B",null,"M","$","M","M","M","R","E","R","T","?","M","R","E","$","R","B",null,"M","$","?","?","$","R","?","?","T","M","R","?","$","M","R","B"],"character_chosen":"THE_SILENT","items_purchased":["Bouncing Flask","Dark Shackles","Noxious Fumes","Footwork","Poisoned Stab","Footwork","Good Instincts","War Paint","Burst"],"campfire_rested":3,"item_purchase_floors":[2,2,5,19,19,31,36,47,47],"current_hp_per_floor":[54,54,54,36,36,36,39,39,39,38,38,38,38,43,43,30,58,42,42,35,24,21,41,30,30,30,30,31,31,25,25,45,24,56,46,46,34,34,34,34,36,36,36,34,34,34,34,28,47,0],"gold":33,"neow_bonus":"TWO_FIFTY_GOLD","is_prod":false,"is_daily":false,"chose_seed":false,"campfire_upgraded":6,"win_rate":0,"timestamp":1564238317,"path_taken":["M","$","M","?","$","R","?","M","T","E","R","?","?","E","R","BOSS","M","$","?","M","M","R","E","R","T","?","M","R","E","?","R","BOSS","M","$","?","?","?","R","?","?","T","M","R","?","$","M","R","BOSS"],"build_version":"2019-07-17","purchased_purges":5,"victory":false,"max_hp_per_floor":[60,60,60,60,60,60,74,74,74,74,74,67,67,67,67,67,67,67,67,67,67,67,67,67,67,67,67,67,67,67,67,67,67,67,67,67,67,67,67,64,64,64,64,64,64,64,64,64,64,64],"card_choices":[{"not_picked":["Cloak And Dagger","Flying Knee"],"picked":"Leg Sweep","floor":1},{"not_picked":["Masterful Stab","Deflect"],"picked":"Blade Dance","floor":3},{"not_picked":["Heel Hook","Masterful Stab"],"picked":"Escape Plan","floor":7},{"not_picked":["Concentrate","Dagger Throw"],"picked":"Dash","floor":8},{"not_picked":["Underhanded Strike","Reflex","Skewer"],"picked":"SKIP","floor":10},{"not_picked":["Outmaneuver","Tactician","A Thousand Cuts"],"picked":"SKIP","floor":14},{"not_picked":["Grand Finale","Phantasmal Killer"],"picked":"Unload","floor":16},{"not_picked":["Predator","Setup"],"picked":"Cloak And Dagger","floor":18},{"not_picked":["Deflect","PiercingWail"],"picked":"Dagger Spray","floor":20},{"not_picked":["Infinite Blades","Reflex"],"picked":"Escape Plan","floor":21},{"not_picked":["Acrobatics","Dodge and Roll","Dagger Spray"],"picked":"SKIP","floor":22},{"not_picked":["Dodge and Roll","PiercingWail"],"picked":"Footwork","floor":24},{"not_picked":["Sucker Punch+1","Underhanded Strike+1"],"picked":"Deflect","floor":28},{"not_picked":["Leg Sweep","Bane","Dodge and Roll"],"picked":"SKIP","floor":30},{"not_picked":["Bullet Time","Glass Knife"],"picked":"Envenom","floor":33},{"not_picked":["Dash","Poisoned Stab+1"],"picked":"Bouncing Flask+1","floor":35},{"not_picked":["Slice","Poisoned Stab+1"],"picked":"Backstab+1","floor":44},{"not_picked":["Prepared","Wraith Form v2","Underhanded Strike"],"picked":"SKIP","floor":48}],"player_experience":905214,"relics_obtained":[{"floor":7,"key":"Mango"},{"floor":9,"key":"Meat on the Bone"},{"floor":10,"key":"Omamori"},{"floor":14,"key":"Bronze Scales"},{"floor":24,"key":"Blood Vial"},{"floor":26,"key":"Tiny Chest"},{"floor":30,"key":"Juzu Bracelet"},{"floor":34,"key":"Centennial Puzzle"},{"floor":34,"key":"Darkstone Periapt"},{"floor":34,"key":"Peace Pipe"},{"floor":41,"key":"Girya"},{"floor":43,"key":"Lantern"}],"event_choices":[{"damage_healed":0,"gold_gain":0,"player_choice":"Entered Light","damage_taken":18,"max_hp_gain":0,"max_hp_loss":0,"event_name":"Shining Light","floor":4,"gold_loss":0,"cards_upgraded":["Bouncing Flask","Strike_G"]},{"damage_healed":0,"gold_gain":0,"player_choice":"Searched \u00272\u0027 times","damage_taken":0,"max_hp_gain":0,"max_hp_loss":0,"event_name":"Dead Adventurer","floor":7,"gold_loss":0},{"damage_healed":0,"gold_gain":0,"player_choice":"Lose Max HP","damage_taken":0,"relics_obtained":["Golden Idol"],"max_hp_gain":0,"max_hp_loss":7,"event_name":"Golden Idol","floor":12,"gold_loss":0},{"cards_removed":["Strike_G"],"damage_healed":0,"gold_gain":0,"player_choice":"Purged","damage_taken":0,"max_hp_gain":0,"max_hp_loss":0,"event_name":"Purifier","floor":13,"gold_loss":0},{"damage_healed":0,"gold_gain":0,"player_choice":"Opened","damage_taken":0,"relics_obtained":["Nunchaku"],"max_hp_gain":0,"max_hp_loss":0,"event_name":"The Mausoleum","floor":27,"gold_loss":0,"cards_obtained":["Writhe"]},{"damage_healed":0,"gold_gain":0,"player_choice":"Embrace Madness","damage_taken":12,"max_hp_gain":0,"max_hp_loss":0,"event_name":"Winding Halls","floor":37,"gold_loss":0,"cards_obtained":["Madness","Madness"]},{"damage_healed":0,"gold_gain":0,"player_choice":"Ignored","damage_taken":0,"max_hp_gain":0,"max_hp_loss":0,"event_name":"Mysterious Sphere","floor":38,"gold_loss":0},{"damage_healed":0,"gold_gain":0,"player_choice":"Fight","damage_taken":0,"max_hp_gain":0,"max_hp_loss":0,"event_name":"MindBloom","floor":41,"gold_loss":0},{"damage_healed":0,"gold_gain":0,"player_choice":"0 cards matched","damage_taken":0,"max_hp_gain":0,"max_hp_loss":0,"event_name":"Match and Keep!","floor":42,"gold_loss":0,"cards_obtained":[]},{"damage_healed":0,"gold_gain":333,"player_choice":"Gave Idol","damage_taken":0,"max_hp_gain":0,"max_hp_loss":0,"event_name":"The Moai Head","floor":46,"relics_lost":["Golden Idol"],"gold_loss":0}],"is_beta":false,"boss_relics":[{"not_picked":["Empty Cage","Fusion Hammer"],"picked":"Philosopher\u0027s Stone"},{"not_picked":["Coffee Dripper","Busted Crown"],"picked":"Calling Bell"}],"items_purged_floors":[2,5,19,36,47],"is_endless":false,"potions_floor_spawned":[3,8,14,16,20,21,33,41,44],"killed_by":"Donu and Deca","ascension_level":17}