{"gold_per_floor":[110,385,401,97,120,152,168,37,88,88,100,130,33,53,53,132,132,87,87,98,98,98,98,98,98,125,142,175,22,47,57,57,128,128,141,16,16,29,44,75,75,94,94,94,94,0,0,27,27,27,27],"floor_reached":51,"playtime":2524,"items_purged":["Regret","Pain","Defend_R"],"score":1527,"play_id":"b666f849-2ecd-491c-abe2-e155fb9488a8","local_time":"20190819014328","is_ascension_mode":true,"campfire_choices":[{"data":"Uppercut","floor":10.0,"key":"SMITH"},{"data":"Armaments","floor":15.0,"key":"SMITH"},{"floor":23.0,"key":"RECALL"},{"floor":25.0,"key":"REST"},{"floor":32.0,"key":"REST"}],"neow_cost":"NONE","seed_source_timestamp":6764481101914,"circlet_count":0,"master_deck":["AscendersBane","Defend_R","Defend_R","Defend_R","Bash","Uppercut+1","Carnage","Inflame","Battle Trance","Ghostly Armor","Iron Wave","Shockwave","Metallicize","Shrug It Off","Armaments+1","Discovery","Immolate","Metallicize","Bite","Bite","Bite","Bite","Feed","Offering","Shrug It Off","Impervious","Offering","Shockwave","Limit Break"],"special_seed":0,"relics":["Burning Blood","NeowsBlessing","Juzu Bracelet","Ginger","Orichalcum","Lantern","Fusion Hammer","WarpedTongs","Bronze Scales","Matryoshka","Happy Flower","Coffee Dripper","Sundial","Art of War","Du-Vu Doll","Red Mask","Potion Belt"],"potions_floor_usage":[51,51],"damage_taken":[{"damage":0.0,"enemies":"Jaw Worm","floor":1.0,"turns":1.0},{"damage":0.0,"enemies":"Cultist","floor":3.0,"turns":1.0},{"damage":0.0,"enemies":"3 Sentries","floor":6.0,"turns":2.0},{"damage":13.0,"enemies":"Small Slimes","floor":7.0,"turns":4.0},{"damage":0.0,"enemies":"2 Fungi Beasts","floor":11.0,"turns":3.0},{"damage":8.0,"enemies":"Gremlin Nob","floor":12.0,"turns":4.0},{"damage":7.0,"enemies":"Lots of Slimes","floor":14.0,"turns":2.0},{"damage":51.0,"enemies":"Hexaghost","floor":16.0,"turns":13.0},{"damage":11.0,"enemies":"2 Thieves","floor":18.0,"turns":5.0},{"damage":0.0,"enemies":"3 Byrds","floor":20.0,"turns":3.0},{"damage":15.0,"enemies":"Shelled Parasite and Fungi","floor":27.0,"turns":5.0},{"damage":23.0,"enemies":"Gremlin Leader","floor":28.0,"turns":7.0},{"damage":6.0,"enemies":"Slavers","floor":30.0,"turns":4.0},{"damage":6.0,"enemies":"Snake Plant","floor":31.0,"turns":2.0},{"damage":76.0,"enemies":"Champ","floor":33.0,"turns":17.0},{"damage":16.0,"enemies":"Orb Walker","floor":35.0,"turns":4.0},{"damage":6.0,"enemies":"3 Shapes","floor":38.0,"turns":4.0},{"damage":17.0,"enemies":"3 Darklings","floor":39.0,"turns":9.0},{"damage":76.0,"enemies":"Giant Head","floor":40.0,"turns":9.0},{"damage":0.0,"enemies":"4 Shapes","floor":42.0,"turns":15.0},{"damage":45.0,"enemies":"Nemesis","floor":48.0,"turns":11.0},{"damage":69.0,"enemies":"Awakened One","floor":50.0,"turns":15.0},{"damage":71,"enemies":"Donu and Deca","floor":51,"turns":11}],"seed_played":"8754919833427188817","potions_obtained":[{"floor":1.0,"key":"SteroidPotion"},{"floor":3.0,"key":"EssenceOfSteel"},{"floor":12.0,"key":"Poison Potion"},{"floor":16.0,"key":"LiquidBronze"},{"floor":20.0,"key":"Weak Potion"},{"floor":27.0,"key":"FearPotion"},{"floor":31.0,"key":"Poison Potion"},{"floor":35.0,"key":"Weak Potion"},{"floor":38.0,"key":"Weak Potion"},{"floor":48.0,"key":"Regen Potion"}],"is_trial":false,"path_per_floor":["M","?","M","$","T","E","M","$","T","R","M","E","$","M","R","B",null,"M","$","M","$","?","R","?","R","T","M","E","$","E","M","R","B",null,"M","$","?","M","M","E","?","M","T","R","?","?","R","E","R","B","B"],"character_chosen":"IRONCLAD","items_purchased":["Inflame","Battle Trance","Ghostly Armor","Shockwave","Metallicize","Discovery","Shrug It Off"],"campfire_rested":2,"item_purchase_floors":[4,4,4,8,8,13,29],"current_hp_per_floor":[74,74,75,75,75,75,68,68,68,68,74,72,72,71,71,26,63,58,58,64,64,52,52,52,52,52,52,49,49,56,56,56,16,46,44,44,44,57,60,13,13,41,41,41,41,41,41,26,26,37,0],"gold":27,"neow_bonus":"THREE_ENEMY_KILL","is_prod":false,"is_daily":false,"chose_seed":false,"campfire_upgraded":2,"win_rate":0,"timestamp":1566204208,"path_taken":["M","?","?","?","?","E","M","$","T","R","M","E","$","M","R","BOSS","M","$","M","?","?","R","?","R","T","M","E","$","E","M","R","BOSS","M","?","?","M","M","E","?","M","T","R","?","?","R","E","R","BOSS","BOSS"],"build_version":"2019-07-18","purchased_purges":3,"victory":false,"max_hp_per_floor":[75,75,75,75,75,75,75,75,75,75,75,75,75,75,75,75,75,75,75,75,75,52,52,52,52,52,52,52,52,56,56,56,56,56,56,56,56,60,60,60,57,60,60,60,60,60,60,60,60,63,63],"card_choices":[{"not_picked":["Metallicize","Sever Soul"],"picked":"Uppercut","floor":1.0},{"not_picked":["Clash","Second Wind"],"picked":"Carnage","floor":3.0},{"not_picked":["Fire Breathing","Barricade"],"picked":"Iron Wave","floor":6.0},{"not_picked":["Evolve","Clash"],"picked":"Shrug It Off","floor":11.0},{"not_picked":["Body Slam","Anger"],"picked":"Armaments","floor":12.0},{"not_picked":["Juggernaut","Limit Break"],"picked":"Immolate","floor":16.0},{"not_picked":["Iron Wave+1","Sword Boomerang"],"picked":"Metallicize","floor":18.0},{"not_picked":["Havoc","Wild Strike","Clothesline"],"picked":"SKIP","floor":20.0},{"not_picked":["Fire Breathing","Clothesline"],"picked":"Feed","floor":27.0},{"not_picked":["Battle Trance","Heavy Blade"],"picked":"Offering","floor":28.0},{"not_picked":["Flex","Pommel Strike+1","Warcry"],"picked":"SKIP","floor":30.0},{"not_picked":["Warcry","Fire Breathing"],"picked":"Impervious","floor":31.0},{"not_picked":["Barricade","Berserk"],"picked":"Offering","floor":33.0},{"not_picked":["Inflame","Sword Boomerang+1","Twin Strike+1"],"picked":"SKIP","floor":35.0},{"not_picked":["Heavy Blade","Warcry"],"picked":"Shockwave","floor":38.0},{"not_picked":["Armaments","Havoc","Body Slam"],"picked":"SKIP","floor":39.0},{"not_picked":["Bloodletting","Ghostly Armor"],"picked":"Limit Break","floor":40.0},{"not_picked":["Cleave","Fire Breathing","Warcry"],"picked":"SKIP","floor":42.0},{"not_picked":["Offering","Searing Blow+1","Bloodletting"],"picked":"SKIP","floor":48.0}],"player_experience":1412836,"relics_obtained":[{"floor":5.0,"key":"Juzu Bracelet"},{"floor":6.0,"key":"Ginger"},{"floor":9.0,"key":"Orichalcum"},{"floor":12.0,"key":"Lantern"},{"floor":26.0,"key":"Bronze Scales"},{"floor":28.0,"key":"Matryoshka"},{"floor":30.0,"key":"Happy Flower"},{"floor":40.0,"key":"Sundial"},{"floor":43.0,"key":"Art of War"},{"floor":43.0,"key":"Du-Vu Doll"},{"floor":48.0,"key":"Potion Belt"}],"event_choices":[{"damage_healed":0.0,"max_hp_gain":0.0,"max_hp_loss":0.0,"gold_gain":275.0,"event_name":"Golden Shrine","player_choice":"Desecrate","floor":2.0,"gold_loss":0.0,"damage_taken":0.0,"cards_obtained":["Regret"]},{"damage_healed":0.0,"max_hp_gain":0.0,"max_hp_loss":23.0,"gold_gain":0.0,"event_name":"Vampires","player_choice":"Became a vampire","floor":22.0,"gold_loss":0.0,"damage_taken":0.0,"cards_obtained":["Bite","Bite","Bite","Bite","Bite"]},{"damage_healed":0.0,"max_hp_gain":0.0,"max_hp_loss":0.0,"gold_gain":0.0,"event_name":"Accursed Blacksmith","player_choice":"Rummage","floor":24.0,"gold_loss":0.0,"damage_taken":0.0,"relics_obtained":["WarpedTongs"],"cards_obtained":["Pain"]},{"cards_removed":["Bite"],"damage_healed":0.0,"max_hp_gain":0.0,"max_hp_loss":0.0,"gold_gain":0.0,"event_name":"Falling","player_choice":"Removed Attack","floor":37.0,"gold_loss":0.0,"damage_taken":0.0},{"damage_healed":0.0,"max_hp_gain":0.0,"max_hp_loss":3.0,"gold_gain":0.0,"event_name":"Winding Halls","player_choice":"Max HP","floor":41.0,"gold_loss":0.0,"damage_taken":0.0},{"damage_healed":0.0,"max_hp_gain":0.0,"max_hp_loss":0.0,"gold_gain":0.0,"event_name":"SensoryStone","player_choice":"Memory 1","floor":45.0,"gold_loss":0.0,"damage_taken":0.0},{"damage_healed":0.0,"max_hp_gain":0.0,"max_hp_loss":0.0,"gold_gain":0.0,"event_name":"Tomb of Lord Red Mask","player_choice":"Paid","floor":46.0,"gold_loss":94.0,"damage_taken":0.0,"relics_obtained":["Red Mask"]}],"is_beta":true,"boss_relics":[{"not_picked":["White Beast Statue","Orrery"],"picked":"Fusion Hammer"},{"not_picked":["Tiny House","Sozu"],"picked":"Coffee Dripper"}],"items_purged_floors":[4,29,36],"is_endless":false,"potions_floor_spawned":[1,3,12,16,20,27,31,35,38,48],"killed_by":"Donu and Deca","ascension_level":20}