{"gold_per_floor":[112,112,122,138,157,191,244,273,285,297,309,321,359,371,383,495,507,529,570,593,620,632,644,656,703,739,77,77,77,102,116,116,212,212,230,245,259,277,127,127,127,146,146,146,170,170,182,26,26,26],"floor_reached":51,"playtime":3543,"items_purged":["Strike_B"],"score":753,"play_id":"bef5e5b3-09e2-4441-8052-e550e90805fc","local_time":"20181004133726","is_ascension_mode":false,"campfire_choices":[{"floor":11,"key":"REST"},{"floor":15,"key":"REST"},{"data":"Biased Cognition","floor":23,"key":"SMITH"},{"floor":28,"key":"REST"},{"floor":29,"key":"REST"},{"floor":32,"key":"REST"},{"floor":40,"key":"REST"},{"data":"Glacier","floor":44,"key":"SMITH"},{"data":"Mayhem","floor":46,"key":"SMITH"},{"floor":49,"key":"REST"}],"neow_cost":"NONE","seed_source_timestamp":411728808376978,"circlet_count":0,"master_deck":["Zap","Dualcast","Cold Snap+1","Reinforced Body+1","Ball Lightning","Core Surge","Hyperbeam","Biased Cognition+1","Leap+1","Hologram","Go for the Eyes","Capacitor","Mayhem+1","Coolheaded","Tempest","Creative AI","Go for the Eyes","Hologram","Sweeping Beam","Double Energy","Sweeping Beam","Skim","Storm","Hologram+1","Glacier+1","Leap+1","Redo+1","Multi-Cast"],"relics":["Cracked Core","Oddly Smooth Stone","MawBank","Singing Bowl","Shuriken","Sozu","Red Mask","WingedGreaves","Blood Vial","OrangePellets","Bronze Scales","Ornamental Fan","Pandora\u0027s Box","Bag of Preparation","Orichalcum","PreservedInsect"],"potions_floor_usage":[16,21,25],"damage_taken":[{"damage":5,"enemies":"Small Slimes","floor":1,"turns":2},{"damage":0,"enemies":"Cultist","floor":3,"turns":3},{"damage":0,"enemies":"Jaw Worm","floor":4,"turns":3},{"damage":2,"enemies":"2 Fungi Beasts","floor":5,"turns":3},{"damage":11,"enemies":"3 Sentries","floor":6,"turns":7},{"damage":21,"enemies":"Lagavulin","floor":8,"turns":7},{"damage":14,"enemies":"Gremlin Nob","floor":13,"turns":4},{"damage":0,"enemies":"Slime Boss","floor":16,"turns":6},{"damage":0,"enemies":"Spheric Guardian","floor":18,"turns":3},{"damage":0,"enemies":"Masked Bandits","floor":19,"turns":2},{"damage":0,"enemies":"Shell Parasite","floor":20,"turns":6},{"damage":19,"enemies":"Snake Plant","floor":21,"turns":4},{"damage":58,"enemies":"Gremlin Leader","floor":25,"turns":9},{"damage":27,"enemies":"Slavers","floor":30,"turns":4},{"damage":2,"enemies":"3 Cultists","floor":31,"turns":4},{"damage":3,"enemies":"Champ","floor":33,"turns":9},{"damage":11,"enemies":"Orb Walker","floor":35,"turns":3},{"damage":3,"enemies":"3 Shapes","floor":36,"turns":5},{"damage":23,"enemies":"Sphere and 2 Shapes","floor":37,"turns":5},{"damage":19,"enemies":"Jaw Worm Horde","floor":38,"turns":3},{"damage":0,"enemies":"Maw","floor":42,"turns":7},{"damage":15,"enemies":"Transient","floor":47,"turns":5},{"damage":12,"enemies":"Awakened One","floor":50,"turns":12}],"seed_played":"-4998684119034320784","potions_obtained":[{"floor":4,"key":"Block Potion"},{"floor":5,"key":"Dexterity Potion"},{"floor":13,"key":"PowerPotion"}],"is_trial":false,"path_per_floor":["M","?","M","M","M","E","?","E","T","?","R","$","E","$","R","B",null,"M","?","M","M","?","R","?","E","T","$","R","R","E","M","R","B",null,"M","M","M","M","$","R","$","M","T","R","T","R","M","$","R","B"],"character_chosen":"DEFECT","items_purchased":["OrangePellets","Mayhem","Coolheaded","Bronze Scales","Bag of Preparation","Multi-Cast"],"campfire_rested":7,"item_purchase_floors":[27,27,27,27,39,48],"current_hp_per_floor":[77,77,77,77,75,64,64,43,43,27,51,51,39,39,64,64,84,84,86,86,67,67,67,72,14,14,14,39,64,39,41,67,66,88,77,78,59,42,42,69,69,71,71,71,71,71,58,58,85,75],"gold":26,"neow_bonus":"TEN_PERCENT_HP_BONUS","is_prod":false,"is_daily":false,"chose_seed":false,"campfire_upgraded":3,"win_rate":0,"timestamp":1538674646,"path_taken":["M","?","?","M","M","E","?","E","T","?","R","$","E","?","R","BOSS","M","?","M","M","?","R","?","E","T","$","R","R","E","M","R","BOSS","M","?","M","M","$","R","?","M","T","R","?","R","M","$","R","BOSS"],"build_version":"2018-10-03","purchased_purges":1,"victory":true,"max_hp_per_floor":[82,82,82,82,82,82,82,82,82,82,82,82,84,84,84,84,84,84,86,86,86,86,86,86,86,86,86,86,86,86,88,88,88,88,88,90,92,92,92,92,92,92,92,92,92,92,92,92,92,92],"card_choices":[{"not_picked":["Barrage","Beam Cell"],"picked":"Cold Snap","floor":1},{"not_picked":["Gash","Stack"],"picked":"Reinforced Body","floor":3},{"not_picked":["Streamline","Redo"],"picked":"Ball Lightning","floor":4},{"not_picked":["Stack","Beam Cell"],"picked":"Coolheaded","floor":5},{"not_picked":["Chill","Lockon"],"picked":"Core Surge","floor":6},{"not_picked":["Storm","Stack"],"picked":"Hyperbeam","floor":8},{"not_picked":["Gash","Rebound","Compile Driver"],"picked":"Singing Bowl","floor":13},{"not_picked":["Multi-Cast","Seek"],"picked":"Biased Cognition","floor":16},{"not_picked":["Beam Cell","Genetic Algorithm"],"picked":"Leap+1","floor":18},{"not_picked":["Steam","Gash","Self Repair"],"picked":"Singing Bowl","floor":19},{"not_picked":["White Noise","Storm"],"picked":"Hologram","floor":20},{"not_picked":["Turbo","Melter"],"picked":"Go for the Eyes","floor":21},{"not_picked":["Beam Cell","Creative AI"],"picked":"Capacitor","floor":25},{"not_picked":["Recycle+1","Leap"],"picked":"Tempest","floor":30},{"not_picked":["Beam Cell","Gash","Force Field+1"],"picked":"Singing Bowl","floor":31},{"not_picked":["Amplify","Meteor Strike"],"picked":"Creative AI","floor":33},{"not_picked":["Rebound+1","Reprogram+1"],"picked":"Hologram+1","floor":35},{"not_picked":["Coolheaded","Reprogram+1","Hello World"],"picked":"Singing Bowl","floor":36},{"not_picked":["Redo+1","Compile Driver+1","Skim"],"picked":"Singing Bowl","floor":37},{"not_picked":["Self Repair+1","Hologram+1"],"picked":"Glacier","floor":38},{"not_picked":["Beam Cell+1","Gash"],"picked":"Leap+1","floor":42},{"not_picked":["Gash","Steam+1"],"picked":"Redo+1","floor":47}],"player_experience":359602,"relics_obtained":[{"floor":6,"key":"Oddly Smooth Stone"},{"floor":8,"key":"MawBank"},{"floor":9,"key":"Singing Bowl"},{"floor":13,"key":"Shuriken"},{"floor":19,"key":"Red Mask"},{"floor":25,"key":"WingedGreaves"},{"floor":26,"key":"Blood Vial"},{"floor":30,"key":"Ornamental Fan"},{"floor":43,"key":"Orichalcum"},{"floor":45,"key":"PreservedInsect"}],"event_choices":[{"event_name":"Living Wall","player_choice":"Grow","floor":2,"damage_taken":0},{"event_name":"Golden Wing","player_choice":"Gained Gold","floor":7,"damage_taken":0},{"event_name":"Shining Light","player_choice":"Entered Light","floor":10,"damage_taken":0},{"event_name":"Masked Bandits","player_choice":"Fought Bandits","floor":19,"damage_taken":0},{"event_name":"NoteForYourself","player_choice":"Ignored","floor":22,"damage_taken":0},{"event_name":"Bonfire Elementals","player_choice":"COMMON","floor":24,"damage_taken":0}],"is_beta":true,"boss_relics":[{"not_picked":["Snecko Eye","Runic Pyramid"],"picked":"Sozu"},{"not_picked":["White Beast Statue","Coffee Dripper"],"picked":"Pandora\u0027s Box"}],"items_purged_floors":[27],"is_endless":false,"potions_floor_spawned":[4,5,13,30,31,33,35,37,47],"ascension_level":0}