{"gold_per_floor":[114,114,189,203,219,219,231,231,285,285,302,302,322,322,322,453,453,473,459,459,480,480,480,524,524,548,567,590,590,590,616,616,712,712,732,744,759,759,383,383,401,401,401,418,435,535,535,545,545,545],"floor_reached":51,"playtime":4275,"items_purged":["Sever Soul+1"],"score":656,"play_id":"676fc12a-359f-4126-a39d-8660c91394bd","local_time":"20190705131700","is_ascension_mode":false,"campfire_choices":[{"data":"Armaments","floor":6,"key":"SMITH"},{"data":"Inflame","floor":8,"key":"SMITH"},{"data":"Second Wind","floor":12,"key":"SMITH"},{"data":"Flame Barrier","floor":15,"key":"SMITH"},{"data":"Barricade","floor":23,"key":"SMITH"},{"data":"Demon Form","floor":25,"key":"SMITH"},{"data":"Offering","floor":32,"key":"SMITH"},{"floor":40,"key":"REST"},{"data":"Discovery","floor":47,"key":"SMITH"},{"data":"Body Slam","floor":49,"key":"SMITH"}],"neow_cost":"NONE","seed_source_timestamp":342012277811690,"circlet_count":0,"master_deck":["Defend_R","Defend_R","Armaments+1","Inflame+1","Second Wind+1","Spot Weakness","Shrug It Off","Flame Barrier+1","Demon Form+1","Infernal Blade+1","Shrug It Off+1","Shrug It Off","Sword Boomerang","Barricade+1","Warcry+1","Bite","Bite","Bite","Bite","Bite","Offering+1","Body Slam+1","Limit Break","Rage+1","Armaments+1","Good Instincts","Dramatic Entrance","Discovery+1","Disarm+1","Inflame+1"],"relics":["Burning Blood","Boot","Ancient Tea Set","Bloody Idol","Astrolabe","Vajra","Centennial Puzzle","Bronze Scales","Incense Burner","Empty Cage","Bag of Preparation","Red Skull","Torii","Pocketwatch"],"potions_floor_usage":[16,24,24,31,31,46,50,50],"damage_taken":[{"damage":1,"enemies":"2 Louse","floor":1,"turns":4},{"damage":0,"enemies":"Small Slimes","floor":4,"turns":5},{"damage":1,"enemies":"Cultist","floor":5,"turns":4},{"damage":10,"enemies":"2 Fungi Beasts","floor":7,"turns":4},{"damage":0,"enemies":"Looter","floor":11,"turns":4},{"damage":7,"enemies":"Blue Slaver","floor":13,"turns":4},{"damage":25,"enemies":"Slime Boss","floor":16,"turns":17},{"damage":7,"enemies":"Spheric Guardian","floor":18,"turns":10},{"damage":4,"enemies":"2 Thieves","floor":19,"turns":4},{"damage":1,"enemies":"Chosen and Byrds","floor":21,"turns":7},{"damage":21,"enemies":"Slavers","floor":24,"turns":8},{"damage":23,"enemies":"Sentry and Sphere","floor":27,"turns":4},{"damage":22,"enemies":"Centurion and Healer","floor":28,"turns":9},{"damage":41,"enemies":"Gremlin Leader","floor":31,"turns":7},{"damage":43,"enemies":"Collector","floor":33,"turns":13},{"damage":9,"enemies":"3 Darklings","floor":35,"turns":5},{"damage":6,"enemies":"Orb Walker","floor":36,"turns":4},{"damage":53,"enemies":"Transient","floor":37,"turns":5},{"damage":6,"enemies":"Jaw Worm Horde","floor":41,"turns":5},{"damage":17,"enemies":"Spire Growth","floor":44,"turns":6},{"damage":17,"enemies":"4 Shapes","floor":45,"turns":8},{"damage":6,"enemies":"Mind Bloom Boss Battle","floor":46,"turns":5},{"damage":1,"enemies":"Sphere and 2 Shapes","floor":48,"turns":4},{"damage":66,"enemies":"Donu and Deca","floor":50,"turns":8}],"seed_played":"3757184495475308186","potions_obtained":[{"floor":1,"key":"Fire Potion"},{"floor":7,"key":"PowerPotion"},{"floor":11,"key":"Energy Potion"},{"floor":13,"key":"SteroidPotion"},{"floor":19,"key":"Fire Potion"},{"floor":27,"key":"SneckoOil"},{"floor":35,"key":"Fire Potion"},{"floor":36,"key":"Strength Potion"},{"floor":37,"key":"Energy Potion"},{"floor":48,"key":"SkillPotion"}],"is_trial":false,"path_per_floor":["M","?","?","M","M","R","M","R","T","?","M","R","M","?","R","B",null,"M","M","?","M","?","R","E","R","T","M","M","?","T","E","R","B",null,"M","M","M","?","$","R","M","?","T","M","M","?","R","M","R","B",null],"character_chosen":"IRONCLAD","items_purchased":["Bag of Preparation","Red Skull"],"campfire_rested":1,"item_purchase_floors":[39,39],"current_hp_per_floor":[80,80,72,78,80,80,76,76,76,69,77,77,78,58,58,41,80,79,80,80,80,80,80,74,74,74,63,71,71,71,59,59,41,80,80,80,48,48,48,72,80,70,70,80,80,80,80,80,80,31],"gold":545,"neow_bonus":"RANDOM_COMMON_RELIC","is_prod":false,"is_daily":false,"chose_seed":false,"campfire_upgraded":9,"win_rate":0.0,"timestamp":1562300220,"path_taken":["M","?","?","?","M","R","M","R","T","?","M","R","M","?","R","BOSS","M","M","?","M","?","R","E","R","T","M","M","?","?","E","R","BOSS","M","M","M","?","$","R","?","?","T","M","M","?","R","M","R","BOSS"],"build_version":"2019-07-01","purchased_purges":1,"victory":true,"max_hp_per_floor":[80,80,80,80,80,80,80,80,80,80,80,80,80,80,80,80,80,80,80,80,80,80,80,80,80,80,80,80,80,80,80,80,80,80,80,80,80,80,80,80,80,80,80,80,80,80,80,80,80,80],"card_choices":[{"not_picked":["Hemokinesis","Clothesline"],"picked":"Armaments","floor":1},{"not_picked":["Heavy Blade","Flex"],"picked":"Inflame","floor":4},{"not_picked":["Combust","Rupture"],"picked":"Second Wind","floor":5},{"not_picked":["Anger","Heavy Blade"],"picked":"Spot Weakness","floor":7},{"not_picked":["Perfected Strike","Warcry"],"picked":"Shrug It Off","floor":11},{"not_picked":["Power Through","Clothesline"],"picked":"Flame Barrier","floor":13},{"not_picked":["Limit Break","Double Tap"],"picked":"Demon Form","floor":16},{"not_picked":["Armaments","Twin Strike"],"picked":"Shrug It Off","floor":18},{"not_picked":["Whirlwind","Twin Strike"],"picked":"Sword Boomerang","floor":19},{"not_picked":["Hemokinesis","Perfected Strike"],"picked":"Warcry+1","floor":21},{"not_picked":["Corruption+1","Power Through"],"picked":"Offering","floor":24},{"not_picked":["Warcry","Thunderclap+1"],"picked":"Body Slam","floor":27},{"not_picked":["Heavy Blade","Warcry","Clothesline+1"],"picked":"SKIP","floor":28},{"not_picked":["Armaments+1","Pommel Strike","Fire Breathing"],"picked":"SKIP","floor":31},{"not_picked":["Impervious","Double Tap"],"picked":"Limit Break","floor":33},{"not_picked":["Thunderclap+1","Clash+1"],"picked":"Rage+1","floor":35},{"not_picked":["Thunderclap+1","Anger","Clothesline+1"],"picked":"SKIP","floor":36},{"not_picked":["Thunderclap","Sword Boomerang+1","Sever Soul+1"],"picked":"SKIP","floor":37},{"not_picked":["Thunderclap","Headbutt"],"picked":"Armaments+1","floor":41},{"not_picked":["Madness","Dramatic Entrance"],"picked":"Good Instincts","floor":42},{"not_picked":["Good Instincts","Trip"],"picked":"Dramatic Entrance","floor":42},{"not_picked":["PanicButton","Panache"],"picked":"Discovery","floor":42},{"not_picked":["Heavy Blade","Rupture+1","Whirlwind+1"],"picked":"SKIP","floor":44},{"not_picked":["Pommel Strike","Body Slam+1"],"picked":"Disarm+1","floor":45},{"not_picked":["Carnage+1","Sword Boomerang"],"picked":"Inflame+1","floor":48}],"player_experience":19161,"relics_obtained":[{"floor":9,"key":"Blood Vial"},{"floor":24,"key":"Vajra"},{"floor":26,"key":"Centennial Puzzle"},{"floor":30,"key":"Bronze Scales"},{"floor":31,"key":"Incense Burner"},{"floor":43,"key":"Torii"},{"floor":46,"key":"Pocketwatch"}],"event_choices":[{"cards_removed":["Strike_R"],"damage_healed":0,"gold_gain":0,"player_choice":"Forget","damage_taken":0,"max_hp_gain":0,"max_hp_loss":0,"event_name":"Living Wall","floor":2,"gold_loss":0},{"damage_healed":0,"gold_gain":75,"player_choice":"Touch","damage_taken":8,"max_hp_gain":0,"max_hp_loss":0,"event_name":"FaceTrader","floor":3,"gold_loss":0},{"damage_healed":0,"gold_gain":0,"player_choice":"Success","damage_taken":7,"relics_obtained":["Ancient Tea Set"],"max_hp_gain":0,"max_hp_loss":0,"event_name":"Scrap Ooze","floor":10,"gold_loss":0},{"damage_healed":0,"gold_gain":0,"player_choice":"Take Damage","damage_taken":20,"relics_obtained":["Golden Idol"],"max_hp_gain":0,"max_hp_loss":0,"event_name":"Golden Idol","floor":14,"gold_loss":0},{"damage_healed":0,"gold_gain":0,"player_choice":"Read","damage_taken":0,"max_hp_gain":0,"max_hp_loss":0,"event_name":"The Library","floor":20,"gold_loss":0,"cards_obtained":["Barricade"]},{"damage_healed":0,"gold_gain":0,"player_choice":"Became a vampire (Vial)","damage_taken":0,"max_hp_gain":0,"max_hp_loss":0,"event_name":"Vampires","floor":22,"relics_lost":["Blood Vial"],"gold_loss":0,"cards_obtained":["Bite","Bite","Bite","Bite","Bite"]},{"damage_healed":0,"gold_gain":0,"player_choice":"Gave Idol","damage_taken":0,"relics_obtained":["Bloody Idol"],"max_hp_gain":0,"max_hp_loss":0,"event_name":"Forgotten Altar","floor":29,"relics_lost":["Golden Idol"],"gold_loss":0},{"cards_removed":["Defend_R"],"damage_healed":0,"gold_gain":0,"player_choice":"Purged","damage_taken":0,"max_hp_gain":0,"max_hp_loss":0,"event_name":"Purifier","floor":38,"gold_loss":0},{"damage_healed":0,"gold_gain":0,"player_choice":"Memory 3","damage_taken":10,"max_hp_gain":0,"max_hp_loss":0,"event_name":"SensoryStone","floor":42,"gold_loss":0},{"damage_healed":0,"gold_gain":0,"player_choice":"Fight","damage_taken":0,"max_hp_gain":0,"max_hp_loss":0,"event_name":"MindBloom","floor":46,"gold_loss":0}],"is_beta":false,"boss_relics":[{"not_picked":["Calling Bell","Orrery"],"picked":"Astrolabe"},{"not_picked":["Busted Crown","Black Star"],"picked":"Empty Cage"}],"items_purged_floors":[39],"is_endless":false,"potions_floor_spawned":[1,7,11,13,19,27,35,36,37,44,48],"ascension_level":0}