{"gold_per_floor":[117,97,46,61,73,73,131,131,154,154],"floor_reached":10,"playtime":423,"items_purged":[],"score":132,"play_id":"7eb53efb-723c-40e4-a063-f54d1ccb4e9b","local_time":"20190823161716","is_ascension_mode":true,"campfire_choices":[{"data":"Genetic Algorithm","floor":6,"key":"SMITH"},{"floor":8,"key":"REST"}],"neow_cost":"PERCENT_DAMAGE","seed_source_timestamp":503395746030800,"circlet_count":0,"master_deck":["AscendersBane","Strike_B","Strike_B","Strike_B","Strike_B","Defend_B","Defend_B","Defend_B","Defend_B","Zap","Dualcast","Electrodynamics","Conserve Battery","Go for the Eyes","Genetic Algorithm+1"],"relics":["Cracked Core","Tiny Chest","Regal Pillow"],"potions_floor_usage":[7,10],"damage_taken":[{"damage":1,"enemies":"Cultist","floor":1,"turns":3},{"damage":2,"enemies":"Jaw Worm","floor":4,"turns":4},{"damage":11,"enemies":"Small Slimes","floor":5,"turns":3},{"damage":10,"enemies":"3 Sentries","floor":7,"turns":3},{"damage":59,"enemies":"Gremlin Nob","floor":10,"turns":4}],"seed_played":"-5864793504856321345","potions_obtained":[{"floor":2,"key":"FearPotion"},{"floor":4,"key":"LiquidBronze"},{"floor":5,"key":"Explosive Potion"},{"floor":7,"key":"Poison Potion"}],"is_trial":false,"path_per_floor":["M","?","$","M","M","R","E","R","T","E"],"character_chosen":"DEFECT","items_purchased":["Conserve Battery"],"campfire_rested":1,"item_purchase_floors":[3],"current_hp_per_floor":[45,45,45,43,32,32,22,43,43,0],"gold":154,"neow_bonus":"THREE_RARE_CARDS","is_prod":false,"is_daily":false,"chose_seed":false,"campfire_upgraded":1,"win_rate":0,"timestamp":1566591436,"path_taken":["M","?","$","M","M","R","E","R","T","E"],"build_version":"2019-07-17","purchased_purges":0,"victory":false,"max_hp_per_floor":[71,71,71,71,71,71,71,71,71,71],"card_choices":[{"not_picked":["Multi-Cast","Reboot"],"picked":"Electrodynamics","floor":0},{"not_picked":["Beam Cell","Scrape","Force Field"],"picked":"SKIP","floor":1},{"not_picked":["Compile Driver","Conserve Battery"],"picked":"Go for the Eyes","floor":4},{"not_picked":["Conserve Battery","Sweeping Beam"],"picked":"Genetic Algorithm","floor":5},{"not_picked":["Go for the Eyes","Compile Driver","Sweeping Beam"],"picked":"SKIP","floor":7}],"player_experience":2701944,"relics_obtained":[{"floor":7,"key":"Tiny Chest"},{"floor":9,"key":"Regal Pillow"}],"event_choices":[{"damage_healed":0,"gold_gain":0,"player_choice":"Bought 1 Potion","damage_taken":0,"max_hp_gain":0,"max_hp_loss":0,"event_name":"The Woman in Blue","floor":2,"gold_loss":0}],"is_beta":false,"boss_relics":[],"items_purged_floors":[],"is_endless":false,"potions_floor_spawned":[4,5,7],"killed_by":"Gremlin Nob","ascension_level":20}