{"path_per_floor":["M","M","M","?","$","E","R","?","T","?","M","M","M","M","R","B",null,"M","?","M","M","M","R","?","M","T"],"character_chosen":"IRONCLAD","items_purchased":[],"gold_per_floor":[109,126,146,146,71,109,109,109,109,59,77,90,104,127,127,247,247,267,267,288,313,338,338,338,358,358,358],"floor_reached":27,"campfire_rested":2,"playtime":1691,"item_purchase_floors":[],"current_hp_per_floor":[79,80,80,80,80,58,58,58,58,58,44,45,51,50,74,39,80,68,52,24,19,14,38,65,43,43,0],"items_purged":["Injury"],"gold":358,"score":244,"play_id":"19f4cc4c-74fc-4ec3-8345-f694df712b7a","local_time":"20180617201632","is_prod":false,"is_daily":false,"chose_seed":false,"is_ascension_mode":false,"campfire_upgraded":1,"win_rate":0,"timestamp":1529280992,"campfire_choices":[{"data":"Limit Break","floor":7,"key":"SMITH"},{"floor":15,"key":"REST"},{"floor":23,"key":"REST"}],"path_taken":["M","M","M","?","$","E","R","?","T","?","M","?","M","M","R","BOSS","M","?","M","M","M","R","?","?","T","M"],"build_version":"2018-06-14v2","seed_source_timestamp":341149370695191,"purchased_purges":1,"victory":false,"master_deck":["Strike_R","Strike_R","Strike_R","Strike_R","Defend_R","Defend_R","Defend_R","Defend_R","Bash","Limit Break+1","Headbutt","Sword Boomerang","Whirlwind","Heavy Blade","Inflame","Shrug It Off","Shrug It Off","Demon Form","Feed","Flex","Armaments","Shrug It Off","Feed","Headbutt+1"],"max_hp_per_floor":[80,80,80,80,80,80,80,80,80,80,80,80,80,80,80,80,80,83,83,83,83,83,83,83,86,86,86],"relics":["Black Blood","Golden Idol","Red Skull","Ginger","Nilry\u0027s Codex","Self Forming Clay"],"card_choices":[{"not_picked":["Fire Breathing","Havoc"],"picked":"Headbutt","floor":1},{"not_picked":["Pommel Strike","Armaments"],"picked":"Sword Boomerang","floor":2},{"not_picked":["Impervious","Iron Wave"],"picked":"Whirlwind","floor":3},{"not_picked":["Perfected Strike","Combust"],"picked":"Heavy Blade","floor":6},{"not_picked":["Perfected Strike","True Grit"],"picked":"Inflame","floor":11},{"not_picked":["Armaments","Clash"],"picked":"Shrug It Off","floor":12},{"not_picked":["Wild Strike","Rupture"],"picked":"Shrug It Off","floor":13},{"not_picked":["Wild Strike","Perfected Strike"],"picked":"Demon Form","floor":14},{"not_picked":["Immolate","Juggernaut"],"picked":"Feed","floor":16},{"not_picked":["Evolve+1","Iron Wave"],"picked":"Flex","floor":18},{"not_picked":["Havoc","Warcry"],"picked":"Armaments","floor":20},{"not_picked":["Entrench+1","Perfected Strike"],"picked":"Shrug It Off","floor":21},{"not_picked":["Iron Wave","Reckless Charge+1"],"picked":"Feed","floor":22},{"not_picked":["Warcry","Whirlwind"],"picked":"Headbutt+1","floor":25}],"player_experience":129933,"potions_floor_usage":[12,14,16,18,22],"damage_taken":[{"damage":7,"enemies":"Small Slimes","floor":1,"turns":5},{"damage":2,"enemies":"2 Louse","floor":2,"turns":3},{"damage":6,"enemies":"Cultist","floor":3,"turns":3},{"damage":28,"enemies":"Gremlin Nob","floor":6,"turns":4},{"damage":20,"enemies":"Looter","floor":11,"turns":3},{"damage":5,"enemies":"3 Louse","floor":12,"turns":2},{"damage":0,"enemies":"Large Slime","floor":13,"turns":4},{"damage":7,"enemies":"Gremlin Gang","floor":14,"turns":3},{"damage":41,"enemies":"The Guardian","floor":16,"turns":7},{"damage":25,"enemies":"Chosen","floor":18,"turns":4},{"damage":38,"enemies":"Shell Parasite","floor":20,"turns":5},{"damage":15,"enemies":"Snecko","floor":21,"turns":4},{"damage":15,"enemies":"Snake Plant","floor":22,"turns":4},{"damage":35,"enemies":"Centurion and Healer","floor":25,"turns":6},{"damage":46,"enemies":"Slaver and Parasite","floor":27,"turns":4}],"relics_obtained":[{"floor":6,"key":"Red Skull"},{"floor":9,"key":"Ginger"},{"floor":19,"key":"Nilry\u0027s Codex"},{"floor":26,"key":"Self Forming Clay"}],"event_choices":[{"event_name":"Golden Idol","player_choice":"Take Wound","floor":4,"damage_taken":0},{"event_name":"Liars Game","player_choice":"disagreed","floor":8,"damage_taken":0},{"event_name":"The Cleric","player_choice":"Card Removal","floor":10,"damage_taken":0},{"event_name":"Cursed Tome","player_choice":"Obtained Book","floor":19,"damage_taken":0},{"event_name":"The Library","player_choice":"Heal","floor":24,"damage_taken":0}],"boss_relics":[{"not_picked":["Runic Pyramid","Calling Bell"],"picked":"Black Blood"}],"items_purged_floors":[5],"is_endless":false,"potions_floor_spawned":[1,6,14,16,21,25],"seed_played":"-3086280966766278522","killed_by":"Slaver and Parasite","ascension_level":0,"potions_obtained":[{"floor":1,"key":"Explosive Potion"},{"floor":6,"key":"PowerPotion"},{"floor":14,"key":"FearPotion"},{"floor":16,"key":"Poison Potion"},{"floor":21,"key":"Strength Potion"},{"floor":25,"key":"Dexterity Potion"}],"is_trial":false}