{"gold_per_floor":[110,124,138,149,164,191,191,191,191,218,2,28,78,93,93,168,168,185,205,205,205,218,250,250,281,281,299,70,70,70,70,70,144,144,156,156,20,20,20,20,36,68,68,86,99,117,117,117,117,117,117],"floor_reached":52,"playtime":2968,"items_purged":["Strike_B","Force Field"],"score":1930,"play_id":"e667394f-4b9d-4fca-a793-48f8c937fda9","local_time":"20190825213811","is_ascension_mode":true,"campfire_choices":[{"floor":8.0,"key":"REST"},{"data":"Defragment","floor":15.0,"key":"SMITH"},{"floor":24.0,"key":"REST"},{"data":"Defend_B","floor":29.0,"key":"PURGE"},{"data":"Decay","floor":32.0,"key":"PURGE"},{"data":"Defend_B+1","floor":40.0,"key":"PURGE"},{"floor":47,"key":"REST"},{"floor":49,"key":"REST"}],"neow_cost":"NONE","seed_source_timestamp":462604823147700,"circlet_count":0,"master_deck":["AscendersBane","Strike_B+1","Defend_B+1","Defend_B+1","Zap","Dualcast","Barrage","Sweeping Beam","Ball Lightning","Leap","Coolheaded","Self Repair","Seek","Defragment+1","Cold Snap","Coolheaded","Conserve Battery","Biased Cognition","Capacitor","Necronomicurse","Core Surge","Steam+1","Coolheaded","Multi-Cast","Coolheaded","Skim","Stack","Cold Snap","Defragment","Ball Lightning","Barrage","Dark Shackles","Secret Technique","Panacea"],"special_seed":0,"relics":["Cracked Core","NeowsBlessing","Regal Pillow","Cables","Question Card","Anchor","Fusion Hammer","Necronomicon","Lantern","Peace Pipe","Vajra","Runic Capacitor","Lizard Tail","Omamori","Thread and Needle"],"potions_floor_usage":[42,50,51],"damage_taken":[{"damage":0.0,"enemies":"Small Slimes","floor":1.0,"turns":1.0},{"damage":0.0,"enemies":"2 Louse","floor":2.0,"turns":1.0},{"damage":0.0,"enemies":"Cultist","floor":3.0,"turns":1.0},{"damage":2.0,"enemies":"2 Fungi Beasts","floor":4.0,"turns":3.0},{"damage":7.0,"enemies":"Large Slime","floor":5.0,"turns":4.0},{"damage":30.0,"enemies":"Lagavulin","floor":6.0,"turns":6.0},{"damage":17.0,"enemies":"3 Sentries","floor":10.0,"turns":8.0},{"damage":5.0,"enemies":"Lagavulin","floor":12.0,"turns":7.0},{"damage":1.0,"enemies":"Exordium Wildlife","floor":14.0,"turns":6.0},{"damage":2.0,"enemies":"The Guardian","floor":16.0,"turns":13.0},{"damage":0.0,"enemies":"Chosen","floor":18.0,"turns":3.0},{"damage":0.0,"enemies":"3 Byrds","floor":19.0,"turns":3.0},{"damage":22.0,"enemies":"Snake Plant","floor":22.0,"turns":4.0},{"damage":17.0,"enemies":"Book of Stabbing","floor":23.0,"turns":7.0},{"damage":3.0,"enemies":"Gremlin Leader","floor":25.0,"turns":9.0},{"damage":0.0,"enemies":"3 Cultists","floor":27.0,"turns":4.0},{"damage":0.0,"enemies":"Automaton","floor":33.0,"turns":10.0},{"damage":9.0,"enemies":"Orb Walker","floor":35.0,"turns":3.0},{"damage":8.0,"enemies":"3 Darklings","floor":41.0,"turns":8.0},{"damage":20,"enemies":"Giant Head","floor":42,"turns":10},{"damage":0,"enemies":"Sphere and 2 Shapes","floor":44,"turns":6},{"damage":0,"enemies":"Transient","floor":45,"turns":6},{"damage":27,"enemies":"Writhing Mass","floor":46,"turns":9},{"damage":2,"enemies":"Donu and Deca","floor":50,"turns":14},{"damage":9,"enemies":"Time Eater","floor":51,"turns":15}],"seed_played":"5899541794860631707","potions_obtained":[{"floor":1.0,"key":"Ancient Potion"},{"floor":3.0,"key":"AttackPotion"},{"floor":12.0,"key":"GamblersBrew"},{"floor":27.0,"key":"Block Potion"},{"floor":41.0,"key":"SteroidPotion"},{"floor":44,"key":"PowerPotion"}],"is_trial":false,"path_per_floor":["M","M","M","M","M","E","?","R","T","E","$","E","?","M","R","B",null,"M","M","?","?","M","E","R","E","T","M","$","R","?","?","R","B",null,"M","?","$","?","?","R","M","E","T","M","M","M","R","?","R","B","B",null],"character_chosen":"DEFECT","items_purchased":["Defragment","Cold Snap","Runic Capacitor","Skim"],"campfire_rested":4,"item_purchase_floors":[11,11,28,37],"current_hp_per_floor":[64,64,64,62,55,25,18,54,54,37,37,39,39,45,45,50,66,71,71,71,50,35,25,61,65,65,65,65,65,65,65,65,71,71,62,62,62,62,62,62,61,48,48,55,62,42,71,61,71,71,62],"gold":117,"neow_bonus":"THREE_ENEMY_KILL","is_prod":false,"is_daily":false,"chose_seed":false,"campfire_upgraded":1,"win_rate":0,"timestamp":1566736691,"path_taken":["M","M","M","M","M","E","?","R","T","E","$","E","?","M","R","BOSS","M","?","?","?","?","E","R","E","T","M","$","R","?","?","R","BOSS","M","?","$","?","?","R","M","E","T","M","M","?","R","?","R","BOSS","BOSS"],"build_version":"2019-07-17","purchased_purges":2,"victory":true,"max_hp_per_floor":[71,71,71,71,71,71,71,71,71,71,71,71,71,71,71,71,71,71,71,71,71,71,71,71,71,71,71,71,71,71,71,71,71,71,71,71,71,71,71,71,71,71,71,71,71,71,71,71,71,71,71],"card_choices":[{"not_picked":["Static Discharge","Hologram"],"picked":"Barrage","floor":1.0},{"not_picked":["Turbo","Stack"],"picked":"Sweeping Beam","floor":2.0},{"not_picked":["Streamline","Steam"],"picked":"Ball Lightning","floor":3.0},{"not_picked":["Redo","Undo"],"picked":"Leap","floor":4.0},{"not_picked":["Hologram","Gash"],"picked":"Coolheaded","floor":5.0},{"not_picked":["Go for the Eyes","Hologram"],"picked":"Self Repair","floor":6.0},{"not_picked":["Conserve Battery","Melter"],"picked":"Seek","floor":10.0},{"not_picked":["Genetic Algorithm","Ball Lightning","Streamline"],"picked":"Coolheaded","floor":12.0},{"not_picked":["Streamline","Tempest","Sweeping Beam"],"picked":"Conserve Battery","floor":14.0},{"not_picked":["Multi-Cast","Echo Form","Meteor Strike"],"picked":"Biased Cognition","floor":16.0},{"not_picked":["Aggregate","Sweeping Beam","Darkness","Barrage"],"picked":"SKIP","floor":18.0},{"not_picked":["Compile Driver","Redo","Streamline"],"picked":"Capacitor","floor":19.0},{"not_picked":["Heatsinks","Redo","Barrage"],"picked":"Force Field","floor":22.0},{"not_picked":["Rebound","Tempest","Chill"],"picked":"Core Surge","floor":23.0},{"not_picked":["Ball Lightning","Turbo","Barrage"],"picked":"Steam+1","floor":25.0},{"not_picked":["Turbo","Genetic Algorithm","Conserve Battery"],"picked":"Coolheaded","floor":27.0},{"not_picked":["Thunder Strike","Creative AI","All For One"],"picked":"Multi-Cast","floor":33.0},{"not_picked":["Go for the Eyes","Hologram","Conserve Battery+1"],"picked":"Coolheaded","floor":35.0},{"not_picked":["Turbo+1","Steam","Self Repair"],"picked":"Cold Snap","floor":41.0},{"not_picked":["Conserve Battery","Double Energy","Redo"],"picked":"Defragment","floor":42},{"not_picked":["Heatsinks","Compile Driver","Consume"],"picked":"Ball Lightning","floor":44},{"not_picked":["Redo+1","Ball Lightning","Stack","Self Repair+1"],"picked":"SKIP","floor":45},{"not_picked":["Streamline","Beam Cell+1","Hyperbeam"],"picked":"Barrage","floor":46},{"not_picked":["Dramatic Entrance","Madness","Metamorphosis"],"picked":"Dark Shackles","floor":48},{"not_picked":["Dramatic Entrance","Forethought","PanicButton"],"picked":"Secret Technique","floor":48},{"not_picked":["Swift Strike","Impatience","Mind Blast"],"picked":"Panacea","floor":48}],"player_experience":247948,"relics_obtained":[{"floor":6.0,"key":"Regal Pillow"},{"floor":9.0,"key":"Cables"},{"floor":10.0,"key":"Question Card"},{"floor":12.0,"key":"Anchor"},{"floor":21.0,"key":"Necronomicon"},{"floor":23.0,"key":"Lantern"},{"floor":25.0,"key":"Peace Pipe"},{"floor":26.0,"key":"Vajra"},{"floor":42,"key":"Omamori"},{"floor":43,"key":"Thread and Needle"}],"event_choices":[{"cards_removed":["Strike_B"],"damage_healed":0.0,"max_hp_gain":0.0,"max_hp_loss":0.0,"gold_gain":0.0,"event_name":"Golden Wing","player_choice":"Card Removal","floor":7.0,"gold_loss":0.0,"damage_taken":7.0},{"damage_healed":0.0,"max_hp_gain":0.0,"max_hp_loss":0.0,"gold_gain":50.0,"event_name":"Golden Shrine","player_choice":"Pray","floor":13.0,"gold_loss":0.0,"damage_taken":0.0},{"damage_healed":0.0,"max_hp_gain":0.0,"max_hp_loss":0.0,"gold_gain":0.0,"event_name":"Vampires","player_choice":"Ignored","floor":20.0,"gold_loss":0.0,"damage_taken":0.0},{"damage_healed":0.0,"max_hp_gain":0.0,"max_hp_loss":0.0,"gold_gain":0.0,"event_name":"Cursed Tome","player_choice":"Obtained Book","floor":21.0,"gold_loss":0.0,"damage_taken":21.0},{"damage_healed":0.0,"max_hp_gain":0.0,"max_hp_loss":0.0,"gold_gain":0.0,"event_name":"Back to Basics","player_choice":"Simplicity","floor":30.0,"gold_loss":0.0,"damage_taken":0.0,"cards_upgraded":["Strike_B","Strike_B","Defend_B","Defend_B","Defend_B"]},{"damage_healed":0.0,"max_hp_gain":0.0,"max_hp_loss":0.0,"gold_gain":0.0,"event_name":"Forgotten Altar","player_choice":"Smashed Altar","floor":31.0,"gold_loss":0.0,"damage_taken":0.0,"cards_obtained":["Decay"]},{"damage_healed":0.0,"max_hp_gain":0.0,"max_hp_loss":0.0,"gold_gain":0.0,"event_name":"Tomb of Lord Red Mask","player_choice":"Ignored","floor":36.0,"gold_loss":0.0,"damage_taken":0.0},{"damage_healed":0.0,"max_hp_gain":0.0,"max_hp_loss":0.0,"gold_gain":0.0,"event_name":"Mysterious Sphere","player_choice":"Ignored","floor":38.0,"gold_loss":0.0,"damage_taken":0.0},{"damage_healed":0.0,"max_hp_gain":0.0,"max_hp_loss":0.0,"gold_gain":0.0,"cards_transformed":["Strike_B"],"event_name":"Transmorgrifier","player_choice":"Transformed","floor":39.0,"gold_loss":0.0,"damage_taken":0.0,"cards_obtained":["Stack"]},{"damage_healed":0,"gold_gain":0,"player_choice":"Memory 3","damage_taken":10,"max_hp_gain":0,"max_hp_loss":0,"event_name":"SensoryStone","floor":48,"gold_loss":0}],"is_beta":false,"boss_relics":[{"not_picked":["Runic Dome","White Beast Statue"],"picked":"Fusion Hammer"},{"not_picked":["Philosopher\u0027s Stone","Inserter"],"picked":"Lizard Tail"}],"items_purged_floors":[11,37],"is_endless":false,"potions_floor_spawned":[1,3,12,14,18,27,41,44,46],"ascension_level":20}