{"gold_per_floor":[110,110,110,110,57,92,92,17,89,116,128,140,151,326,326,428,428,383,383,383,383,132,132,132,132,132,132,132,132,132,132,132,132,132,132,132,132,132,132,132,132,132,132,7,7,7,7,7,7,7],"floor_reached":51,"playtime":2445,"items_purged":["Strike_R","Strike_R","Defend_R"],"score":960,"play_id":"bd47784d-7ab9-4d7a-9566-50927e2098a2","local_time":"20190624234119","is_ascension_mode":true,"campfire_choices":[{"data":"Heavy Blade","floor":7,"key":"SMITH"},{"data":"1","floor":15,"key":"LIFT"},{"data":"2","floor":23,"key":"LIFT"},{"data":"3","floor":25,"key":"LIFT"},{"data":"Demon Form","floor":32,"key":"SMITH"},{"data":"Double Tap","floor":40,"key":"SMITH"},{"data":"Shrug It Off","floor":42,"key":"SMITH"},{"data":"Armaments","floor":46,"key":"SMITH"},{"data":"Shrug It Off","floor":49,"key":"SMITH"}],"neow_cost":"NONE","seed_source_timestamp":83015422328200,"circlet_count":0,"master_deck":["Strike_R","Strike_R","Defend_R","Defend_R","Defend_R","Bash","Battle Trance","Heavy Blade+1","Shrug It Off+1","Burning Pact","Demon Form+1","Cleave+1","Armaments+1","Disarm","Ghostly Armor","Disarm","Thunderclap","Body Slam+1","Cleave+1","Double Tap+1","Offering","Shrug It Off+1","Heavy Blade+1","Sword Boomerang+1"],"relics":["Burning Blood","NeowsBlessing","Omamori","Vajra","Girya","Matryoshka","StoneCalendar","Ectoplasm","Red Mask","PreservedInsect","Letter Opener","Pear","Bottled Flame","Ornamental Fan","Mango","Bottled Tornado","Strawberry","Coffee Dripper","Lantern","Boot","Ancient Tea Set","Ginger","Gambling Chip"],"potions_floor_usage":[18],"damage_taken":[{"damage":0,"enemies":"Cultist","floor":1,"turns":1},{"damage":0,"enemies":"Lagavulin","floor":6,"turns":1},{"damage":0,"enemies":"Gremlin Nob","floor":10,"turns":1},{"damage":8,"enemies":"Small Slimes","floor":11,"turns":3},{"damage":6,"enemies":"Jaw Worm","floor":12,"turns":3},{"damage":4,"enemies":"Blue Slaver","floor":13,"turns":4},{"damage":56,"enemies":"Hexaghost","floor":16,"turns":9},{"damage":7,"enemies":"2 Thieves","floor":18,"turns":4},{"damage":16,"enemies":"Masked Bandits","floor":19,"turns":4},{"damage":0,"enemies":"Spheric Guardian","floor":21,"turns":3},{"damage":33,"enemies":"Gremlin Leader","floor":24,"turns":4},{"damage":10,"enemies":"Cultist and Chosen","floor":27,"turns":6},{"damage":4,"enemies":"Slavers","floor":28,"turns":5},{"damage":0,"enemies":"Colosseum Slavers","floor":29,"turns":3},{"damage":0,"enemies":"Colosseum Nobs","floor":29,"turns":4},{"damage":8,"enemies":"3 Cultists","floor":30,"turns":4},{"damage":2,"enemies":"Book of Stabbing","floor":31,"turns":4},{"damage":26,"enemies":"Collector","floor":33,"turns":6},{"damage":4,"enemies":"3 Darklings","floor":35,"turns":2},{"damage":6,"enemies":"3 Shapes","floor":36,"turns":2},{"damage":15,"enemies":"3 Darklings","floor":39,"turns":3},{"damage":27,"enemies":"Writhing Mass","floor":41,"turns":4},{"damage":6,"enemies":"Reptomancer","floor":45,"turns":3},{"damage":0,"enemies":"Mind Bloom Boss Battle","floor":47,"turns":3},{"damage":10,"enemies":"Giant Head","floor":48,"turns":5},{"damage":33,"enemies":"Donu and Deca","floor":50,"turns":5}],"seed_played":"320477299612255335","potions_obtained":[{"floor":1,"key":"SkillPotion"},{"floor":10,"key":"Swift Potion"},{"floor":11,"key":"SneckoOil"},{"floor":16,"key":"SpeedPotion"},{"floor":19,"key":"Explosive Potion"},{"floor":21,"key":"SpeedPotion"},{"floor":31,"key":"SkillPotion"},{"floor":35,"key":"AttackPotion"},{"floor":47,"key":"SkillPotion"}],"is_trial":false,"path_per_floor":["M","?","?","T","$","E","R","$","T","E","M","M","M","?","R","B",null,"M","?","?","M","$","R","E","R","T","M","E","?","M","E","R","B",null,"M","M","?","?","M","R","M","R","T","$","E","R","?","E","R","B",null],"character_chosen":"IRONCLAD","items_purchased":["Heavy Blade","PreservedInsect"],"campfire_rested":0,"item_purchase_floors":[5,22],"current_hp_per_floor":[80,80,73,73,73,79,79,79,79,80,78,78,80,80,80,30,80,79,69,69,75,75,75,48,48,58,54,56,82,80,91,91,71,111,111,111,111,111,102,102,81,81,81,81,81,81,87,83,83,56],"gold":7,"neow_bonus":"THREE_ENEMY_KILL","is_prod":false,"is_daily":false,"chose_seed":false,"campfire_upgraded":6,"win_rate":0,"timestamp":1561437679,"path_taken":["M","?","?","?","?","E","R","$","T","E","?","M","M","?","R","BOSS","M","?","?","?","$","R","E","R","T","M","E","?","M","E","R","BOSS","M","M","?","?","?","R","M","R","T","$","E","R","?","E","R","BOSS"],"build_version":"2019-01-23","purchased_purges":3,"victory":true,"max_hp_per_floor":[80,80,80,80,80,80,80,80,80,80,80,80,80,80,80,80,80,80,80,80,80,80,80,80,80,90,90,90,104,104,111,111,111,111,111,111,111,111,111,111,111,111,111,111,111,111,111,111,111,111],"card_choices":[{"not_picked":["Pommel Strike","Clothesline"],"picked":"Battle Trance","floor":1},{"not_picked":["Combust","Bloodletting","Power Through"],"picked":"SKIP","floor":6},{"not_picked":["Thunderclap","Corruption","Clothesline"],"picked":"SKIP","floor":10},{"not_picked":["Headbutt","Perfected Strike","Carnage"],"picked":"SKIP","floor":11},{"not_picked":["Cleave","Dropkick"],"picked":"Shrug It Off","floor":12},{"not_picked":["Body Slam","Rage"],"picked":"Burning Pact","floor":13},{"not_picked":["Fiend Fire","Brutality"],"picked":"Demon Form","floor":16},{"not_picked":["Clothesline","Feel No Pain"],"picked":"Cleave+1","floor":18},{"not_picked":["Pommel Strike","Perfected Strike"],"picked":"Armaments","floor":19},{"not_picked":["Cleave","Corruption"],"picked":"Disarm","floor":21},{"not_picked":["Corruption","Infernal Blade"],"picked":"Ghostly Armor","floor":24},{"not_picked":["Battle Trance","Rage"],"picked":"Disarm","floor":27},{"not_picked":["Intimidate","Spot Weakness"],"picked":"Thunderclap","floor":28},{"not_picked":["Entrench","True Grit"],"picked":"Body Slam+1","floor":29},{"not_picked":["Searing Blow","Carnage"],"picked":"Cleave+1","floor":30},{"not_picked":["Metallicize+1","Iron Wave"],"picked":"Double Tap","floor":31},{"not_picked":["Demon Form","Bludgeon"],"picked":"Offering","floor":33},{"not_picked":["Clash","Flex"],"picked":"Shrug It Off","floor":35},{"not_picked":["True Grit","Thunderclap+1","Pummel"],"picked":"SKIP","floor":36},{"not_picked":["Metallicize+1","Clothesline","Pommel Strike+1"],"picked":"SKIP","floor":39},{"not_picked":["Feel No Pain","Iron Wave","Pommel Strike+1"],"picked":"SKIP","floor":41},{"not_picked":["Pummel+1","Intimidate"],"picked":"Heavy Blade+1","floor":45},{"not_picked":["Warcry+1","Dropkick+1"],"picked":"Sword Boomerang+1","floor":48}],"player_experience":3382,"relics_obtained":[{"floor":4,"key":"Vajra"},{"floor":6,"key":"Girya"},{"floor":9,"key":"Matryoshka"},{"floor":10,"key":"StoneCalendar"},{"floor":19,"key":"Red Mask"},{"floor":24,"key":"Letter Opener"},{"floor":26,"key":"Pear"},{"floor":26,"key":"Bottled Flame"},{"floor":28,"key":"Ornamental Fan"},{"floor":29,"key":"Mango"},{"floor":29,"key":"Bottled Tornado"},{"floor":31,"key":"Strawberry"},{"floor":43,"key":"Lantern"},{"floor":43,"key":"Boot"},{"floor":45,"key":"Ancient Tea Set"},{"floor":47,"key":"Ginger"},{"floor":48,"key":"Gambling Chip"}],"event_choices":[{"damage_healed":0,"gold_gain":0,"player_choice":"Box","damage_taken":0,"relics_obtained":["Omamori"],"max_hp_gain":0,"max_hp_loss":0,"event_name":"Big Fish","floor":2,"gold_loss":0,"cards_obtained":["Regret"]},{"cards_removed":["Regret"],"damage_healed":0,"gold_gain":0,"player_choice":"Card Removal","damage_taken":7,"max_hp_gain":0,"max_hp_loss":0,"event_name":"Golden Wing","floor":3,"gold_loss":0},{"damage_healed":0,"gold_gain":175,"player_choice":"AGREE","damage_taken":0,"max_hp_gain":0,"max_hp_loss":0,"event_name":"Liars Game","floor":14,"gold_loss":0,"cards_obtained":["Doubt"]},{"damage_healed":0,"gold_gain":0,"player_choice":"Fought Bandits","damage_taken":0,"max_hp_gain":0,"max_hp_loss":0,"event_name":"Masked Bandits","floor":19,"gold_loss":0},{"damage_healed":0,"gold_gain":200,"player_choice":"Gold","damage_taken":0,"max_hp_gain":0,"max_hp_loss":0,"event_name":"Wheel of Change","floor":20,"gold_loss":0},{"damage_healed":0,"gold_gain":0,"player_choice":"Fight","damage_taken":0,"max_hp_gain":0,"max_hp_loss":0,"event_name":"Colosseum","floor":29,"gold_loss":0},{"damage_healed":0,"gold_gain":0,"player_choice":"Fought Nobs","damage_taken":0,"max_hp_gain":0,"max_hp_loss":0,"event_name":"Colosseum","floor":29,"gold_loss":0},{"damage_healed":0,"gold_gain":222,"player_choice":"Wore Mask","damage_taken":0,"max_hp_gain":0,"max_hp_loss":0,"event_name":"Tomb of Lord Red Mask","floor":37,"gold_loss":0},{"cards_removed":["Strike_R"],"damage_healed":0,"gold_gain":0,"player_choice":"Purged","damage_taken":0,"max_hp_gain":0,"max_hp_loss":0,"event_name":"Purifier","floor":38,"gold_loss":0},{"damage_healed":0,"gold_gain":0,"player_choice":"Fight","damage_taken":0,"max_hp_gain":0,"max_hp_loss":0,"event_name":"MindBloom","floor":47,"gold_loss":0}],"is_beta":false,"boss_relics":[{"not_picked":["Astrolabe","Lizard Tail"],"picked":"Ectoplasm"},{"not_picked":["Tiny House","Runic Pyramid"],"picked":"Coffee Dripper"}],"items_purged_floors":[8,22,44],"is_endless":false,"potions_floor_spawned":[1,10,11,16,19,21,30,31,33,35,47,48],"ascension_level":1}