{"gold_per_floor":[119,138,155,169,169,169,199,199,199,232,282,18,32,65,65,139,139,159,170,170,183,200,200,212,35,82,82,82,112,131,131],"floor_reached":31,"playtime":1492,"items_purged":["Strike_B","Strike_B"],"score":605,"play_id":"a95c208d-f096-48c6-acd7-d2be4910ce3b","local_time":"20190825123744","is_ascension_mode":true,"campfire_choices":[{"data":"Zap","floor":6,"key":"SMITH"},{"data":"Barrage","floor":8,"key":"SMITH"},{"data":"Defragment","floor":15,"key":"SMITH"},{"floor":23,"key":"REST"},{"floor":27,"key":"REST"}],"neow_cost":"NONE","seed_source_timestamp":94534151876218,"circlet_count":0,"master_deck":["AscendersBane","Defend_B","Defend_B","Defend_B","Defend_B","Zap+1","Dualcast","Barrage+1","Streamline","Echo Form","Conserve Battery","Cold Snap+1","Electrodynamics","Defragment+1","Compile Driver+1","Gash+1","Biased Cognition","Hologram","White Noise+1","Loop","Machine Learning","Storm","Chaos","Sunder+1","Creative AI"],"relics":["Cracked Core","Thread and Needle","Molten Egg 2","Pear","Potion Belt","Cables","Sozu","Dream Catcher","Boot"],"potions_floor_usage":[4,7,14,16,16],"damage_taken":[{"damage":1,"enemies":"2 Louse","floor":1,"turns":3},{"damage":10,"enemies":"Small Slimes","floor":2,"turns":4},{"damage":1,"enemies":"Cultist","floor":3,"turns":3},{"damage":4,"enemies":"Exordium Wildlife","floor":4,"turns":3},{"damage":5,"enemies":"3 Sentries","floor":7,"turns":7},{"damage":0,"enemies":"Lagavulin","floor":10,"turns":6},{"damage":0,"enemies":"Blue Slaver","floor":13,"turns":4},{"damage":0,"enemies":"3 Sentries","floor":14,"turns":5},{"damage":21,"enemies":"The Guardian","floor":16,"turns":7},{"damage":33,"enemies":"2 Thieves","floor":18,"turns":3},{"damage":2,"enemies":"3 Byrds","floor":19,"turns":3},{"damage":5,"enemies":"3 Cultists","floor":21,"turns":3},{"damage":15,"enemies":"Snake Plant","floor":22,"turns":3},{"damage":21,"enemies":"Centurion and Healer","floor":24,"turns":3},{"damage":40,"enemies":"Book of Stabbing","floor":29,"turns":5},{"damage":0,"enemies":"3 Cultists","floor":30,"turns":3},{"damage":13,"enemies":"Sentry and Sphere","floor":31,"turns":3}],"seed_played":"5345682581938592249","potions_obtained":[{"floor":2,"key":"Explosive Potion"},{"floor":3,"key":"EssenceOfSteel"},{"floor":10,"key":"FocusPotion"},{"floor":14,"key":"GamblersBrew"}],"is_trial":false,"path_per_floor":["M","M","M","M","?","R","E","R","T","E","?","$","M","E","R","B",null,"M","M","?","M","M","R","M","$","T","R","?","E","M","M"],"character_chosen":"DEFECT","items_purchased":["Defragment","Strength Potion","Strength Potion","Sunder+1"],"campfire_rested":2,"item_purchase_floors":[12,12,12,25],"current_hp_per_floor":[70,60,59,55,50,50,45,45,55,55,47,47,47,47,47,26,73,40,38,38,33,18,44,23,23,23,49,49,9,9,0],"gold":131,"neow_bonus":"TEN_PERCENT_HP_BONUS","is_prod":false,"is_daily":false,"chose_seed":false,"campfire_upgraded":3,"win_rate":0,"timestamp":1566761864,"path_taken":["M","M","M","M","?","R","E","R","T","E","?","$","M","E","R","BOSS","M","?","?","M","M","R","M","$","T","R","?","E","M","M"],"build_version":"2019-07-17","purchased_purges":2,"victory":false,"max_hp_per_floor":[78,78,78,78,78,78,78,78,88,88,88,88,88,88,88,88,88,88,88,88,88,88,88,88,88,88,88,88,88,88,88],"card_choices":[{"not_picked":["Beam Cell","Lockon"],"picked":"Barrage","floor":1},{"not_picked":["Tempest","Steam"],"picked":"Streamline","floor":2},{"not_picked":["White Noise","Redo"],"picked":"Echo Form","floor":3},{"not_picked":["Coolheaded","Recycle"],"picked":"Conserve Battery","floor":4},{"not_picked":["Consume","Beam Cell"],"picked":"Cold Snap","floor":7},{"not_picked":["Leap","Barrage+1"],"picked":"Electrodynamics","floor":10},{"not_picked":["BootSequence","Force Field"],"picked":"Compile Driver+1","floor":13},{"not_picked":["Auto Shields","Streamline+1"],"picked":"Gash+1","floor":14},{"not_picked":["Machine Learning","Buffer"],"picked":"Biased Cognition","floor":16},{"not_picked":["Steam","Streamline+1"],"picked":"Hologram","floor":18},{"not_picked":["Auto Shields","Genetic Algorithm"],"picked":"White Noise+1","floor":19},{"not_picked":["Cold Snap+1","Hologram"],"picked":"Storm","floor":21},{"not_picked":["Hello World","Barrage+1","Conserve Battery"],"picked":"SKIP","floor":22},{"not_picked":["Redo","Leap"],"picked":"Chaos","floor":24},{"not_picked":["Redo","Aggregate"],"picked":"Creative AI","floor":27},{"not_picked":["Leap","Scrape+1","BootSequence"],"picked":"SKIP","floor":29},{"not_picked":["Leap","Streamline+1","Conserve Battery"],"picked":"SKIP","floor":30}],"player_experience":719036,"relics_obtained":[{"floor":7,"key":"Molten Egg 2"},{"floor":9,"key":"Pear"},{"floor":10,"key":"Potion Belt"},{"floor":14,"key":"Cables"},{"floor":26,"key":"Dream Catcher"},{"floor":29,"key":"Boot"}],"event_choices":[{"damage_healed":0,"gold_gain":0,"player_choice":"Success","damage_taken":5,"relics_obtained":["Thread and Needle"],"max_hp_gain":0,"max_hp_loss":0,"event_name":"Scrap Ooze","floor":5,"gold_loss":0},{"damage_healed":0,"gold_gain":50,"player_choice":"Touch","damage_taken":8,"max_hp_gain":0,"max_hp_loss":0,"event_name":"FaceTrader","floor":11,"gold_loss":0},{"damage_healed":0,"gold_gain":0,"cards_transformed":["Strike_B","Strike_B"],"player_choice":"Became Test Subject","damage_taken":0,"max_hp_gain":0,"max_hp_loss":0,"event_name":"Drug Dealer","floor":20,"gold_loss":0,"cards_obtained":["Loop","Machine Learning"]},{"damage_healed":0,"gold_gain":0,"player_choice":"Ignored","damage_taken":0,"max_hp_gain":0,"max_hp_loss":0,"event_name":"Ghosts","floor":28,"gold_loss":0}],"is_beta":false,"boss_relics":[{"not_picked":["Orrery","White Beast Statue"],"picked":"Sozu"}],"items_purged_floors":[12,25],"is_endless":false,"potions_floor_spawned":[2,3,10,14,21,22],"killed_by":"Sentry and Sphere","ascension_level":17}