{"gold_per_floor":[115,133,32,32,32,60,60,70,70,98,110,110,110,29,29,100,100],"floor_reached":17,"playtime":273,"items_purged":[],"score":376,"play_id":"4b9225c5-8f24-4e67-bf68-dbd7223e915d","local_time":"20190826214905","is_ascension_mode":true,"campfire_choices":[{"data":"Whirlwind","floor":7,"key":"SMITH"},{"data":"Bash","floor":12,"key":"SMITH"},{"data":"Disarm","floor":15,"key":"SMITH"}],"neow_cost":"NONE","seed_source_timestamp":56326009515011,"circlet_count":0,"master_deck":["AscendersBane","Strike_R","Strike_R","Strike_R","Defend_R","Defend_R","Defend_R","Defend_R","Bash+1","Disarm+1","Clothesline","Shrug It Off","Shockwave","Whirlwind+1","Anger","Wild Strike","Spot Weakness","Reaper"],"relics":["Burning Blood","NeowsBlessing","Dodecahedron","Strawberry","Sundial"],"potions_floor_usage":[11],"damage_taken":[{"damage":0,"enemies":"2 Louse","floor":1,"turns":1},{"damage":0,"enemies":"Cultist","floor":2,"turns":1},{"damage":0,"enemies":"3 Sentries","floor":6,"turns":2},{"damage":0,"enemies":"Jaw Worm","floor":8,"turns":3},{"damage":29,"enemies":"Gremlin Nob","floor":10,"turns":4},{"damage":0,"enemies":"Exordium Thugs","floor":11,"turns":4},{"damage":41,"enemies":"The Guardian","floor":16,"turns":12}],"seed_played":"2025964739880046119","potions_obtained":[{"floor":8,"key":"FairyPotion"},{"floor":10,"key":"Poison Potion"},{"floor":16,"key":"Weak Potion"}],"is_trial":false,"path_per_floor":["M","M","$","?","$","E","R","M","T","E","M","R","?","$","R","B",null],"character_chosen":"IRONCLAD","items_purchased":["Shrug It Off","Shockwave","Spot Weakness"],"campfire_rested":0,"item_purchase_floors":[3,3,14],"current_hp_per_floor":[74,75,75,75,75,75,75,75,82,59,65,65,65,65,65,30,30],"gold":100,"neow_bonus":"THREE_ENEMY_KILL","is_prod":false,"is_daily":false,"chose_seed":false,"campfire_upgraded":3,"win_rate":0,"timestamp":1566881345,"path_taken":["M","M","$","?","?","E","R","?","T","E","M","R","?","?","R","BOSS"],"build_version":"2019-08-23","purchased_purges":0,"victory":false,"max_hp_per_floor":[75,75,75,75,75,75,75,75,82,82,82,82,82,82,82,82,82],"card_choices":[{"not_picked":["Sword Boomerang","Body Slam"],"picked":"Disarm","floor":1},{"not_picked":["Cleave","Inflame"],"picked":"Clothesline","floor":2},{"not_picked":["Burning Pact","Shrug It Off"],"picked":"Whirlwind","floor":6},{"not_picked":["Headbutt","Battle Trance"],"picked":"Anger","floor":8},{"not_picked":["Sword Boomerang","Juggernaut"],"picked":"Wild Strike","floor":10},{"not_picked":["Impervious","Double Tap"],"picked":"Reaper","floor":16}],"player_experience":1453219,"relics_obtained":[{"floor":6,"key":"Dodecahedron"},{"floor":9,"key":"Strawberry"},{"floor":10,"key":"Sundial"}],"event_choices":[{"cards_removed":["Strike_R"],"damage_healed":0,"gold_gain":0,"player_choice":"Purged","damage_taken":0,"max_hp_gain":0,"max_hp_loss":0,"event_name":"Purifier","floor":4,"gold_loss":0},{"cards_removed":["Strike_R"],"damage_healed":0,"gold_gain":0,"player_choice":"Offered Basic","damage_taken":0,"max_hp_gain":0,"max_hp_loss":0,"event_name":"Bonfire Elementals","floor":13,"gold_loss":0}],"is_beta":true,"boss_relics":[],"items_purged_floors":[],"is_endless":false,"potions_floor_spawned":[8,10,16],"ascension_level":20}