{"gold_per_floor":[118,138,152,102,117,151,169,169,169,169,183,213,230,248,248,353,353,366,378,378,397,407,434,434,434,434,434,447,447,447,465,465,564,564,575,151,171,71,171,171,182,182,209,228,238,238,238,238,238,238,238,238,25,55,55],"floor_reached":55,"playtime":5521,"items_purged":["Strike_G","Strike_G"],"score":703,"play_id":"5d2e61f4-036d-4e48-986b-2fda670cd03a","local_time":"20190706215146","is_ascension_mode":false,"campfire_choices":[{"floor":8,"key":"RECALL"},{"floor":15,"key":"REST"},{"data":"Tools of the Trade","floor":24,"key":"SMITH"},{"data":"Blur","floor":27,"key":"SMITH"},{"data":"Venomology","floor":29,"key":"SMITH"},{"data":"Backflip","floor":32,"key":"SMITH"},{"data":"PiercingWail","floor":40,"key":"SMITH"},{"data":"Dash","floor":42,"key":"SMITH"},{"data":"Madness","floor":49,"key":"SMITH"},{"data":"Madness","floor":52,"key":"SMITH"}],"neow_cost":"NONE","seed_source_timestamp":458073928374762,"circlet_count":0,"master_deck":["Strike_G","Defend_G","Defend_G","Defend_G","Defend_G","Defend_G","Survivor+1","Neutralize+1","Crippling Poison","Dagger Spray","Tools of the Trade+1","Backflip+1","Dagger Spray","Caltrops","Glass Knife","Poisoned Stab","Venomology+1","Footwork+1","Footwork+1","Dodge and Roll","Acrobatics+1","Tactician+1","Blur+1","Crippling Poison","PiercingWail+1","Burst","Dash+1","Noxious Fumes","Deadly Poison","Backflip+1","Deflect+1","Outmaneuver+1","Venomology","Acrobatics+1","Madness+1","Madness+1","Sadistic Nature","Footwork+1"],"relics":["Ring of the Snake","Lantern","Question Card","Sundial","Eternal Feather","Meat on the Bone","Potion Belt","Velvet Choker","Dodecahedron","The Specimen","Anchor"],"potions_floor_usage":[12,16,19,21,22,23,31,33,33,33,33,35,39,41,41,45,45,50,50,54,55,55,55,55,55,55,55],"damage_taken":[{"damage":0,"enemies":"Cultist","floor":1,"turns":4},{"damage":2,"enemies":"Jaw Worm","floor":2,"turns":5},{"damage":0,"enemies":"2 Louse","floor":3,"turns":2},{"damage":1,"enemies":"2 Fungi Beasts","floor":5,"turns":3},{"damage":11,"enemies":"Gremlin Nob","floor":6,"turns":4},{"damage":0,"enemies":"Large Slime","floor":7,"turns":4},{"damage":0,"enemies":"Lots of Slimes","floor":11,"turns":1},{"damage":11,"enemies":"3 Sentries","floor":12,"turns":9},{"damage":5,"enemies":"Red Slaver","floor":13,"turns":3},{"damage":0,"enemies":"Blue Slaver","floor":14,"turns":4},{"damage":25,"enemies":"Hexaghost","floor":16,"turns":11},{"damage":6,"enemies":"3 Byrds","floor":18,"turns":4},{"damage":8,"enemies":"Shell Parasite","floor":19,"turns":7},{"damage":0,"enemies":"Chosen and Byrds","floor":21,"turns":6},{"damage":15,"enemies":"Cultist and Chosen","floor":22,"turns":11},{"damage":13,"enemies":"Gremlin Leader","floor":23,"turns":8},{"damage":27,"enemies":"3 Cultists","floor":28,"turns":7},{"damage":7,"enemies":"Centurion and Healer","floor":31,"turns":11},{"damage":36,"enemies":"Collector","floor":33,"turns":25},{"damage":21,"enemies":"3 Shapes","floor":35,"turns":6},{"damage":2,"enemies":"Orb Walker","floor":37,"turns":6},{"damage":0,"enemies":"Mind Bloom Boss Battle","floor":39,"turns":9},{"damage":28,"enemies":"Writhing Mass","floor":41,"turns":6},{"damage":1,"enemies":"4 Shapes","floor":44,"turns":7},{"damage":16,"enemies":"Jaw Worm Horde","floor":45,"turns":5},{"damage":57,"enemies":"Awakened One","floor":50,"turns":23},{"damage":28,"enemies":"Shield and Spear","floor":54,"turns":9},{"damage":79,"enemies":"The Heart","floor":55,"turns":14}],"seed_played":"956180101236827638","potions_obtained":[{"floor":1,"key":"Block Potion"},{"floor":2,"key":"SkillPotion"},{"floor":11,"key":"Dexterity Potion"},{"floor":14,"key":"Poison Potion"},{"floor":16,"key":"EssenceOfSteel"},{"floor":18,"key":"Dexterity Potion"},{"floor":22,"key":"Dexterity Potion"},{"floor":31,"key":"EssenceOfSteel"},{"floor":35,"key":"SkillPotion"},{"floor":37,"key":"Strength Potion"},{"floor":54,"key":"Dexterity Potion"}],"is_trial":false,"path_per_floor":["M","M","M","?","M","E","M","R","T","?","M","E","M","M","R","B",null,"M","M","?","M","M","E","R","?","T","R","M","R","?","M","R","B",null,"M","$","M","$","?","R","M","R","T","M","M","?","?","?","R","B",null,"R","$","E","B"],"character_chosen":"THE_SILENT","items_purchased":["Noxious Fumes","Deadly Poison","Dodecahedron","Sadistic Nature","Weak Potion"],"campfire_rested":1,"item_purchase_floors":[36,36,36,53,53],"current_hp_per_floor":[77,75,75,75,74,63,63,63,63,48,48,37,32,32,55,30,77,71,63,49,49,34,21,36,36,36,51,36,51,92,85,92,56,92,71,71,69,69,69,87,59,77,77,76,60,48,48,48,69,24,92,92,92,64,0],"gold":55,"neow_bonus":"TEN_PERCENT_HP_BONUS","is_prod":false,"is_daily":false,"chose_seed":false,"campfire_upgraded":8,"win_rate":0,"timestamp":1562417506,"path_taken":["M","M","M","?","M","E","M","R","T","?","M","E","M","M","R","BOSS","M","M","?","M","M","E","R","?","T","R","M","R","?","?","R","BOSS","M","$","M","$","?","R","M","R","T","M","M","?","?","?","R","BOSS","R","$","E","BOSS"],"build_version":"2019-07-05","purchased_purges":2,"victory":false,"max_hp_per_floor":[77,77,77,77,77,77,77,77,77,77,77,77,77,77,77,77,77,77,77,82,82,82,82,82,82,82,82,82,82,92,92,92,92,92,92,92,92,92,92,92,92,92,92,92,92,92,92,92,92,92,92,92,92,92,92],"card_choices":[{"not_picked":["Accuracy","Backstab"],"picked":"Crippling Poison","floor":1},{"not_picked":["Dagger Throw","Sucker Punch","Slice"],"picked":"SKIP","floor":2},{"not_picked":["Poisoned Stab","Cloak And Dagger"],"picked":"Dagger Spray","floor":3},{"not_picked":["Dagger Spray","Distraction"],"picked":"Glass Knife","floor":5},{"not_picked":["Choke","Cloak And Dagger"],"picked":"Tools of the Trade","floor":6},{"not_picked":["Cloak And Dagger","Slice"],"picked":"Backflip","floor":7},{"not_picked":["Outmaneuver","Reflex","Acrobatics"],"picked":"Dagger Spray","floor":11},{"not_picked":["Cloak And Dagger","Reflex","Finisher"],"picked":"Caltrops","floor":12},{"not_picked":["Quick Slash","Dagger Throw","Choke"],"picked":"Glass Knife","floor":13},{"not_picked":["Cloak And Dagger","Blade Dance","Dagger Spray"],"picked":"Poisoned Stab","floor":14},{"not_picked":["Unload","A Thousand Cuts","Glass Knife"],"picked":"Venomology","floor":16},{"not_picked":["Acrobatics","Sucker Punch","Reflex+1"],"picked":"Footwork+1","floor":18},{"not_picked":["Underhanded Strike","Backflip","Skewer+1"],"picked":"Footwork+1","floor":19},{"not_picked":["Quick Slash+1","Finisher+1","Dagger Throw"],"picked":"Dodge and Roll","floor":21},{"not_picked":["Quick Slash+1","Distraction","Expertise"],"picked":"Acrobatics+1","floor":22},{"not_picked":["Flying Knee","Dagger Throw","Storm of Steel"],"picked":"Tactician+1","floor":23},{"not_picked":["Slice","Blade Dance+1","Cloak And Dagger+1"],"picked":"Crippling Poison","floor":28},{"not_picked":["Sucker Punch","Dodge and Roll+1","Heel Hook"],"picked":"PiercingWail","floor":31},{"not_picked":["Malaise","Storm of Steel","Doppelganger"],"picked":"Burst","floor":33},{"not_picked":["Slice","Sucker Punch","Backflip"],"picked":"Dash","floor":35},{"not_picked":["Underhanded Strike","Deflect+1","Sucker Punch"],"picked":"Backflip+1","floor":37},{"not_picked":["Blade Dance+1","Cloak And Dagger","Backstab+1"],"picked":"Deflect+1","floor":39},{"not_picked":["Cloak And Dagger","Accuracy+1","Flechettes"],"picked":"Outmaneuver+1","floor":41},{"not_picked":["Flying Knee","Blade Dance","Distraction"],"picked":"Venomology","floor":44},{"not_picked":["Slice","Deadly Poison","Sucker Punch+1"],"picked":"Acrobatics+1","floor":45},{"not_picked":["Dodge and Roll","PiercingWail+1","Outmaneuver"],"picked":"Footwork+1","floor":54}],"player_experience":60303,"relics_obtained":[{"floor":6,"key":"Lantern"},{"floor":9,"key":"Question Card"},{"floor":12,"key":"Sundial"},{"floor":23,"key":"Meat on the Bone"},{"floor":26,"key":"Potion Belt"},{"floor":39,"key":"The Specimen"},{"floor":54,"key":"Anchor"}],"event_choices":[{"cards_removed":["Strike_G"],"damage_healed":0,"gold_gain":0,"player_choice":"Card Removal","damage_taken":0,"max_hp_gain":0,"max_hp_loss":0,"event_name":"The Cleric","floor":4,"gold_loss":50},{"damage_healed":0,"gold_gain":0,"player_choice":"Entered Light","damage_taken":15,"max_hp_gain":0,"max_hp_loss":0,"event_name":"Shining Light","floor":10,"gold_loss":0,"cards_upgraded":["Survivor","Neutralize"]},{"damage_healed":0,"gold_gain":0,"player_choice":"Shed Blood","damage_taken":19,"max_hp_gain":5,"max_hp_loss":0,"event_name":"Forgotten Altar","floor":20,"gold_loss":0},{"damage_healed":0,"gold_gain":0,"player_choice":"Read","damage_taken":0,"max_hp_gain":0,"max_hp_loss":0,"event_name":"The Library","floor":25,"gold_loss":0,"cards_obtained":["Blur"]},{"cards_removed":["Glass Knife"],"damage_healed":31,"gold_gain":0,"player_choice":"Offered Rare","damage_taken":0,"max_hp_gain":10,"max_hp_loss":0,"event_name":"Bonfire Elementals","floor":30,"gold_loss":0},{"damage_healed":0,"gold_gain":0,"player_choice":"Fight","damage_taken":0,"max_hp_gain":0,"max_hp_loss":0,"event_name":"MindBloom","floor":39,"gold_loss":0},{"damage_healed":0,"gold_gain":0,"player_choice":"Embrace Madness","damage_taken":12,"max_hp_gain":0,"max_hp_loss":0,"event_name":"Winding Halls","floor":46,"gold_loss":0,"cards_obtained":["Madness","Madness"]},{"cards_removed":["Strike_G"],"damage_healed":0,"gold_gain":0,"player_choice":"Removed Attack","damage_taken":0,"max_hp_gain":0,"max_hp_loss":0,"event_name":"Falling","floor":47,"gold_loss":0},{"damage_healed":0,"gold_gain":0,"player_choice":"Ignored","damage_taken":0,"max_hp_gain":0,"max_hp_loss":0,"event_name":"Mysterious Sphere","floor":48,"gold_loss":0}],"is_beta":false,"boss_relics":[{"not_picked":["WristBlade","Snecko Eye"],"picked":"Eternal Feather"},{"not_picked":["Philosopher\u0027s Stone","Runic Pyramid"],"picked":"Velvet Choker"}],"items_purged_floors":[36,38],"is_endless":false,"potions_floor_spawned":[1,2,11,14,16,18,21,22,31,35,37,54],"killed_by":"The Heart","ascension_level":0}