{"gold_per_floor":[109,24,36,36,36,36,56,56,56,56,71,71,104,121,121,121],"floor_reached":16,"playtime":303,"items_purged":[],"score":200,"play_id":"db909196-1bac-4c77-b8d7-4f3ea9cbc0c6","local_time":"20181206233621","is_ascension_mode":true,"campfire_choices":[{"data":"Neutralize","floor":6,"key":"SMITH"},{"data":"Leg Sweep","floor":8,"key":"SMITH"},{"floor":15,"key":"REST"}],"neow_cost":"NONE","seed_source_timestamp":52591598585492,"circlet_count":0,"master_deck":["AscendersBane","Defend_G","Defend_G+1","Defend_G+1","Defend_G","Defend_G+1","Strike_G","Strike_G","Strike_G","Strike_G","Strike_G","Survivor","Neutralize+1","Dagger Spray+1","Footwork+1","Leg Sweep+1","All Out Attack","Crippling Poison","Deflect"],"relics":["Runic Pyramid","Question Card","War Paint"],"potions_floor_usage":[13,13],"damage_taken":[{"damage":11,"enemies":"Cultist","floor":1,"turns":4},{"damage":2,"enemies":"Small Slimes","floor":3,"turns":3},{"damage":0,"enemies":"2 Louse","floor":7,"turns":3},{"damage":0,"enemies":"Exordium Wildlife","floor":11,"turns":3},{"damage":13,"enemies":"Lagavulin","floor":13,"turns":10},{"damage":3,"enemies":"Large Slime","floor":14,"turns":7},{"damage":0,"enemies":"Slime Boss","floor":16,"turns":1}],"seed_played":"3807578803534760916","potions_obtained":[{"floor":1,"key":"SkillPotion"},{"floor":3,"key":"Regen Potion"}],"is_trial":false,"path_per_floor":["M","$","M","?","$","R","M","R","T","?","M","$","E","M","R","B"],"character_chosen":"THE_SILENT","items_purchased":["Footwork"],"campfire_rested":1,"item_purchase_floors":[2],"current_hp_per_floor":[48,48,46,26,26,26,26,26,26,26,26,26,28,25,44,44],"gold":121,"neow_bonus":"BOSS_RELIC","is_prod":false,"is_daily":false,"chose_seed":false,"campfire_upgraded":2,"win_rate":0,"timestamp":1544168181,"path_taken":["M","$","?","?","$","R","M","R","T","?","M","?","E","M","R","BOSS"],"build_version":"2018-12-06","purchased_purges":0,"victory":false,"max_hp_per_floor":[66,66,66,66,66,66,66,66,66,66,66,66,66,66,66,66],"card_choices":[{"not_picked":["Catalyst","Slice"],"picked":"Dagger Spray","floor":1},{"not_picked":["Dagger Throw","Crippling Poison"],"picked":"Leg Sweep","floor":3},{"not_picked":["Sucker Punch","Cloak And Dagger","Prepared"],"picked":"All Out Attack","floor":11},{"not_picked":["Setup","Prepared","Flechettes"],"picked":"Crippling Poison","floor":13},{"not_picked":["Flying Knee","Setup","PiercingWail"],"picked":"Deflect","floor":14}],"player_experience":978006,"relics_obtained":[{"floor":9,"key":"Question Card"},{"floor":13,"key":"War Paint"}],"event_choices":[{"damage_healed":0,"gold_gain":0,"player_choice":"Entered Light","damage_taken":20,"max_hp_gain":0,"max_hp_loss":0,"event_name":"Shining Light","floor":4,"gold_loss":0,"cards_upgraded":["Footwork","Defend_G"]},{"damage_healed":0,"gold_gain":0,"player_choice":"Grow","damage_taken":0,"max_hp_gain":0,"max_hp_loss":0,"event_name":"Living Wall","floor":10,"gold_loss":0,"cards_upgraded":["Dagger Spray"]}],"is_beta":true,"boss_relics":[],"items_purged_floors":[],"is_endless":false,"potions_floor_spawned":[1,3],"killed_by":"Slime Boss","ascension_level":20}