{"gold_per_floor":[115,115,65,65,84,84,102,57,104,138,263,263,297,382,382,485,485,500,517,567,617,41,41,57,92,116,116,189,216,236,263,263,360,360,372,442,492,249,266,296,346,381,405,431,321,338,368,388,388,388,388,388,154,181,181],"floor_reached":56,"playtime":2181,"items_purged":["Deadly Poison","Infinite Blades","Slice+1","Deflect+1"],"score":1824,"play_id":"1c64a1f5-999c-48a9-bdeb-399f27e57448","local_time":"20190826152622","daily_mods":["SealedDeck","Red Cards","Colorless Cards","DeadlyEvents","Elite Swarm","Lethality","Night Terrors","Terminal"],"is_ascension_mode":false,"campfire_choices":[{"data":"Cloak And Dagger","floor":6.0,"key":"SMITH"},{"data":"Envenom","floor":12.0,"key":"SMITH"},{"data":"Sadistic Nature","floor":15.0,"key":"SMITH"},{"data":"Flash of Steel","floor":23.0,"key":"SMITH"},{"data":"Tools of the Trade","floor":27.0,"key":"SMITH"},{"data":"Rage","floor":32.0,"key":"SMITH"},{"floor":49,"key":"RECALL"},{"data":"Evolve","floor":52,"key":"SMITH"}],"neow_cost":"","seed_source_timestamp":0,"circlet_count":0,"master_deck":["Cloak And Dagger+1","Dodge and Roll+1","Rage+1","Finesse+1","PiercingWail+1","Envenom+1","Tools of the Trade+1","Sadistic Nature+1","Flash of Steel+1","After Image+1","Cloak And Dagger+1","Finesse+1","Evolve+1"],"special_seed":0,"relics":["Ring of the Snake","SsserpentHead","Matryoshka","The Specimen","Bottled Tornado","The Courier","Calling Bell","Strawberry","Shuriken","Turnip","Kunai","Singing Bowl","Ninja Scroll","Meat on the Bone","Bronze Scales","Bottled Flame","Centennial Puzzle","Sundial","Regal Pillow","Empty Cage","Snake Skull","Happy Flower","Mark of the Bloom","Ancient Tea Set","Potion Belt","Anchor","Oddly Smooth Stone","Lantern","Blood Vial"],"potions_floor_usage":[55,55,55],"damage_taken":[{"damage":0.0,"enemies":"Jaw Worm","floor":1.0,"turns":1.0},{"damage":0.0,"enemies":"Small Slimes","floor":5.0,"turns":2.0},{"damage":0.0,"enemies":"2 Louse","floor":7.0,"turns":1.0},{"damage":3.0,"enemies":"Lagavulin","floor":10.0,"turns":4.0},{"damage":0.0,"enemies":"Gremlin Nob","floor":11.0,"turns":3.0},{"damage":0.0,"enemies":"Lagavulin","floor":13.0,"turns":4.0},{"damage":3.0,"enemies":"3 Sentries","floor":14.0,"turns":6.0},{"damage":0.0,"enemies":"Hexaghost","floor":16.0,"turns":5.0},{"damage":0.0,"enemies":"3 Byrds","floor":18.0,"turns":3.0},{"damage":0.0,"enemies":"Chosen","floor":19.0,"turns":3.0},{"damage":6.0,"enemies":"Centurion and Healer","floor":24.0,"turns":4.0},{"damage":13.0,"enemies":"Slavers","floor":25.0,"turns":4.0},{"damage":0.0,"enemies":"Gremlin Leader","floor":29.0,"turns":4.0},{"damage":0.0,"enemies":"Cultist and Chosen","floor":30.0,"turns":4.0},{"damage":0.0,"enemies":"Book of Stabbing","floor":31.0,"turns":3.0},{"damage":8.0,"enemies":"Automaton","floor":33.0,"turns":5.0},{"damage":0.0,"enemies":"3 Darklings","floor":35.0,"turns":3.0},{"damage":0.0,"enemies":"Orb Walker","floor":36.0,"turns":2.0},{"damage":0.0,"enemies":"4 Shapes","floor":39.0,"turns":3.0},{"damage":0.0,"enemies":"Giant Head","floor":40.0,"turns":5.0},{"damage":1,"enemies":"Nemesis","floor":42,"turns":5},{"damage":0,"enemies":"Giant Head","floor":44,"turns":5},{"damage":0,"enemies":"Sphere and 2 Shapes","floor":46,"turns":3},{"damage":0,"enemies":"Reptomancer","floor":47,"turns":5},{"damage":0,"enemies":"3 Darklings","floor":48,"turns":2},{"damage":0,"enemies":"Donu and Deca","floor":50,"turns":6},{"damage":0,"enemies":"Shield and Spear","floor":54,"turns":3},{"damage":0,"enemies":"The Heart","floor":55,"turns":5}],"seed_played":"-6083860319156623047","potions_obtained":[{"floor":5.0,"key":"Ancient Potion"},{"floor":7.0,"key":"GhostInAJar"},{"floor":13.0,"key":"Energy Potion"},{"floor":18.0,"key":"SkillPotion"},{"floor":46,"key":"Explosive Potion"},{"floor":47,"key":"Swift Potion"}],"is_trial":true,"path_per_floor":["M","?","?","?","M","R","M","$","T","E","E","R","E","E","R","B",null,"M","M","?","?","$","R","M","E","T","R","T","E","M","E","R","B",null,"M","M","?","$","M","E","?","E","T","E","$","M","E","M","R","B",null,"R","$","E","B",null],"character_chosen":"THE_SILENT","items_purchased":["PiercingWail","Kunai","Singing Bowl","Flash of Steel","PowerPotion","Snake Skull","Cloak And Dagger","Evolve","Lantern"],"campfire_rested":0,"item_purchase_floors":[8,22,22,22,22,38,38,45,53],"current_hp_per_floor":[68,67,66,65,64,63,62,61,60,57,57,57,56,53,53,53,59,58,57,48,48,48,48,44,33,33,33,33,33,35,37,37,31,57,58,59,58,57,56,57,56,55,55,55,55,55,55,55,55,55,55,55,54,54,54],"gold":181,"neow_bonus":"","is_prod":false,"is_daily":false,"chose_seed":false,"campfire_upgraded":7,"win_rate":0,"timestamp":1566804382,"path_taken":["M","?","?","?","M","R","M","$","T","E","?","R","E","?","R","BOSS","M","M","?","?","$","R","M","E","T","R","?","E","M","E","R","BOSS","M","?","?","$","M","E","?","E","T","E","?","M","E","M","R","BOSS","R","$","E","BOSS"],"build_version":"2019-07-17","purchased_purges":4,"victory":true,"max_hp_per_floor":[68,67,66,65,64,63,62,61,60,59,58,57,56,55,54,53,59,58,57,61,60,59,58,59,60,59,58,57,56,57,58,57,58,57,58,59,58,57,56,57,56,57,56,57,56,57,58,59,58,57,56,55,54,55,54],"card_choices":[{"not_picked":["Setup","Flying Knee","Clothesline"],"picked":"SKIP","floor":1.0},{"not_picked":["Accuracy","Riddle With Holes","Warcry"],"picked":"SKIP","floor":5.0},{"not_picked":["Accuracy","Riddle With Holes","Warcry"],"picked":"SKIP","floor":5.0},{"not_picked":["Accuracy","Riddle With Holes","Warcry"],"picked":"SKIP","floor":5.0},{"not_picked":["Underhanded Strike","Bane"],"picked":"Deadly Poison","floor":7.0},{"not_picked":["Offering","Doppelganger","Unload"],"picked":"SKIP","floor":10.0},{"not_picked":["Exhume","Master of Strategy"],"picked":"Envenom","floor":11.0},{"not_picked":["Fiend Fire","Demon Form"],"picked":"Tools of the Trade","floor":13.0},{"not_picked":["Thinking Ahead","HandOfGreed"],"picked":"Sadistic Nature","floor":14.0},{"not_picked":["Outmaneuver","Pommel Strike","Bloodletting+1"],"picked":"SKIP","floor":18.0},{"not_picked":["Seeing Red","Warcry","Disarm+1"],"picked":"SKIP","floor":19.0},{"not_picked":["Flying Knee","Heavy Blade","True Grit"],"picked":"Singing Bowl","floor":24.0},{"not_picked":["Feed","Unload","Malaise"],"picked":"Singing Bowl","floor":25.0},{"not_picked":["Bludgeon","Envenom"],"picked":"After Image","floor":29.0},{"not_picked":["Dodge and Roll","Reflex+1","Riddle With Holes"],"picked":"Singing Bowl","floor":30.0},{"not_picked":["Malaise","Limit Break","Fiend Fire"],"picked":"Singing Bowl","floor":31.0},{"not_picked":["Secret Technique","Limit Break","Offering"],"picked":"Singing Bowl","floor":33.0},{"not_picked":["Clash+1","Flying Knee","Sever Soul"],"picked":"Singing Bowl","floor":35.0},{"not_picked":["Shrug It Off","Predator","Warcry"],"picked":"Singing Bowl","floor":36.0},{"not_picked":["Bouncing Flask+1","Quick Slash+1"],"picked":"Finesse+1","floor":39.0},{"not_picked":["Reaper","Secret Technique","Bludgeon"],"picked":"Singing Bowl","floor":40.0},{"not_picked":["Offering","Grand Finale","Tools of the Trade"],"picked":"Singing Bowl","floor":42},{"not_picked":["Brutality","Storm of Steel","Magnetism"],"picked":"Singing Bowl","floor":44},{"not_picked":["Catalyst+1","Flex+1","Mind Blast"],"picked":"Singing Bowl","floor":46},{"not_picked":["Panache","Impervious","Unload"],"picked":"Singing Bowl","floor":47},{"not_picked":["Caltrops+1","Poisoned Stab","Pommel Strike+1"],"picked":"Singing Bowl","floor":48},{"not_picked":["Transmutation","Reaper","Bullet Time"],"picked":"Singing Bowl","floor":54}],"player_experience":880359,"relics_obtained":[{"floor":10.0,"key":"Matryoshka"},{"floor":11.0,"key":"The Specimen"},{"floor":13.0,"key":"Bottled Tornado"},{"floor":14.0,"key":"The Courier"},{"floor":17.0,"key":"Strawberry"},{"floor":17.0,"key":"Shuriken"},{"floor":17.0,"key":"Turnip"},{"floor":25.0,"key":"Ninja Scroll"},{"floor":26.0,"key":"Meat on the Bone"},{"floor":26.0,"key":"Bronze Scales"},{"floor":28.0,"key":"Bottled Flame"},{"floor":28.0,"key":"Centennial Puzzle"},{"floor":29.0,"key":"Sundial"},{"floor":31.0,"key":"Regal Pillow"},{"floor":40.0,"key":"Happy Flower"},{"floor":42,"key":"Ancient Tea Set"},{"floor":43,"key":"Potion Belt"},{"floor":44,"key":"Anchor"},{"floor":47,"key":"Oddly Smooth Stone"},{"floor":54,"key":"Blood Vial"}],"event_choices":[{"damage_healed":0.0,"max_hp_gain":0.0,"max_hp_loss":0.0,"gold_gain":0.0,"event_name":"Liars Game","player_choice":"Ignored","floor":2.0,"gold_loss":0.0,"damage_taken":0.0},{"cards_removed":["Endless Agony"],"damage_healed":0.0,"max_hp_gain":0.0,"max_hp_loss":0.0,"gold_gain":0.0,"event_name":"The Cleric","player_choice":"Card Removal","floor":3.0,"gold_loss":50.0,"damage_taken":0.0},{"damage_healed":0.0,"max_hp_gain":0.0,"max_hp_loss":0.0,"gold_gain":0.0,"event_name":"FaceTrader","player_choice":"Trade","floor":4.0,"gold_loss":0.0,"damage_taken":0.0,"relics_obtained":["SsserpentHead"]},{"damage_healed":0.0,"max_hp_gain":5.0,"max_hp_loss":0.0,"gold_gain":0.0,"event_name":"Forgotten Altar","player_choice":"Shed Blood","floor":20.0,"gold_loss":0.0,"damage_taken":14.0},{"damage_healed":0.0,"max_hp_gain":0.0,"max_hp_loss":0.0,"gold_gain":0.0,"event_name":"The Mausoleum","player_choice":"Ignored","floor":21.0,"gold_loss":0.0,"damage_taken":0.0},{"damage_healed":0.0,"max_hp_gain":0.0,"max_hp_loss":0.0,"gold_gain":0.0,"event_name":"Tomb of Lord Red Mask","player_choice":"Ignored","floor":37.0,"gold_loss":0.0,"damage_taken":0.0},{"damage_healed":0,"gold_gain":0,"player_choice":"Upgrade","damage_taken":0,"relics_obtained":["Mark of the Bloom"],"max_hp_gain":0,"max_hp_loss":0,"event_name":"MindBloom","floor":41,"gold_loss":0,"cards_upgraded":["Dodge and Roll","Finesse","Deflect","Slice","PiercingWail","After Image","Cloak And Dagger"]}],"is_beta":false,"boss_relics":[{"not_picked":["Cursed Key","Ectoplasm"],"picked":"Calling Bell"},{"not_picked":["Astrolabe","Tiny House"],"picked":"Empty Cage"}],"items_purged_floors":[22,38,45,53],"is_endless":false,"potions_floor_spawned":[5,7,13,18,19,35,36,46,47],"ascension_level":0}