{"gold_per_floor":[115,184,203,219,219,245,264,275,275,294,74,74,130,165,165,319,319,374,374,8,24,56,56,111,111,134,179,217,34,34,70,70,165,165,183,22,22,62,62,62,37,37],"floor_reached":42,"playtime":1815,"items_purged":["Strike_B"],"score":784,"play_id":"02283475-db19-46e6-a404-3de81f2cadcf","local_time":"20180716014722","daily_mods":["Binary"],"is_ascension_mode":true,"campfire_choices":[{"data":"Hello World","floor":12.0,"key":"SMITH"},{"data":"HandOfGreed","floor":15.0,"key":"SMITH"},{"floor":23.0,"key":"REST"},{"floor":25.0,"key":"REST"},{"floor":30,"key":"REST"},{"floor":32,"key":"REST"},{"data":"Defragment","floor":40,"key":"SMITH"}],"neow_cost":"","seed_source_timestamp":344676897357769,"circlet_count":0,"master_deck":["Strike_B","Strike_B","Strike_B","Defend_B","Defend_B","Defend_B","Defend_B","Zap","Dualcast","AscendersBane","Hello World+1","Compile Driver","HandOfGreed+1","Reinforced Body","Sweeping Beam","BootSequence","Clumsy","White Noise","Defragment+1","Reinforced Body","Electrodynamics","Madness","Madness","Ball Lightning"],"special_seed":0,"relics":["Cracked Core","Busted Crown","Meat on the Bone","Art of War","Bottled Lightning","Orichalcum","Cursed Key","Runic Capacitor","Bronze Scales","Centennial Puzzle","Ancient Tea Set","Inserter"],"potions_floor_usage":[28,33],"damage_taken":[{"damage":0.0,"enemies":"Cultist","floor":1.0,"turns":3.0},{"damage":0.0,"enemies":"Small Slimes","floor":3.0,"turns":2.0},{"damage":2.0,"enemies":"2 Louse","floor":4.0,"turns":3.0},{"damage":16.0,"enemies":"Lagavulin","floor":6.0,"turns":7.0},{"damage":0.0,"enemies":"Large Slime","floor":7.0,"turns":5.0},{"damage":7.0,"enemies":"Exordium Wildlife","floor":8.0,"turns":3.0},{"damage":7.0,"enemies":"Looter","floor":10.0,"turns":3.0},{"damage":10.0,"enemies":"Gremlin Gang","floor":13.0,"turns":5.0},{"damage":26.0,"enemies":"Gremlin Nob","floor":14.0,"turns":4.0},{"damage":22.0,"enemies":"Slime Boss","floor":16.0,"turns":14.0},{"damage":6.0,"enemies":"3 Byrds","floor":18.0,"turns":7.0},{"damage":14.0,"enemies":"Shell Parasite","floor":21.0,"turns":7.0},{"damage":17.0,"enemies":"3 Cultists","floor":22.0,"turns":6.0},{"damage":54.0,"enemies":"Gremlin Leader","floor":24.0,"turns":11.0},{"damage":35.0,"enemies":"Book of Stabbing","floor":27.0,"turns":6.0},{"damage":2,"enemies":"Chosen and Byrds","floor":28,"turns":5},{"damage":11,"enemies":"Centurion and Healer","floor":31,"turns":6},{"damage":62,"enemies":"Collector","floor":33,"turns":18},{"damage":1,"enemies":"Orb Walker","floor":35,"turns":3},{"damage":6,"enemies":"Flame Bruiser 1 Orb","floor":38,"turns":6},{"damage":63,"enemies":"Giant Head","floor":42,"turns":8}],"seed_played":"4411175014350084140","potions_obtained":[{"floor":4.0,"key":"EssenceOfSteel"},{"floor":5.0,"key":"Swift Potion"},{"floor":6.0,"key":"FearPotion"},{"floor":7.0,"key":"Swift Potion"},{"floor":10.0,"key":"Regen Potion"},{"floor":27.0,"key":"Poison Potion"},{"floor":31,"key":"EssenceOfSteel"},{"floor":33,"key":"SteroidPotion"},{"floor":35,"key":"Energy Potion"}],"is_trial":true,"path_per_floor":["M","T","M","M","?","E","M","M","T","M","$","R","M","E","R","B",null,"M","?","$","M","M","R","E","R","T","E","M","$","R","M","R","B",null,"M","$","?","M","$","R","$"],"character_chosen":"DEFECT","items_purchased":["Hello World","Compile Driver","HandOfGreed","Sweeping Beam","BootSequence","Runic Capacitor","White Noise","Defragment","Reinforced Body","Electrodynamics","Ball Lightning"],"campfire_rested":4,"item_purchase_floors":[11,11,11,20,20,20,29,29,29,36,41],"current_hp_per_floor":[64,64,64,62,62,46,46,39,39,44,44,44,46,32,32,37,63,57,57,57,43,38,59,17,38,38,15,25,25,46,47,68,18,58,57,57,44,45,45,45,45,0],"gold":37,"neow_bonus":"","is_prod":false,"is_daily":false,"chose_seed":false,"campfire_upgraded":3,"win_rate":0,"timestamp":1531730842,"path_taken":["M","?","M","?","?","E","M","M","T","M","$","R","M","E","R","BOSS","M","?","$","M","M","R","E","R","T","E","M","$","R","M","R","BOSS","M","$","?","?","?","R","$","E"],"build_version":"2018-07-13","purchased_purges":1,"victory":false,"max_hp_per_floor":[71,71,71,71,71,71,71,71,71,71,71,71,71,71,71,71,71,71,71,71,71,71,71,71,71,71,71,71,71,71,71,71,71,71,71,71,71,71,71,71,71,71],"card_choices":[],"player_experience":661930,"relics_obtained":[{"floor":2.0,"key":"Meat on the Bone"},{"floor":6.0,"key":"Art of War"},{"floor":9.0,"key":"Bottled Lightning"},{"floor":14.0,"key":"Orichalcum"},{"floor":24.0,"key":"Bronze Scales"},{"floor":26.0,"key":"Centennial Puzzle"},{"floor":27.0,"key":"Ancient Tea Set"}],"event_choices":[{"event_name":"The Lab","player_choice":"Got Potions","floor":5.0,"damage_taken":0.0},{"event_name":"Match and Keep!","player_choice":"1 cards matched","floor":19.0,"damage_taken":0.0},{"event_name":"Winding Halls","player_choice":"Embrace Madness","floor":37,"damage_taken":0}],"boss_relics":[{"not_picked":["Black Star","Calling Bell"],"picked":"Cursed Key"},{"not_picked":["Fusion Hammer","Orrery"],"picked":"Inserter"}],"items_purged_floors":[20],"is_endless":false,"potions_floor_spawned":[4,6,7,10,27,31,33,35],"killed_by":"Giant Head","ascension_level":15}