{"gold_per_floor":[117,117,117,141,156,156,194,194,194,194],"floor_reached":10,"playtime":250,"items_purged":[],"score":132,"play_id":"2572aa5d-17a5-419d-9368-be9a763cd031","local_time":"20190424225843","is_ascension_mode":true,"campfire_choices":[{"data":"Armaments","floor":6,"key":"SMITH"},{"data":"Bash","floor":8,"key":"SMITH"}],"neow_cost":"NONE","seed_source_timestamp":47346887000912,"circlet_count":0,"master_deck":["AscendersBane","Strike_R","Strike_R","Strike_R","Strike_R","Strike_R","Defend_R","Defend_R","Defend_R","Defend_R","Bash+1","Armaments+1","Clothesline","Clash"],"relics":["Burning Blood","NeowsBlessing","Golden Idol","Dodecahedron","Toxic Egg 2"],"potions_floor_usage":[10],"damage_taken":[{"damage":0,"enemies":"Jaw Worm","floor":1,"turns":1},{"damage":0,"enemies":"Small Slimes","floor":4,"turns":1},{"damage":0,"enemies":"Cultist","floor":5,"turns":1},{"damage":26,"enemies":"Lagavulin","floor":7,"turns":8},{"damage":52,"enemies":"3 Sentries","floor":10,"turns":10}],"seed_played":"3842036908425535416","potions_obtained":[{"floor":4,"key":"Ancient Potion"},{"floor":7,"key":"GamblersBrew"}],"is_trial":false,"path_per_floor":["M","?","?","M","M","R","E","R","T","E"],"character_chosen":"IRONCLAD","items_purchased":[],"campfire_rested":0,"item_purchase_floors":[],"current_hp_per_floor":[74,79,72,72,72,72,52,52,52,0],"gold":194,"neow_bonus":"THREE_ENEMY_KILL","is_prod":false,"is_daily":false,"chose_seed":false,"campfire_upgraded":2,"win_rate":0,"timestamp":1556171923,"path_taken":["M","?","?","M","M","R","E","R","T","E"],"build_version":"2019-04-04","purchased_purges":0,"victory":false,"max_hp_per_floor":[75,80,72,72,72,72,72,72,72,72],"card_choices":[{"not_picked":["Flex","Wild Strike"],"picked":"Armaments","floor":1},{"not_picked":["Heavy Blade","Wild Strike"],"picked":"Clothesline","floor":4},{"not_picked":["Burning Pact","Flex"],"picked":"Clash","floor":5}],"player_experience":1430146,"relics_obtained":[{"floor":7,"key":"Dodecahedron"},{"floor":9,"key":"Toxic Egg 2"}],"event_choices":[{"damage_healed":0,"gold_gain":0,"player_choice":"Donut","damage_taken":0,"max_hp_gain":5,"max_hp_loss":0,"event_name":"Big Fish","floor":2,"gold_loss":0},{"damage_healed":0,"gold_gain":0,"player_choice":"Lose Max HP","damage_taken":0,"relics_obtained":["Golden Idol"],"max_hp_gain":0,"max_hp_loss":8,"event_name":"Golden Idol","floor":3,"gold_loss":0}],"is_beta":true,"boss_relics":[],"items_purged_floors":[],"is_endless":false,"potions_floor_spawned":[4,7],"killed_by":"3 Sentries","ascension_level":20}