{"gold_per_floor":[114,126,1,1,20,52,52,52,52,85,97,97,108,108,108,182,182,193,46,46,44,63,63,63],"floor_reached":24,"playtime":905,"items_purged":["Defend_B"],"score":361,"play_id":"53ce9d79-4d4a-4150-90cc-abcb9d997cfc","local_time":"20180710231546","is_ascension_mode":true,"campfire_choices":[{"floor":7,"key":"REST"},{"floor":12,"key":"REST"},{"floor":15,"key":"REST"},{"floor":23,"key":"REST"}],"neow_cost":"NONE","seed_source_timestamp":192010750902379,"circlet_count":0,"master_deck":["Strike_B","Strike_B","Defend_B+1","Defend_B+1","Zap","Dualcast","AscendersBane","Cold Snap","Stack","Capacitor","Cold Snap","Leap","Cold Snap","Hello World","Barrage","Loop+1","Echo Form","Turbo+1","Creative AI+1","Meteor Strike+1","Defragment","Glacier","Defragment","Hologram"],"relics":["Fusion Hammer","Bottled Lightning","War Paint","DataDisk","Art of War","Astrolabe"],"potions_floor_usage":[],"damage_taken":[{"damage":9,"enemies":"2 Louse","floor":1,"turns":2},{"damage":2,"enemies":"Jaw Worm","floor":2,"turns":3},{"damage":0,"enemies":"Cultist","floor":5,"turns":4},{"damage":17,"enemies":"Lagavulin","floor":6,"turns":8},{"damage":28,"enemies":"Gremlin Nob","floor":10,"turns":5},{"damage":16,"enemies":"Exordium Wildlife","floor":11,"turns":5},{"damage":2,"enemies":"Looter","floor":13,"turns":3},{"damage":23,"enemies":"Hexaghost","floor":16,"turns":11},{"damage":5,"enemies":"3 Byrds","floor":18,"turns":7},{"damage":1,"enemies":"2 Thieves","floor":21,"turns":4},{"damage":26,"enemies":"Centurion and Healer","floor":22,"turns":7},{"damage":39,"enemies":"Slaver and Parasite","floor":24,"turns":3}],"seed_played":"-3074646738543424218","potions_obtained":[{"floor":2,"key":"Energy Potion"},{"floor":5,"key":"FearPotion"},{"floor":10,"key":"FocusPotion"}],"is_trial":false,"path_per_floor":["M","M","$","?","M","E","R","T","T","E","M","R","M","?","R","B",null,"M","$","?","M","M","R"],"character_chosen":"DEFECT","items_purchased":["Capacitor","Cold Snap","Glacier"],"campfire_rested":4,"item_purchase_floors":[3,3,19],"current_hp_per_floor":[55,53,53,58,58,41,63,63,63,35,19,41,39,39,61,38,67,62,62,40,39,13,37,0],"gold":63,"neow_bonus":"BOSS_RELIC","is_prod":false,"is_daily":false,"chose_seed":false,"campfire_upgraded":0,"win_rate":0,"timestamp":1531289746,"path_taken":["M","M","$","?","M","E","R","?","T","E","M","R","M","?","R","BOSS","M","$","?","M","M","R","M"],"build_version":"2018-07-09","purchased_purges":1,"victory":false,"max_hp_per_floor":[71,71,71,76,76,76,76,76,76,76,76,76,76,76,76,76,76,76,76,81,81,81,81,81],"card_choices":[{"not_picked":["BootSequence","Sweeping Beam"],"picked":"Cold Snap","floor":1},{"not_picked":["Go for the Eyes","Turbo"],"picked":"Stack","floor":2},{"not_picked":["Stack","Barrage"],"picked":"Leap","floor":5},{"not_picked":["Fission","FTL"],"picked":"Cold Snap","floor":6},{"not_picked":["Auto Shields","Gash"],"picked":"Hello World","floor":10},{"not_picked":["Chaos","Redo"],"picked":"Barrage","floor":11},{"not_picked":["Beam Cell","Sweeping Beam"],"picked":"Loop","floor":13},{"not_picked":["Reboot","Creative AI"],"picked":"Echo Form","floor":16},{"not_picked":["Hello World","Fusion"],"picked":"Defragment","floor":18},{"not_picked":["Undo","Stack"],"picked":"Defragment","floor":21},{"not_picked":["Genetic Algorithm","Double Energy"],"picked":"Hologram","floor":22}],"player_experience":573968,"relics_obtained":[{"floor":6,"key":"Bottled Lightning"},{"floor":8,"key":"War Paint"},{"floor":9,"key":"DataDisk"},{"floor":10,"key":"Art of War"}],"event_choices":[{"event_name":"Big Fish","player_choice":"Donut","floor":4,"damage_taken":0},{"event_name":"Upgrade Shrine","player_choice":"Upgraded","floor":14,"damage_taken":0},{"event_name":"Forgotten Altar","player_choice":"Shed Blood","floor":20,"damage_taken":0}],"boss_relics":[{"not_picked":["Velvet Choker","White Beast Statue"],"picked":"Astrolabe"}],"items_purged_floors":[19],"is_endless":false,"potions_floor_spawned":[2,5,10,13,18,21,22],"killed_by":"Slaver and Parasite","ascension_level":15}