{"gold_per_floor":[109,109,109,10,23,23,56,56,56,88,105,105,121,137,137,214,214,214,214,228,243,255,255,281,281,281,306,318,318,329,357,357,357],"floor_reached":33,"playtime":1230,"items_purged":[],"score":619,"play_id":"8cce7ddf-62bd-47bc-8dff-346ed4c5b924","local_time":"20190103140839","is_ascension_mode":true,"campfire_choices":[{"floor":6,"key":"REST"},{"data":"Footwork","floor":12,"key":"SMITH"},{"data":"Noxious Fumes","floor":15,"key":"SMITH"},{"data":"Eviscerate","floor":23,"key":"SMITH"},{"data":"Bane","floor":25,"key":"SMITH"},{"floor":29,"key":"REST"},{"data":"Footwork","floor":32,"key":"SMITH"}],"neow_cost":"NONE","seed_source_timestamp":41496774829223,"circlet_count":0,"master_deck":["AscendersBane","Defend_G","Defend_G","Defend_G","Defend_G","Strike_G","Strike_G","Strike_G+1","Survivor","Neutralize","A Thousand Cuts+1","Dash+1","Burst+1","Flying Knee+1","Noxious Fumes+1","Bane+1","Backflip","Masterful Stab","Leg Sweep","Footwork+1","Leg Sweep","PiercingWail","Burst","Leg Sweep","Leg Sweep","Eviscerate+1","Footwork+1","Dodge and Roll"],"relics":["Astrolabe","Letter Opener","Bag of Marbles","Happy Flower","Snecko Eye","Mango","Vajra","Red Mask","Orichalcum"],"potions_floor_usage":[10,18,21,24,30],"damage_taken":[{"damage":0,"enemies":"Jaw Worm","floor":1,"turns":7},{"damage":5,"enemies":"Small Slimes","floor":5,"turns":3},{"damage":29,"enemies":"Gremlin Nob","floor":7,"turns":5},{"damage":2,"enemies":"Lagavulin","floor":10,"turns":5},{"damage":0,"enemies":"2 Louse","floor":11,"turns":2},{"damage":0,"enemies":"Blue Slaver","floor":13,"turns":3},{"damage":1,"enemies":"Looter","floor":14,"turns":3},{"damage":1,"enemies":"Hexaghost","floor":16,"turns":9},{"damage":0,"enemies":"3 Byrds","floor":18,"turns":1},{"damage":0,"enemies":"Shell Parasite","floor":20,"turns":6},{"damage":8,"enemies":"3 Cultists","floor":21,"turns":6},{"damage":2,"enemies":"Snecko","floor":22,"turns":6},{"damage":20,"enemies":"Book of Stabbing","floor":24,"turns":7},{"damage":0,"enemies":"Masked Bandits","floor":27,"turns":3},{"damage":8,"enemies":"Snake Plant","floor":28,"turns":6},{"damage":1,"enemies":"Chosen and Byrds","floor":30,"turns":8},{"damage":1,"enemies":"Gremlin Leader","floor":31,"turns":9},{"damage":0,"enemies":"Collector","floor":33,"turns":2}],"seed_played":"4470378166311735607","potions_obtained":[{"floor":5,"key":"SmokeBomb"},{"floor":7,"key":"Weak Potion"},{"floor":13,"key":"AttackPotion"},{"floor":21,"key":"FearPotion"},{"floor":27,"key":"Poison Potion"},{"floor":28,"key":"Energy Potion"},{"floor":30,"key":"Fire Potion"}],"is_trial":false,"path_per_floor":["M","?","?","$","M","R","E","?","T","E","M","R","M","M","R","B",null,"M","?","M","M","M","R","E","R","T","?","M","R","M","E","R","B"],"character_chosen":"THE_SILENT","items_purchased":["Noxious Fumes","Bane"],"campfire_rested":2,"item_purchase_floors":[4,4],"current_hp_per_floor":[59,39,28,28,23,42,13,13,13,11,11,11,11,10,10,9,52,52,52,52,44,42,42,36,36,36,36,28,52,51,50,50,50],"gold":357,"neow_bonus":"BOSS_RELIC","is_prod":false,"is_daily":false,"chose_seed":false,"campfire_upgraded":5,"win_rate":0,"timestamp":1546553319,"path_taken":["M","?","?","$","M","R","E","?","T","E","M","R","M","M","R","BOSS","M","?","M","M","M","R","E","R","T","?","M","R","M","E","R","BOSS"],"build_version":"2019-01-02","purchased_purges":0,"victory":false,"max_hp_per_floor":[66,66,66,66,66,66,66,66,66,66,66,66,66,66,66,66,66,66,66,66,66,66,66,80,80,80,80,80,80,80,80,80,80],"card_choices":[{"not_picked":["Flechettes","Underhanded Strike"],"picked":"Flying Knee","floor":1},{"not_picked":["Accuracy","Sucker Punch"],"picked":"Backflip","floor":5},{"not_picked":["Flechettes","Accuracy"],"picked":"Masterful Stab","floor":7},{"not_picked":["Noxious Fumes","Concentrate"],"picked":"Leg Sweep","floor":10},{"not_picked":["Outmaneuver","Expertise"],"picked":"Footwork","floor":11},{"not_picked":["Flying Knee","Deadly Poison"],"picked":"Leg Sweep","floor":13},{"not_picked":["Quick Slash","Blade Dance"],"picked":"PiercingWail","floor":14},{"not_picked":["Tools of the Trade","Envenom"],"picked":"Burst","floor":16},{"not_picked":["Caltrops","Endless Agony"],"picked":"Leg Sweep","floor":21},{"not_picked":["Quick Slash+1","Underhanded Strike"],"picked":"Eviscerate","floor":22},{"not_picked":["Catalyst+1","Sucker Punch"],"picked":"Footwork","floor":27},{"not_picked":["Well Laid Plans","Quick Slash+1"],"picked":"Dodge and Roll","floor":28}],"player_experience":999016,"relics_obtained":[{"floor":7,"key":"Bag of Marbles"},{"floor":10,"key":"Happy Flower"},{"floor":24,"key":"Mango"},{"floor":26,"key":"Vajra"},{"floor":27,"key":"Red Mask"},{"floor":31,"key":"Orichalcum"}],"event_choices":[{"damage_healed":0,"gold_gain":0,"player_choice":"Entered Light","damage_taken":20,"max_hp_gain":0,"max_hp_loss":0,"event_name":"Shining Light","floor":2,"gold_loss":0,"cards_upgraded":["Strike_G","Flying Knee"]},{"damage_healed":0,"gold_gain":0,"player_choice":"Success","damage_taken":11,"relics_obtained":["Letter Opener"],"max_hp_gain":0,"max_hp_loss":0,"event_name":"Scrap Ooze","floor":3,"gold_loss":0},{"damage_healed":0,"gold_gain":0,"player_choice":"Ignored","damage_taken":0,"max_hp_gain":0,"max_hp_loss":0,"event_name":"Liars Game","floor":8,"gold_loss":0},{"damage_healed":0,"gold_gain":0,"player_choice":"Read","damage_taken":0,"max_hp_gain":0,"max_hp_loss":0,"event_name":"The Library","floor":19,"gold_loss":0,"cards_obtained":["Leg Sweep"]},{"damage_healed":0,"gold_gain":0,"player_choice":"Fought Bandits","damage_taken":0,"max_hp_gain":0,"max_hp_loss":0,"event_name":"Masked Bandits","floor":27,"gold_loss":0}],"is_beta":true,"boss_relics":[{"not_picked":["Busted Crown","Velvet Choker"],"picked":"Snecko Eye"}],"items_purged_floors":[],"is_endless":false,"potions_floor_spawned":[5,7,13,18,21,27,28,30],"killed_by":"Collector","ascension_level":20}