{"gold_per_floor":[112,132,143,93,108,108,135,149,149,168,197,372,372,383,383,482,482,498,527,540,560,87,87,122,136,136,136,147,157,87,99,99,201,201,220,68,88,103,121,121,132,132,132,132,158,158,158,9,9,9,9,9,9,40,40],"floor_reached":55,"playtime":2858,"items_purged":["Strike_R"],"score":833,"play_id":"777c1aa9-7851-498b-b7ab-961dc98be9a4","local_time":"20190706182336","is_ascension_mode":false,"campfire_choices":[{"data":"Body Slam","floor":6,"key":"SMITH"},{"floor":13,"key":"REST"},{"data":"Armaments","floor":15,"key":"SMITH"},{"floor":23,"key":"RECALL"},{"floor":32,"key":"REST"},{"data":"Entrench","floor":40,"key":"SMITH"},{"data":"Offering","floor":42,"key":"SMITH"},{"data":"Shrug It Off","floor":46,"key":"SMITH"},{"data":"Body Slam","floor":49,"key":"SMITH"},{"data":"Flame Barrier","floor":52,"key":"SMITH"}],"neow_cost":"NONE","seed_source_timestamp":448240351901711,"circlet_count":0,"master_deck":["Strike_R","Strike_R","Defend_R","Defend_R","Defend_R","Evolve","Cleave","Whirlwind","Twin Strike","Body Slam+1","Demon Form","Shrug It Off","Armaments+1","Doubt","Offering+1","Flame Barrier+1","Body Slam+1","Seeing Red+1","Master of Strategy","Shrug It Off+1","Demon Form","Impervious","Pummel","Doubt","Shrug It Off+1","Shrug It Off+1","Flame Barrier","Entrench+1","Reaper","Body Slam+1","Parasite","Shrug It Off","Injury","Doubt","Writhe","Fiend Fire","Rage+1"],"relics":["Burning Blood","Red Skull","Du-Vu Doll","Cursed Key","Red Mask","DollysMirror","Matryoshka","Ancient Tea Set","Letter Opener","Empty Cage","Bronze Scales","Sundial","Paper Frog","Mercury Hourglass","FossilizedHelix"],"potions_floor_usage":[7,16,20,28,33,50,50],"damage_taken":[{"damage":6,"enemies":"2 Louse","floor":1,"turns":4},{"damage":5,"enemies":"Jaw Worm","floor":2,"turns":6},{"damage":3,"enemies":"Small Slimes","floor":3,"turns":3},{"damage":11,"enemies":"Blue Slaver","floor":5,"turns":4},{"damage":84,"enemies":"Lagavulin","floor":7,"turns":10},{"damage":6,"enemies":"Exordium Wildlife","floor":8,"turns":3},{"damage":1,"enemies":"3 Louse","floor":10,"turns":2},{"damage":14,"enemies":"Gremlin Nob","floor":11,"turns":3},{"damage":8,"enemies":"Large Slime","floor":14,"turns":4},{"damage":22,"enemies":"The Guardian","floor":16,"turns":10},{"damage":36,"enemies":"2 Thieves","floor":18,"turns":3},{"damage":6,"enemies":"Masked Bandits","floor":19,"turns":2},{"damage":5,"enemies":"Chosen","floor":20,"turns":4},{"damage":19,"enemies":"Shelled Parasite and Fungi","floor":21,"turns":5},{"damage":34,"enemies":"Slavers","floor":24,"turns":4},{"damage":0,"enemies":"Snake Plant","floor":25,"turns":2},{"damage":10,"enemies":"Snecko","floor":28,"turns":3},{"damage":0,"enemies":"Cultist and Chosen","floor":29,"turns":2},{"damage":7,"enemies":"3 Cultists","floor":31,"turns":3},{"damage":33,"enemies":"Collector","floor":33,"turns":8},{"damage":6,"enemies":"3 Darklings","floor":35,"turns":4},{"damage":11,"enemies":"Orb Walker","floor":37,"turns":3},{"damage":0,"enemies":"Jaw Worm Horde","floor":38,"turns":4},{"damage":51,"enemies":"Transient","floor":39,"turns":5},{"damage":1,"enemies":"Writhing Mass","floor":41,"turns":6},{"damage":44,"enemies":"Reptomancer","floor":45,"turns":5},{"damage":86,"enemies":"Donu and Deca","floor":50,"turns":9},{"damage":22,"enemies":"Shield and Spear","floor":54,"turns":4},{"damage":67,"enemies":"The Heart","floor":55,"turns":3}],"seed_played":"-6301330550859630613","potions_obtained":[{"floor":1,"key":"PowerPotion"},{"floor":3,"key":"FairyPotion"},{"floor":7,"key":"Dexterity Potion"},{"floor":16,"key":"Weak Potion"},{"floor":18,"key":"Energy Potion"},{"floor":19,"key":"Regen Potion"},{"floor":25,"key":"EssenceOfSteel"},{"floor":33,"key":"FairyPotion"},{"floor":39,"key":"Ancient Potion"},{"floor":45,"key":"PowerPotion"},{"floor":54,"key":"Fire Potion"}],"is_trial":false,"path_per_floor":["M","M","M","?","M","R","E","M","T","M","E","?","R","M","R","B",null,"M","?","M","M","$","R","E","M","T","?","M","M","$","M","R","B",null,"M","$","M","M","M","R","M","R","T","?","E","R","?","$","R","B",null,"R","$","E","B"],"character_chosen":"IRONCLAD","items_purchased":["Master of Strategy","Shrug It Off","DollysMirror","Flame Barrier","Bronze Scales","Fiend Fire"],"campfire_rested":2,"item_purchase_floors":[22,22,22,30,36,48],"current_hp_per_floor":[80,80,80,80,75,75,14,14,14,19,11,11,35,33,33,17,80,50,50,63,50,50,50,22,28,28,28,24,30,30,29,53,26,80,80,80,75,80,35,35,40,40,40,80,54,54,74,74,74,14,80,80,80,64,0],"gold":40,"neow_bonus":"TRANSFORM_CARD","is_prod":false,"is_daily":false,"chose_seed":false,"campfire_upgraded":7,"win_rate":0,"timestamp":1562405016,"path_taken":["M","M","M","?","M","R","E","M","T","M","E","?","R","M","R","BOSS","M","?","M","M","$","R","E","M","T","?","M","?","$","M","R","BOSS","M","$","M","M","M","R","M","R","T","?","E","R","?","$","R","BOSS","R","$","E","BOSS"],"build_version":"2019-07-05","purchased_purges":1,"victory":false,"max_hp_per_floor":[80,80,80,80,80,80,80,80,80,80,80,80,80,80,80,80,80,80,80,80,80,80,80,80,80,80,80,80,80,80,80,80,80,80,80,80,80,80,80,80,80,80,80,80,80,80,80,80,80,80,80,80,80,80,80],"card_choices":[{"not_picked":["Reckless Charge","Feel No Pain"],"picked":"Cleave","floor":1},{"not_picked":["Armaments","Hemokinesis"],"picked":"Whirlwind","floor":2},{"not_picked":["Heavy Blade","Armaments"],"picked":"Twin Strike","floor":3},{"not_picked":["Twin Strike","Armaments"],"picked":"Body Slam","floor":5},{"not_picked":["Headbutt","Thunderclap","Pummel"],"picked":"SKIP","floor":7},{"not_picked":["Ghostly Armor","Body Slam"],"picked":"Demon Form","floor":8},{"not_picked":["Sword Boomerang","Iron Wave"],"picked":"Shrug It Off","floor":10},{"not_picked":["Pommel Strike","Clothesline"],"picked":"Armaments","floor":11},{"not_picked":["Rampage","Warcry","Pommel Strike"],"picked":"SKIP","floor":14},{"not_picked":["Fiend Fire","Impervious"],"picked":"Offering","floor":16},{"not_picked":["Second Wind","Warcry+1"],"picked":"Flame Barrier","floor":18},{"not_picked":["Iron Wave+1","Wild Strike+1"],"picked":"Body Slam+1","floor":19},{"not_picked":["Clash","Whirlwind","Wild Strike"],"picked":"SKIP","floor":20},{"not_picked":["Clash+1","Power Through"],"picked":"Seeing Red+1","floor":21},{"not_picked":["Flex+1","Uppercut"],"picked":"Impervious","floor":24},{"not_picked":["Twin Strike","Anger"],"picked":"Pummel","floor":25},{"not_picked":["Warcry+1","Sever Soul"],"picked":"Shrug It Off+1","floor":28},{"not_picked":["Perfected Strike","Corruption+1"],"picked":"Shrug It Off+1","floor":29},{"not_picked":["Wild Strike","Rage"],"picked":"Entrench","floor":31},{"not_picked":["Berserk","Bludgeon"],"picked":"Reaper","floor":33},{"not_picked":["Reckless Charge+1","Iron Wave+1"],"picked":"Body Slam","floor":35},{"not_picked":["Sever Soul+1","Spot Weakness","Heavy Blade+1"],"picked":"SKIP","floor":37},{"not_picked":["Flex","Heavy Blade+1","Thunderclap"],"picked":"SKIP","floor":38},{"not_picked":["Flex","Iron Wave+1","Reckless Charge"],"picked":"SKIP","floor":39},{"not_picked":["Uppercut+1","Fire Breathing"],"picked":"Shrug It Off","floor":41},{"not_picked":["Armaments+1","Cleave+1","Twin Strike+1"],"picked":"SKIP","floor":45},{"not_picked":["Headbutt+1","Inflame+1"],"picked":"Rage+1","floor":54}],"player_experience":57445,"relics_obtained":[{"floor":7,"key":"Red Skull"},{"floor":11,"key":"Du-Vu Doll"},{"floor":19,"key":"Red Mask"},{"floor":24,"key":"Matryoshka"},{"floor":26,"key":"Ancient Tea Set"},{"floor":26,"key":"Letter Opener"},{"floor":43,"key":"Sundial"},{"floor":43,"key":"Paper Frog"},{"floor":45,"key":"Mercury Hourglass"},{"floor":54,"key":"FossilizedHelix"}],"event_choices":[{"cards_removed":["Strike_R"],"damage_healed":0,"gold_gain":0,"player_choice":"Card Removal","damage_taken":0,"max_hp_gain":0,"max_hp_loss":0,"event_name":"The Cleric","floor":4,"gold_loss":50},{"damage_healed":0,"gold_gain":175,"player_choice":"AGREE","damage_taken":0,"max_hp_gain":0,"max_hp_loss":0,"event_name":"Liars Game","floor":12,"gold_loss":0,"cards_obtained":["Doubt"]},{"damage_healed":0,"gold_gain":0,"player_choice":"Fought Bandits","damage_taken":0,"max_hp_gain":0,"max_hp_loss":0,"event_name":"Masked Bandits","floor":19,"gold_loss":0},{"damage_healed":0,"gold_gain":0,"player_choice":"Ignored","damage_taken":0,"max_hp_gain":0,"max_hp_loss":0,"event_name":"Cursed Tome","floor":27,"gold_loss":0},{"damage_healed":40,"gold_gain":0,"player_choice":"Heal","damage_taken":0,"max_hp_gain":0,"max_hp_loss":0,"event_name":"MindBloom","floor":44,"gold_loss":0,"cards_obtained":["Doubt"]},{"damage_healed":20,"gold_gain":0,"player_choice":"Writhe","damage_taken":0,"max_hp_gain":0,"max_hp_loss":0,"event_name":"Winding Halls","floor":47,"gold_loss":0,"cards_obtained":["Writhe"]}],"is_beta":false,"boss_relics":[{"not_picked":["Velvet Choker","Busted Crown"],"picked":"Cursed Key"},{"not_picked":["White Beast Statue","Sozu"],"picked":"Empty Cage"}],"items_purged_floors":[22],"is_endless":false,"potions_floor_spawned":[1,3,7,16,18,19,25,33,39,45,54],"killed_by":"The Heart","ascension_level":0}