{"gold_per_floor":[118,132,57,57,57,57,86,86,86,102,102,102,122,197,197,300,300,310,325,225,324,324,358,368,283,283,300,300,300,323,323,323,426,426,444,319,329,345,195,212,224,278,278,304,304,304,129,160,160,160],"floor_reached":51,"playtime":1432,"items_purged":["Setup","Flying Knee","Decay","Infinite Blades","Neutralize+1"],"score":1021,"play_id":"65063995-e8ee-4c32-a4ea-328b180d89be","local_time":"20190825003045","is_ascension_mode":false,"campfire_choices":[{"data":"Neutralize","floor":6.0,"key":"SMITH"},{"data":"Grand Finale","floor":11.0,"key":"SMITH"},{"data":"Reflex","floor":15.0,"key":"SMITH"},{"floor":29.0,"key":"REST"},{"data":"Adrenaline","floor":32.0,"key":"SMITH"},{"floor":46,"key":"DIG"},{"floor":49,"key":"DIG"}],"neow_cost":"NONE","seed_source_timestamp":10732519586409,"circlet_count":0,"master_deck":["Survivor","Tactician","Grand Finale+1","Adrenaline+1","Tools of the Trade","Dagger Throw","Escape Plan","Reflex+1"],"special_seed":0,"relics":["Pandora\u0027s Box","Potion Belt","Mercury Hourglass","Black Star","Incense Burner","Prayer Wheel","Shuriken","Kunai","Strawberry","Meat on the Bone","HoveringKite","Shovel","Tough Bandages","Happy Flower","Pocketwatch","Calipers","Molten Egg 2","Paper Crane"],"potions_floor_usage":[42,42,42,42],"damage_taken":[{"damage":2.0,"enemies":"Small Slimes","floor":1.0,"turns":3.0},{"damage":0.0,"enemies":"Jaw Worm","floor":2.0,"turns":3.0},{"damage":0.0,"enemies":"Lagavulin","floor":7.0,"turns":3.0},{"damage":0.0,"enemies":"2 Louse","floor":10.0,"turns":2.0},{"damage":0.0,"enemies":"2 Fungi Beasts","floor":13.0,"turns":2.0},{"damage":0.0,"enemies":"The Guardian","floor":16.0,"turns":2.0},{"damage":0.0,"enemies":"Shell Parasite","floor":18.0,"turns":3.0},{"damage":9.0,"enemies":"2 Thieves","floor":19.0,"turns":2.0},{"damage":27.0,"enemies":"Slavers","floor":23.0,"turns":2.0},{"damage":0.0,"enemies":"3 Cultists","floor":24.0,"turns":1.0},{"damage":9.0,"enemies":"Snake Plant","floor":27.0,"turns":2.0},{"damage":2.0,"enemies":"Collector","floor":33.0,"turns":2.0},{"damage":0.0,"enemies":"3 Shapes","floor":35.0,"turns":2.0},{"damage":24.0,"enemies":"Orb Walker","floor":37.0,"turns":6.0},{"damage":0.0,"enemies":"4 Shapes","floor":38.0,"turns":1.0},{"damage":0,"enemies":"3 Darklings","floor":40,"turns":2},{"damage":7,"enemies":"Transient","floor":41,"turns":5},{"damage":2,"enemies":"2 Orb Walkers","floor":42,"turns":4},{"damage":0,"enemies":"Giant Head","floor":44,"turns":1},{"damage":0,"enemies":"Nemesis","floor":48,"turns":1},{"damage":0,"enemies":"Donu and Deca","floor":50,"turns":1}],"seed_played":"175","potions_obtained":[{"floor":1.0,"key":"Energy Potion"},{"floor":7.0,"key":"Swift Potion"},{"floor":13.0,"key":"Fire Potion"},{"floor":23.0,"key":"GhostInAJar"},{"floor":24.0,"key":"SpeedPotion"},{"floor":27.0,"key":"Weak Potion"},{"floor":33.0,"key":"EntropicBrew"},{"floor":37.0,"key":"GhostInAJar"},{"floor":44,"key":"Explosive Potion"}],"is_trial":false,"path_per_floor":["M","M","$","?","?","R","E","$","T","M","R","T","M","?","R","B",null,"M","M","$","?","?","E","M","?","T","M","?","R","T","T","R","B",null,"M","$","M","M","$","M","M","?","T","E","?","R","$","E","R","B",null],"character_chosen":"THE_SILENT","items_purchased":[],"campfire_rested":1,"item_purchase_floors":[],"current_hp_per_floor":[68,68,68,73,73,73,73,73,73,73,73,73,73,62,62,62,75,75,66,66,66,66,39,39,39,39,30,16,40,47,47,47,45,87,87,87,63,63,63,63,56,54,54,54,54,54,54,54,54,54],"gold":160,"neow_bonus":"BOSS_RELIC","is_prod":false,"is_daily":false,"chose_seed":false,"campfire_upgraded":4,"win_rate":0,"timestamp":1566718245,"path_taken":["M","M","$","?","?","R","E","$","T","M","R","?","M","?","R","BOSS","M","M","$","?","?","E","?","?","T","M","?","R","?","?","R","BOSS","M","$","M","M","$","M","M","?","T","E","?","R","$","E","R","BOSS"],"build_version":"2019-08-23","purchased_purges":5,"victory":true,"max_hp_per_floor":[70,70,70,75,75,75,75,75,75,75,75,75,75,75,75,75,75,75,75,75,75,75,75,75,75,75,75,80,80,87,87,87,87,87,87,87,87,87,87,87,87,87,87,87,83,83,83,83,83,83],"card_choices":[{"not_picked":["Blade Dance","Dodge and Roll","Corpse Explosion"],"picked":"SKIP","floor":7.0},{"not_picked":["Sucker Punch","Well Laid Plans"],"picked":"Reflex","floor":13.0},{"not_picked":["Underhanded Strike","Deflect","Tactician"],"picked":"SKIP","floor":18.0},{"not_picked":["Bane","Dodge and Roll","Poisoned Stab+1"],"picked":"SKIP","floor":19.0},{"not_picked":["Setup","Tactician+1","Predator"],"picked":"SKIP","floor":23.0},{"not_picked":["Riddle With Holes+1","Flying Knee","Terror"],"picked":"SKIP","floor":24.0},{"not_picked":["Outmaneuver","Poisoned Stab+1","Quick Slash+1"],"picked":"SKIP","floor":24.0},{"not_picked":["Acrobatics","Cloak And Dagger","Blade Dance"],"picked":"SKIP","floor":27.0},{"not_picked":["Dash","Setup+1","Cloak And Dagger"],"picked":"SKIP","floor":27.0},{"not_picked":["Poisoned Stab+1","Sucker Punch","Underhanded Strike+1"],"picked":"SKIP","floor":35.0},{"not_picked":["Distraction","Footwork+1","Backflip"],"picked":"SKIP","floor":35.0},{"not_picked":["Blade Dance+1","Phantasmal Killer","Sucker Punch"],"picked":"SKIP","floor":37.0},{"not_picked":["Bouncing Flask+1","Flying Knee","Blade Dance"],"picked":"SKIP","floor":37.0},{"not_picked":["Cloak And Dagger+1","Backflip+1","Flechettes"],"picked":"SKIP","floor":38.0},{"not_picked":["Backflip+1","Slice+1","Tactician+1"],"picked":"SKIP","floor":38.0},{"not_picked":["Backstab","Dodge and Roll","Skewer+1"],"picked":"SKIP","floor":40},{"not_picked":["Burst","Dagger Spray","Dodge and Roll+1"],"picked":"SKIP","floor":40},{"not_picked":["Riddle With Holes+1","Dodge and Roll","Deflect+1"],"picked":"SKIP","floor":41},{"not_picked":["PiercingWail","Endless Agony+1","Quick Slash"],"picked":"SKIP","floor":41},{"not_picked":["Eviscerate","All Out Attack+1","Underhanded Strike"],"picked":"SKIP","floor":44},{"not_picked":["Calculated Gamble","All Out Attack+1","Dagger Spray"],"picked":"SKIP","floor":48}],"player_experience":1431211,"relics_obtained":[{"floor":7.0,"key":"Potion Belt"},{"floor":9.0,"key":"Mercury Hourglass"},{"floor":23.0,"key":"Incense Burner"},{"floor":23.0,"key":"Prayer Wheel"},{"floor":26.0,"key":"Kunai"},{"floor":30.0,"key":"Strawberry"},{"floor":31.0,"key":"Meat on the Bone"},{"floor":42,"key":"Shovel"},{"floor":43,"key":"Tough Bandages"},{"floor":44,"key":"Happy Flower"},{"floor":46,"key":"Pocketwatch"},{"floor":48,"key":"Calipers"},{"floor":48,"key":"Molten Egg 2"},{"floor":49,"key":"Paper Crane"}],"event_choices":[{"damage_healed":0.0,"max_hp_gain":5.0,"max_hp_loss":0.0,"gold_gain":0.0,"event_name":"Big Fish","player_choice":"Donut","floor":4.0,"gold_loss":0.0,"damage_taken":0.0},{"cards_removed":["Flechettes"],"damage_healed":0.0,"max_hp_gain":0.0,"max_hp_loss":0.0,"gold_gain":0.0,"event_name":"Living Wall","player_choice":"Forget","floor":5.0,"gold_loss":0.0,"damage_taken":0.0},{"damage_healed":0.0,"max_hp_gain":0.0,"max_hp_loss":0.0,"gold_gain":75.0,"event_name":"World of Goop","player_choice":"Gather Gold","floor":14.0,"gold_loss":0.0,"damage_taken":11.0},{"damage_healed":0.0,"max_hp_gain":0.0,"max_hp_loss":0.0,"gold_gain":99.0,"event_name":"Nest","player_choice":"Stole From Cult","floor":21.0,"gold_loss":0.0,"damage_taken":0.0},{"damage_healed":0.0,"max_hp_gain":0.0,"max_hp_loss":0.0,"gold_gain":0.0,"event_name":"Wheel of Change","player_choice":"Cursed","floor":22.0,"gold_loss":0.0,"damage_taken":0.0,"cards_obtained":["Decay"]},{"damage_healed":0.0,"max_hp_gain":0.0,"max_hp_loss":0.0,"gold_gain":0.0,"event_name":"Addict","player_choice":"Obtained Relic","floor":25.0,"gold_loss":85.0,"damage_taken":0.0,"relics_obtained":["Shuriken"]},{"damage_healed":0.0,"max_hp_gain":5.0,"max_hp_loss":0.0,"gold_gain":0.0,"event_name":"Forgotten Altar","player_choice":"Shed Blood","floor":28.0,"gold_loss":0.0,"damage_taken":19.0},{"damage_healed":0,"gold_gain":0,"player_choice":"Fight","damage_taken":0,"max_hp_gain":0,"max_hp_loss":0,"event_name":"Mysterious Sphere","floor":42,"gold_loss":0},{"damage_healed":0,"gold_gain":0,"player_choice":"Max HP","damage_taken":0,"max_hp_gain":0,"max_hp_loss":4,"event_name":"Winding Halls","floor":45,"gold_loss":0}],"is_beta":true,"boss_relics":[{"not_picked":["Eternal Feather","Tiny House"],"picked":"Black Star"},{"not_picked":["Philosopher\u0027s Stone","Lizard Tail"],"picked":"HoveringKite"}],"items_purged_floors":[3,20,36,39,47],"is_endless":false,"potions_floor_spawned":[1,7,13,23,24,27,33,37,38,44],"ascension_level":0}