{"gold_per_floor":[113,113,4,18,30,30,57,57,57,57,57,57,57,75,75,146,146,157,12,27,27,0,0,27,27,27,47,47],"floor_reached":28,"playtime":650,"items_purged":["Sentinel"],"score":410,"play_id":"b3793e0c-153b-4d52-9a27-5e4dd8444a3b","local_time":"20180703163343","is_ascension_mode":true,"campfire_choices":[{"data":"Rampage","floor":6.0,"key":"SMITH"},{"floor":8.0,"key":"REST"},{"floor":11,"key":"REST"},{"data":"Inflame","floor":13,"key":"SMITH"},{"floor":15,"key":"REST"},{"floor":23,"key":"REST"}],"neow_cost":"","seed_source_timestamp":68381223884129,"circlet_count":0,"master_deck":["Strike_R","Strike_R","Strike_R","Strike_R","Defend_R","Defend_R","Bash+1","AscendersBane","Inflame+1","Rampage+1","Pommel Strike+1","Double Tap","True Grit+1","Uppercut"],"special_seed":0,"relics":["Empty Cage","Bottled Flame","Regal Pillow","Snecko Eye","Vajra","Art of War","Nilry\u0027s Codex","Paper Frog"],"potions_floor_usage":[16,20,20,24],"damage_taken":[{"damage":7.0,"enemies":"Jaw Worm","floor":1.0,"turns":3.0},{"damage":6.0,"enemies":"Cultist","floor":4.0,"turns":3.0},{"damage":17.0,"enemies":"2 Louse","floor":5.0,"turns":3.0},{"damage":35.0,"enemies":"Lagavulin","floor":7.0,"turns":6.0},{"damage":10,"enemies":"2 Fungi Beasts","floor":14,"turns":3},{"damage":33,"enemies":"Slime Boss","floor":16,"turns":10},{"damage":10,"enemies":"3 Byrds","floor":18,"turns":4},{"damage":11,"enemies":"2 Thieves","floor":20,"turns":2},{"damage":22,"enemies":"Gremlin Leader","floor":24,"turns":5},{"damage":26,"enemies":"Sentry and Sphere","floor":27,"turns":5},{"damage":0,"enemies":"Snake Plant","floor":28,"turns":1}],"seed_played":"-3403586980850959284","potions_obtained":[{"floor":1.0,"key":"PowerPotion"},{"floor":5.0,"key":"GamblersBrew"},{"floor":16,"key":"GamblersBrew"},{"floor":18,"key":"Fire Potion"},{"floor":21,"key":"EssenceOfSteel"},{"floor":21,"key":"Fire Potion"},{"floor":24,"key":"LiquidBronze"}],"is_trial":false,"path_per_floor":["M","?","$","M","M","R","E","R","T","?","R","?","R","M","R","B",null,"M","$","M","?","?","R","E","?","T","M"],"character_chosen":"IRONCLAD","items_purchased":["Inflame","Vajra"],"campfire_rested":4,"item_purchase_floors":[],"current_hp_per_floor":[61,61,61,55,38,38,3,25,25,25,62,62,62,52,75,42,67,57,57,46,46,46,75,53,32,32,6,6],"gold":47,"neow_bonus":"","is_prod":false,"is_daily":false,"chose_seed":false,"campfire_upgraded":2,"win_rate":0,"timestamp":1530660823,"path_taken":["M","?","$","M","M","R","E","R","T","?","R","?","R","M","R","BOSS","M","$","?","?","?","R","E","?","T","M","?"],"build_version":"2018-07-02","purchased_purges":1,"victory":false,"max_hp_per_floor":[75,75,75,75,75,75,75,75,75,75,75,75,75,75,75,75,75,75,75,75,75,75,75,75,75,75,75,75],"card_choices":[{"not_picked":["Twin Strike","Evolve"],"picked":"Rampage","floor":4.0},{"not_picked":["Wild Strike","Rage"],"picked":"Pommel Strike","floor":5.0},{"not_picked":["Cleave","Carnage","Infernal Blade"],"picked":"SKIP","floor":7.0},{"not_picked":["Demon Form","Fiend Fire"],"picked":"Double Tap","floor":16},{"not_picked":["Wild Strike","Perfected Strike"],"picked":"True Grit+1","floor":20},{"not_picked":["Sever Soul","Cleave"],"picked":"Uppercut","floor":27}],"player_experience":474362,"relics_obtained":[{"floor":7.0,"key":"Bottled Flame"},{"floor":9.0,"key":"Regal Pillow"},{"floor":24,"key":"Art of War"},{"floor":25,"key":"Nilry\u0027s Codex"},{"floor":26,"key":"Paper Frog"}],"event_choices":[{"event_name":"Transmorgrifier","player_choice":"Transform","floor":2.0,"damage_taken":0.0},{"event_name":"Accursed Blacksmith","player_choice":"Forge","floor":10,"damage_taken":0},{"event_name":"Upgrade Shrine","player_choice":"Upgraded","floor":12,"damage_taken":0},{"event_name":"The Lab","player_choice":"Got Potions","floor":21,"damage_taken":0},{"event_name":"Masked Bandits","player_choice":"Paid Bandits 27 gold","floor":22,"damage_taken":0},{"event_name":"Cursed Tome","player_choice":"Obtained Book","floor":25,"damage_taken":0}],"boss_relics":[{"not_picked":["Orrery","Runic Cube"],"picked":"Snecko Eye"}],"items_purged_floors":[],"is_endless":false,"potions_floor_spawned":[1,5,16,18,24],"killed_by":"Snake Plant","ascension_level":15}