{"gold_per_floor":[114,125,125,75,89,89,120,131,131,8,20,20,36,56,56,161,211,197,213,313,330,350,350,360,360,360,373,373,373,373,231,231,327,327,346,746,746,746,759,759,759,759],"floor_reached":42,"playtime":1986,"items_purged":["Strike_R"],"score":475,"play_id":"85a2e8f5-8c31-43f5-8ec8-b1ebfc463cd9","local_time":"20190113133918","is_ascension_mode":false,"campfire_choices":[{"data":"Searing Blow","floor":6.0,"key":"SMITH"},{"floor":15.0,"key":"REST"},{"floor":23.0,"key":"REST"},{"data":"Searing Blow+1","floor":25.0,"key":"SMITH"},{"floor":29.0,"key":"REST"},{"data":"Armaments","floor":32.0,"key":"SMITH"},{"data":"Demon Form","floor":41.0,"key":"SMITH"}],"neow_cost":"NONE","seed_source_timestamp":0,"circlet_count":0,"master_deck":["Strike_R","Strike_R+1","Strike_R","Defend_R","Defend_R","Defend_R+1","Bash","Finesse","Searing Blow+2","Battle Trance","Armaments+1","Pommel Strike+1","Limit Break","Ghostly Armor+1","Demon Form+1","Reaper","Rage","Panache","Writhe"],"special_seed":0,"relics":["Burning Blood","Letter Opener","StoneCalendar","Turnip","Self Forming Clay","Tiny House","Pear","Whetstone","Black Star","Old Coin"],"potions_floor_usage":[42,42,42],"damage_taken":[{"damage":0.0,"enemies":"2 Louse","floor":1.0,"turns":3.0},{"damage":3.0,"enemies":"Jaw Worm","floor":2.0,"turns":6.0},{"damage":18.0,"enemies":"Cultist","floor":5.0,"turns":5.0},{"damage":33.0,"enemies":"3 Sentries","floor":7.0,"turns":11.0},{"damage":4.0,"enemies":"Gremlin Gang","floor":8.0,"turns":7.0},{"damage":10.0,"enemies":"3 Louse","floor":11.0,"turns":4.0},{"damage":4.0,"enemies":"Exordium Wildlife","floor":13.0,"turns":6.0},{"damage":8.0,"enemies":"2 Fungi Beasts","floor":14.0,"turns":5.0},{"damage":4.0,"enemies":"Slime Boss","floor":16.0,"turns":7.0},{"damage":17.0,"enemies":"2 Thieves","floor":18.0,"turns":4.0},{"damage":15.0,"enemies":"Shell Parasite","floor":19.0,"turns":7.0},{"damage":15.0,"enemies":"Sentry and Sphere","floor":21.0,"turns":7.0},{"damage":25.0,"enemies":"Centurion and Healer","floor":22.0,"turns":8.0},{"damage":20.0,"enemies":"Shelled Parasite and Fungi","floor":24.0,"turns":7.0},{"damage":49.0,"enemies":"Cultist and Chosen","floor":27.0,"turns":8.0},{"damage":54.0,"enemies":"Collector","floor":33.0,"turns":9.0},{"damage":55.0,"enemies":"3 Darklings","floor":35.0,"turns":7.0},{"damage":18.0,"enemies":"Mind Bloom Boss Battle","floor":36.0,"turns":7.0},{"damage":34.0,"enemies":"3 Shapes","floor":39.0,"turns":7.0},{"damage":149,"enemies":"Giant Head","floor":42,"turns":9}],"seed_played":"191025618053418222","potions_obtained":[{"floor":1.0,"key":"Swift Potion"},{"floor":11.0,"key":"SteroidPotion"},{"floor":13.0,"key":"Energy Potion"},{"floor":16.0,"key":"Poison Potion"},{"floor":17.0,"key":"EntropicBrew"},{"floor":18.0,"key":"GamblersBrew"},{"floor":22.0,"key":"Regen Potion"},{"floor":36.0,"key":"BloodPotion"},{"floor":39.0,"key":"Regen Potion"}],"is_trial":false,"path_per_floor":["M","M","?","?","M","R","E","M","T","$","M","T","M","M","R","B",null,"M","M","?","M","M","R","M","R","T","M","?","R","T","$","R","B",null,"M","?","?","?","M","?","R","E"],"character_chosen":"IRONCLAD","items_purchased":["Armaments","Demon Form"],"campfire_rested":3,"item_purchase_floors":[10,31],"current_hp_per_floor":[80,80,73,73,61,61,34,36,36,36,32,32,34,32,56,58,85,74,65,65,56,37,62,48,48,58,15,15,43,43,43,43,10,95,66,54,54,54,37,61,61,0],"gold":759,"neow_bonus":"RANDOM_COLORLESS","is_prod":false,"is_daily":false,"chose_seed":false,"campfire_upgraded":4,"win_rate":0.0,"timestamp":1547404758,"path_taken":["M","M","?","?","M","R","E","M","T","$","M","?","M","?","R","BOSS","M","M","?","?","?","R","M","R","T","M","?","R","?","$","R","BOSS","M","?","?","?","M","?","R","E"],"build_version":"2019-01-10","purchased_purges":1,"victory":false,"max_hp_per_floor":[80,80,80,80,80,80,80,80,80,80,80,80,80,80,80,80,85,85,85,85,85,85,85,85,85,95,95,95,95,95,95,95,95,95,95,95,95,95,95,95,95,95],"card_choices":[{"not_picked":["Whirlwind","Wild Strike","Heavy Blade"],"picked":"SKIP","floor":1.0},{"not_picked":["Whirlwind","Disarm"],"picked":"Searing Blow","floor":2.0},{"not_picked":["Carnage","Perfected Strike","Cleave"],"picked":"SKIP","floor":5.0},{"not_picked":["Thunderclap","Headbutt"],"picked":"Battle Trance","floor":7.0},{"not_picked":["Anger","Heavy Blade","Perfected Strike"],"picked":"SKIP","floor":8.0},{"not_picked":["Offering","Perfected Strike"],"picked":"Pommel Strike","floor":11.0},{"not_picked":["Clothesline","Disarm","Bloodletting"],"picked":"SKIP","floor":13.0},{"not_picked":["Rage","Headbutt","Pommel Strike"],"picked":"SKIP","floor":14.0},{"not_picked":["Impervious","Fiend Fire"],"picked":"Limit Break","floor":16.0},{"not_picked":["Clothesline","Dual Wield","Reckless Charge"],"picked":"SKIP","floor":18.0},{"not_picked":["Pummel","Rampage+1"],"picked":"Ghostly Armor+1","floor":19.0},{"not_picked":["Seeing Red+1","Corruption+1","Feel No Pain"],"picked":"SKIP","floor":21.0},{"not_picked":["Thunderclap+1","Clothesline","Dark Embrace"],"picked":"SKIP","floor":22.0},{"not_picked":["Twin Strike","Perfected Strike","Hemokinesis"],"picked":"SKIP","floor":24.0},{"not_picked":["Perfected Strike","Anger","Entrench"],"picked":"SKIP","floor":27.0},{"not_picked":["Fiend Fire","Barricade"],"picked":"Reaper","floor":33.0},{"not_picked":["Sword Boomerang+1","Pommel Strike+1","Evolve+1"],"picked":"SKIP","floor":35.0},{"not_picked":["Flex","Thunderclap"],"picked":"Rage","floor":36.0},{"not_picked":["HandOfGreed","Deep Breath"],"picked":"Panache","floor":38.0},{"not_picked":["Body Slam+1","Clothesline+1","Armaments"],"picked":"SKIP","floor":39.0}],"player_experience":25627,"relics_obtained":[{"floor":7.0,"key":"StoneCalendar"},{"floor":9.0,"key":"Turnip"},{"floor":12.0,"key":"Self Forming Clay"},{"floor":26.0,"key":"Pear"},{"floor":30.0,"key":"Whetstone"},{"floor":36.0,"key":"Old Coin"}],"event_choices":[{"damage_healed":0.0,"max_hp_gain":0.0,"max_hp_loss":0.0,"gold_gain":0.0,"event_name":"Scrap Ooze","player_choice":"Success","floor":3.0,"gold_loss":0.0,"damage_taken":7.0,"relics_obtained":["Letter Opener"]},{"cards_removed":["Strike_R"],"damage_healed":0.0,"max_hp_gain":0.0,"max_hp_loss":0.0,"gold_gain":0.0,"event_name":"The Cleric","player_choice":"Card Removal","floor":4.0,"gold_loss":50.0,"damage_taken":0.0},{"damage_healed":0.0,"max_hp_gain":0.0,"max_hp_loss":0.0,"gold_gain":100.0,"event_name":"Golden Shrine","player_choice":"Pray","floor":20.0,"gold_loss":0.0,"damage_taken":0.0},{"cards_removed":["Defend_R"],"damage_healed":0.0,"max_hp_gain":0.0,"max_hp_loss":0.0,"gold_gain":0.0,"event_name":"Back to Basics","player_choice":"Elegance","floor":28.0,"gold_loss":0.0,"damage_taken":0.0},{"damage_healed":0.0,"max_hp_gain":0.0,"max_hp_loss":0.0,"gold_gain":0.0,"event_name":"MindBloom","player_choice":"Fight","floor":36.0,"gold_loss":0.0,"damage_taken":0.0},{"damage_healed":0.0,"max_hp_gain":0.0,"max_hp_loss":0.0,"gold_gain":0.0,"event_name":"Mysterious Sphere","player_choice":"Ignored","floor":37.0,"gold_loss":0.0,"damage_taken":0.0},{"damage_healed":0.0,"max_hp_gain":0.0,"max_hp_loss":0.0,"gold_gain":0.0,"event_name":"SensoryStone","player_choice":"Memory 1","floor":38.0,"gold_loss":0.0,"damage_taken":0.0},{"damage_healed":24.0,"max_hp_gain":0.0,"max_hp_loss":0.0,"gold_gain":0.0,"event_name":"Winding Halls","player_choice":"Writhe","floor":40.0,"gold_loss":0.0,"damage_taken":0.0,"cards_obtained":["Writhe"]}],"is_beta":false,"boss_relics":[{"not_picked":["Cursed Key","Busted Crown"],"picked":"Tiny House"},{"not_picked":["Fusion Hammer","Philosopher\u0027s Stone"],"picked":"Black Star"}],"items_purged_floors":[10],"is_endless":false,"potions_floor_spawned":[1,11,13,16,18,19,22,24,36,39],"killed_by":"Giant Head","ascension_level":0}