{"gold_per_floor":[112,62,135,135,146,181,192,192,216,216,231,249,277,297,297,297],"floor_reached":16,"playtime":1342,"items_purged":[],"score":137,"play_id":"7718fca8-86b7-4c94-a870-cdfbb04c6726","local_time":"20190524205002","is_ascension_mode":false,"campfire_choices":[{"data":"Neutralize","floor":8,"key":"SMITH"},{"data":"Backflip","floor":10,"key":"SMITH"},{"floor":15,"key":"REST"}],"neow_cost":"NONE","seed_source_timestamp":776453753070920,"circlet_count":0,"master_deck":["Strike_G","Strike_G","Strike_G","Strike_G","Defend_G","Defend_G","Defend_G","Defend_G","Survivor","Neutralize+1","PiercingWail","Blur","Backflip+1","Backstab","Expertise","Footwork","Backflip"],"relics":["Ring of the Snake","NeowsBlessing","Mummified Hand","Happy Flower","Boot","Juzu Bracelet"],"potions_floor_usage":[13,16,16],"damage_taken":[{"damage":0,"enemies":"Jaw Worm","floor":1,"turns":1},{"damage":0,"enemies":"Small Slimes","floor":5,"turns":1},{"damage":0,"enemies":"Lagavulin","floor":6,"turns":1},{"damage":1,"enemies":"Cultist","floor":7,"turns":4},{"damage":2,"enemies":"Exordium Thugs","floor":11,"turns":7},{"damage":3,"enemies":"Large Slime","floor":12,"turns":7},{"damage":10,"enemies":"3 Sentries","floor":13,"turns":11},{"damage":2,"enemies":"Blue Slaver","floor":14,"turns":4},{"damage":66,"enemies":"Hexaghost","floor":16,"turns":18}],"seed_played":"377698832390704459","potions_obtained":[{"floor":6,"key":"Explosive Potion"},{"floor":7,"key":"SteroidPotion"},{"floor":11,"key":"Swift Potion"},{"floor":13,"key":"GhostInAJar"}],"is_trial":false,"path_per_floor":["M","?","T","?","M","E","M","R","T","R","M","M","E","M","R","B"],"character_chosen":"THE_SILENT","items_purchased":[],"campfire_rested":1,"item_purchase_floors":[],"current_hp_per_floor":[70,70,70,63,63,63,62,62,62,62,60,57,47,45,66,0],"gold":297,"neow_bonus":"THREE_ENEMY_KILL","is_prod":false,"is_daily":false,"chose_seed":false,"campfire_upgraded":2,"win_rate":0.0,"timestamp":1558745402,"path_taken":["M","?","?","?","M","E","?","R","T","R","M","?","E","M","R","BOSS"],"build_version":"2019-05-24v2","purchased_purges":0,"victory":false,"max_hp_per_floor":[70,70,70,70,70,70,70,70,70,70,70,70,70,70,70,70],"card_choices":[{"not_picked":["Dash","Flying Knee"],"picked":"PiercingWail","floor":1},{"not_picked":["Flechettes","Quick Slash","Eviscerate"],"picked":"SKIP","floor":5},{"not_picked":["Bouncing Flask","Masterful Stab"],"picked":"Blur","floor":6},{"not_picked":["Quick Slash","Deadly Poison"],"picked":"Backflip","floor":7},{"not_picked":["Flying Knee","Underhanded Strike"],"picked":"Backstab","floor":11},{"not_picked":["Deflect","Dagger Throw"],"picked":"Expertise","floor":12},{"not_picked":["Dodge and Roll","Dagger Throw"],"picked":"Footwork","floor":13},{"not_picked":["Outmaneuver","Terror"],"picked":"Backflip","floor":14}],"player_experience":3893,"relics_obtained":[{"floor":3,"key":"Mummified Hand"},{"floor":6,"key":"Happy Flower"},{"floor":9,"key":"Boot"},{"floor":13,"key":"Juzu Bracelet"}],"event_choices":[{"cards_removed":["Strike_G"],"damage_healed":0,"gold_gain":0,"player_choice":"Card Removal","damage_taken":0,"max_hp_gain":0,"max_hp_loss":0,"event_name":"The Cleric","floor":2,"gold_loss":50},{"cards_removed":["Defend_G"],"damage_healed":0,"gold_gain":0,"player_choice":"Card Removal","damage_taken":7,"max_hp_gain":0,"max_hp_loss":0,"event_name":"Golden Wing","floor":4,"gold_loss":0}],"is_beta":true,"boss_relics":[],"items_purged_floors":[],"is_endless":false,"potions_floor_spawned":[6,7,11,13],"killed_by":"Hexaghost","ascension_level":0}