{"gold_per_floor":[112,112,131,131,147,147,165,165,192,203,203,264,264,314,314,438,438,451,501,551,234,252,252,270,336,336,236,303,315,315],"floor_reached":30,"playtime":1253,"items_purged":["Injury","Strike_R"],"score":224,"play_id":"270a0e3a-50c7-48a9-87a5-1fff86f4ccf4","local_time":"20190113125930","is_ascension_mode":false,"campfire_choices":[{"data":"Shrug It Off","floor":6.0,"key":"SMITH"},{"data":"Flame Barrier","floor":11.0,"key":"SMITH"},{"data":"Rage","floor":15.0,"key":"SMITH"},{"data":"Demon Form","floor":23.0,"key":"SMITH"}],"neow_cost":"NONE","seed_source_timestamp":0,"circlet_count":0,"master_deck":["Strike_R","Strike_R","Strike_R+1","Defend_R+1","Defend_R+1","Defend_R+1","Defend_R","Bash","Rage+1","Thunderclap","Shrug It Off+1","Flame Barrier+1","Double Tap","Demon Form+1","Armaments","Ghostly Armor","Inflame"],"special_seed":0,"relics":["Black Blood","War Paint","SsserpentHead","Anchor","Bloody Idol","Paper Frog","Question Card"],"potions_floor_usage":[30,30],"damage_taken":[{"damage":7.0,"enemies":"Cultist","floor":1.0,"turns":5.0},{"damage":1.0,"enemies":"Small Slimes","floor":3.0,"turns":5.0},{"damage":0.0,"enemies":"2 Louse","floor":5.0,"turns":2.0},{"damage":0.0,"enemies":"2 Fungi Beasts","floor":7.0,"turns":5.0},{"damage":0.0,"enemies":"Exordium Wildlife","floor":10.0,"turns":3.0},{"damage":0.0,"enemies":"Gremlin Gang","floor":12.0,"turns":5.0},{"damage":74.0,"enemies":"The Guardian","floor":16.0,"turns":17.0},{"damage":33.0,"enemies":"Chosen","floor":18.0,"turns":9.0},{"damage":0.0,"enemies":"3 Byrds","floor":22.0,"turns":2.0},{"damage":4.0,"enemies":"Centurion and Healer","floor":24.0,"turns":8.0},{"damage":16.0,"enemies":"Snake Plant","floor":25.0,"turns":6.0},{"damage":13.0,"enemies":"Shelled Parasite and Fungi","floor":28.0,"turns":6.0},{"damage":66.0,"enemies":"3 Cultists","floor":29.0,"turns":6.0},{"damage":53,"enemies":"Cultist and Chosen","floor":30,"turns":7}],"seed_played":"-3760133082116601699","potions_obtained":[{"floor":1.0,"key":"Weak Potion"},{"floor":3.0,"key":"FearPotion"},{"floor":5.0,"key":"EssenceOfSteel"},{"floor":22.0,"key":"Explosive Potion"},{"floor":25.0,"key":"SkillPotion"},{"floor":29.0,"key":"EssenceOfSteel"}],"is_trial":false,"path_per_floor":["M","?","M","?","M","R","M","?","T","M","R","M","?","?","R","B",null,"M","?","?","$","M","R","M","M","T","$","M","M","M"],"character_chosen":"IRONCLAD","items_purchased":["Paper Frog"],"campfire_rested":0,"item_purchase_floors":[21],"current_hp_per_floor":[87,69,74,56,62,62,68,68,68,74,74,80,80,80,80,12,88,65,65,70,70,85,85,88,87,87,87,88,37,0],"gold":315,"neow_bonus":"TEN_PERCENT_HP_BONUS","is_prod":false,"is_daily":false,"chose_seed":false,"campfire_upgraded":4,"win_rate":0.0,"timestamp":1547402370,"path_taken":["M","?","M","?","M","R","M","?","T","M","R","?","?","?","R","BOSS","M","?","?","$","M","R","M","?","T","$","?","M","M"],"build_version":"2019-01-10","purchased_purges":2,"victory":false,"max_hp_per_floor":[88,88,88,88,88,88,88,88,88,88,88,88,88,88,88,88,88,88,88,88,88,88,88,88,88,88,88,88,88,88],"card_choices":[{"not_picked":["Sword Boomerang","Seeing Red"],"picked":"Rage","floor":1.0},{"not_picked":["True Grit","Perfected Strike"],"picked":"Thunderclap","floor":3.0},{"not_picked":["Armaments","Infernal Blade"],"picked":"Shrug It Off","floor":5.0},{"not_picked":["Body Slam","Intimidate"],"picked":"Flame Barrier","floor":7.0},{"not_picked":["Combust","Pummel","Rampage"],"picked":"SKIP","floor":10.0},{"not_picked":["Combust","Pummel","Rampage"],"picked":"SKIP","floor":10.0},{"not_picked":["Seeing Red","Fire Breathing","Headbutt"],"picked":"SKIP","floor":12.0},{"not_picked":["Berserk","Offering"],"picked":"Double Tap","floor":16.0},{"not_picked":["Perfected Strike","True Grit+1","Intimidate"],"picked":"SKIP","floor":18.0},{"not_picked":["Sever Soul+1","Body Slam","Evolve"],"picked":"SKIP","floor":22.0},{"not_picked":["Thunderclap","Body Slam"],"picked":"Armaments","floor":24.0},{"not_picked":["Dual Wield","Burning Pact"],"picked":"Ghostly Armor","floor":25.0},{"not_picked":["Armaments","Rupture","Warcry"],"picked":"Inflame","floor":28.0},{"not_picked":["Feel No Pain","Thunderclap","Flex","Armaments"],"picked":"SKIP","floor":29.0}],"player_experience":24374,"relics_obtained":[{"floor":9.0,"key":"Anchor"},{"floor":26.0,"key":"Question Card"}],"event_choices":[{"damage_healed":0.0,"max_hp_gain":0.0,"max_hp_loss":0.0,"gold_gain":0.0,"event_name":"Shining Light","player_choice":"Entered Light","floor":2.0,"gold_loss":0.0,"damage_taken":18.0,"cards_upgraded":["Defend_R","Strike_R"]},{"damage_healed":0.0,"max_hp_gain":0.0,"max_hp_loss":0.0,"gold_gain":0.0,"event_name":"Scrap Ooze","player_choice":"Success","floor":4.0,"gold_loss":0.0,"damage_taken":18.0,"relics_obtained":["War Paint"]},{"damage_healed":0.0,"max_hp_gain":0.0,"max_hp_loss":0.0,"gold_gain":0.0,"event_name":"FaceTrader","player_choice":"Trade","floor":8.0,"gold_loss":0.0,"damage_taken":0.0,"relics_obtained":["SsserpentHead"]},{"cards_removed":["Strike_R"],"damage_healed":0.0,"max_hp_gain":0.0,"max_hp_loss":0.0,"gold_gain":0.0,"event_name":"The Cleric","player_choice":"Card Removal","floor":13.0,"gold_loss":50.0,"damage_taken":0.0},{"damage_healed":0.0,"max_hp_gain":0.0,"max_hp_loss":0.0,"gold_gain":0.0,"event_name":"Golden Idol","player_choice":"Take Wound","floor":14.0,"gold_loss":0.0,"damage_taken":0.0,"relics_obtained":["Golden Idol"],"cards_obtained":["Injury"]},{"damage_healed":0.0,"max_hp_gain":0.0,"max_hp_loss":0.0,"gold_gain":0.0,"event_name":"Forgotten Altar","player_choice":"Gave Idol","floor":19.0,"relics_lost":["Golden Idol"],"gold_loss":0.0,"damage_taken":0.0,"relics_obtained":["Bloody Idol"]},{"damage_healed":0.0,"max_hp_gain":0.0,"max_hp_loss":0.0,"gold_gain":0.0,"event_name":"Match and Keep!","player_choice":"1 cards matched","floor":20.0,"gold_loss":0.0,"damage_taken":0.0,"cards_obtained":["Demon Form"]}],"is_beta":false,"boss_relics":[{"not_picked":["Cursed Key","Empty Cage"],"picked":"Black Blood"}],"items_purged_floors":[21,27],"is_endless":false,"potions_floor_spawned":[1,3,5,12,22,25,29],"killed_by":"Cultist and Chosen","ascension_level":0}