{"gold_per_floor":[109,128,128,128,17,17,43,73,96,109,122,135,135,165,165,165],"floor_reached":16,"playtime":390,"items_purged":[],"score":270,"play_id":"3c74795b-ec53-4708-94c1-1c606249ce6c","local_time":"20190320182410","is_ascension_mode":true,"campfire_choices":[{"data":"Armaments","floor":6,"key":"SMITH"},{"data":"Hemokinesis","floor":15,"key":"SMITH"}],"neow_cost":"NONE","seed_source_timestamp":29135185623599,"circlet_count":0,"master_deck":["AscendersBane","Strike_R","Strike_R","Strike_R","Strike_R","Strike_R+1","Defend_R","Defend_R","Defend_R","Defend_R+1","Bash+1","Disarm","Hemokinesis+1","Shrug It Off","Armaments+1","Shrug It Off","Ghostly Armor","Reckless Charge","Power Through","Flame Barrier","Anger"],"relics":["Burning Blood","NeowsBlessing","Matryoshka","Odd Mushroom","PreservedInsect","Smiling Mask","Pantograph","Mummified Hand"],"potions_floor_usage":[12,12],"damage_taken":[{"damage":0,"enemies":"2 Louse","floor":1,"turns":1},{"damage":2,"enemies":"Small Slimes","floor":2,"turns":2},{"damage":3,"enemies":"3 Sentries","floor":7,"turns":2},{"damage":22,"enemies":"The Mushroom Lair","floor":8,"turns":6},{"damage":0,"enemies":"Cultist","floor":10,"turns":4},{"damage":4,"enemies":"Looter","floor":11,"turns":3},{"damage":15,"enemies":"Exordium Thugs","floor":12,"turns":4},{"damage":10,"enemies":"Lagavulin","floor":14,"turns":9},{"damage":34,"enemies":"Slime Boss","floor":16,"turns":8}],"seed_played":"4944903761966336347","potions_obtained":[{"floor":2,"key":"GamblersBrew"},{"floor":7,"key":"Poison Potion"},{"floor":8,"key":"Strength Potion"},{"floor":11,"key":"PowerPotion"}],"is_trial":false,"path_per_floor":["M","M","?","?","$","R","E","?","T","M","M","M","?","E","R","B"],"character_chosen":"IRONCLAD","items_purchased":["Shrug It Off","Armaments"],"campfire_rested":0,"item_purchase_floors":[5,5],"current_hp_per_floor":[74,75,52,52,52,52,55,39,39,45,47,38,27,23,23,14],"gold":165,"neow_bonus":"THREE_ENEMY_KILL","is_prod":false,"is_daily":false,"chose_seed":false,"campfire_upgraded":2,"win_rate":0,"timestamp":1553131450,"path_taken":["M","M","?","?","$","R","E","?","T","M","M","M","?","E","R","BOSS"],"build_version":"2019-03-15","purchased_purges":0,"victory":false,"max_hp_per_floor":[75,75,75,75,75,75,75,75,75,75,75,75,75,75,75,75],"card_choices":[{"not_picked":["Headbutt","True Grit"],"picked":"Disarm","floor":1},{"not_picked":["Warcry","Seeing Red"],"picked":"Hemokinesis","floor":2},{"not_picked":["Bloodletting","Impervious"],"picked":"Shrug It Off","floor":7},{"not_picked":["Headbutt","Combust"],"picked":"Ghostly Armor","floor":8},{"not_picked":["Pummel","Seeing Red"],"picked":"Reckless Charge","floor":10},{"not_picked":["Corruption","Pummel"],"picked":"Power Through","floor":11},{"not_picked":["Perfected Strike","Reckless Charge"],"picked":"Flame Barrier","floor":12},{"not_picked":["Warcry","Sword Boomerang"],"picked":"Anger","floor":14}],"player_experience":1338015,"relics_obtained":[{"floor":7,"key":"Matryoshka"},{"floor":8,"key":"Odd Mushroom"},{"floor":9,"key":"PreservedInsect"},{"floor":9,"key":"Smiling Mask"},{"floor":14,"key":"Mummified Hand"}],"event_choices":[{"damage_healed":0,"gold_gain":0,"player_choice":"Entered Light","damage_taken":23,"max_hp_gain":0,"max_hp_loss":0,"event_name":"Shining Light","floor":3,"gold_loss":0,"cards_upgraded":["Strike_R","Defend_R"]},{"damage_healed":0,"gold_gain":0,"player_choice":"Grow","damage_taken":0,"max_hp_gain":0,"max_hp_loss":0,"event_name":"Living Wall","floor":4,"gold_loss":0,"cards_upgraded":["Bash"]},{"damage_healed":0,"gold_gain":0,"player_choice":"Fought Mushrooms","damage_taken":0,"max_hp_gain":0,"max_hp_loss":0,"event_name":"Mushrooms","floor":8,"gold_loss":0},{"damage_healed":0,"gold_gain":0,"player_choice":"Success","damage_taken":11,"relics_obtained":["Pantograph"],"max_hp_gain":0,"max_hp_loss":0,"event_name":"Scrap Ooze","floor":13,"gold_loss":0}],"is_beta":true,"boss_relics":[],"items_purged_floors":[],"is_endless":false,"potions_floor_spawned":[2,7,8,11],"killed_by":"Slime Boss","ascension_level":20}