{"gold_per_floor":[109,125,137,212,228,228,242,257,257,257,272,307,307,324,324,429,429,441,461,461,471,30,30,46,46,46,46,58,58,58,71,71,71],"floor_reached":33,"playtime":2442,"items_purged":["Strike_G"],"score":263,"play_id":"305a1709-cd4e-4375-8c40-3a3e8d5e5eec","local_time":"20180623165243","is_ascension_mode":false,"campfire_choices":[{"floor":10,"key":"REST"},{"floor":13,"key":"REST"},{"floor":15,"key":"REST"},{"floor":23,"key":"REST"},{"floor":27,"key":"REST"},{"floor":30,"key":"REST"},{"floor":32,"key":"REST"}],"neow_cost":"CURSE","seed_source_timestamp":846580634802056,"circlet_count":0,"master_deck":["Defend_G","Defend_G","Defend_G","Defend_G","Defend_G","Strike_G","Strike_G","Strike_G","Strike_G","Survivor","Neutralize","Writhe","After Image","Cloak And Dagger","Dash","Acrobatics","Dagger Spray","Dagger Throw","Calculated Gamble","Backflip","Die Die Die","Dagger Throw","A Thousand Cuts","Escape Plan+1","Crippling Poison","Accuracy","Footwork"],"relics":["Ring of the Snake","Turnip","Mercury Hourglass","Sozu","Gambling Chip","Shuriken","Bottled Lightning"],"potions_floor_usage":[6,6,12,21],"damage_taken":[{"damage":1,"enemies":"Cultist","floor":1,"turns":5},{"damage":2,"enemies":"Jaw Worm","floor":2,"turns":5},{"damage":2,"enemies":"2 Louse","floor":3,"turns":2},{"damage":4,"enemies":"2 Fungi Beasts","floor":5,"turns":6},{"damage":18,"enemies":"Gremlin Nob","floor":6,"turns":3},{"damage":7,"enemies":"Blue Slaver","floor":7,"turns":4},{"damage":0,"enemies":"Looter","floor":8,"turns":3},{"damage":2,"enemies":"Red Slaver","floor":11,"turns":5},{"damage":30,"enemies":"Lagavulin","floor":12,"turns":10},{"damage":2,"enemies":"Exordium Wildlife","floor":14,"turns":4},{"damage":40,"enemies":"The Guardian","floor":16,"turns":15},{"damage":21,"enemies":"Chosen","floor":18,"turns":5},{"damage":19,"enemies":"Spheric Guardian","floor":19,"turns":4},{"damage":10,"enemies":"3 Cultists","floor":21,"turns":4},{"damage":26,"enemies":"Chosen and Byrds","floor":24,"turns":8},{"damage":21,"enemies":"Cultist and Chosen","floor":28,"turns":7},{"damage":9,"enemies":"Snake Plant","floor":31,"turns":6},{"damage":49,"enemies":"Champ","floor":33,"turns":13}],"seed_played":"3619798688612556198","potions_obtained":[{"floor":2,"key":"SteroidPotion"},{"floor":3,"key":"SmokeBomb"},{"floor":11,"key":"Ancient Potion"},{"floor":16,"key":"SneckoOil"}],"is_trial":false,"path_per_floor":["M","M","M","?","M","E","M","M","T","R","M","E","R","M","R","B",null,"M","M","?","M","$","R","M","?","T","R","M","T","R","M","R"],"character_chosen":"THE_SILENT","items_purchased":["Gambling Chip","Footwork"],"campfire_rested":7,"item_purchase_floors":[22,22],"current_hp_per_floor":[69,67,65,54,50,32,25,25,25,46,44,14,35,33,54,14,70,49,30,30,20,20,41,15,15,15,36,15,15,36,27,48,0],"gold":71,"neow_bonus":"THREE_RARE_CARDS","is_prod":false,"is_daily":false,"chose_seed":false,"campfire_upgraded":0,"win_rate":0,"timestamp":1529787163,"path_taken":["M","M","M","?","M","E","M","M","T","R","M","E","R","M","R","BOSS","M","M","?","M","$","R","M","?","T","R","M","?","R","M","R","BOSS"],"build_version":"2018-06-21v2","purchased_purges":1,"victory":false,"max_hp_per_floor":[70,70,70,70,70,70,70,70,70,70,70,70,70,70,70,70,70,70,70,70,70,70,70,70,70,70,70,70,70,70,70,70,70],"card_choices":[{"not_picked":["Doppelganger","Night Terror"],"picked":"After Image","floor":0},{"not_picked":["Acrobatics","Slice"],"picked":"Cloak And Dagger","floor":1},{"not_picked":["Flying Knee","Blade Dance"],"picked":"Dash","floor":2},{"not_picked":["Predator","Noxious Fumes"],"picked":"Acrobatics","floor":3},{"not_picked":["Poisoned Stab","Skewer"],"picked":"Dagger Spray","floor":5},{"not_picked":["Prepared","Catalyst"],"picked":"Dagger Throw","floor":7},{"not_picked":["Backstab","Underhanded Strike"],"picked":"Calculated Gamble","floor":8},{"not_picked":["Outmaneuver","Setup"],"picked":"Backflip","floor":11},{"not_picked":["PiercingWail","Doppelganger"],"picked":"Die Die Die","floor":12},{"not_picked":["Well Laid Plans","Backflip"],"picked":"Dagger Throw","floor":14},{"not_picked":["Tools of the Trade","Tactician"],"picked":"A Thousand Cuts","floor":16},{"not_picked":["Acrobatics+1","Infinite Blades"],"picked":"Escape Plan+1","floor":18},{"not_picked":["Expertise+1","Poisoned Stab"],"picked":"Crippling Poison","floor":19},{"not_picked":["Heel Hook","Slice"],"picked":"Accuracy","floor":21},{"not_picked":["Distraction","Bane","After Image"],"picked":"SKIP","floor":24},{"not_picked":["Slice","Flying Knee","Dash"],"picked":"SKIP","floor":28},{"not_picked":["Quick Slash","Bane+1","All Out Attack"],"picked":"SKIP","floor":31}],"player_experience":141010,"relics_obtained":[{"floor":9,"key":"Turnip"},{"floor":12,"key":"Mercury Hourglass"},{"floor":26,"key":"Shuriken"},{"floor":29,"key":"Bottled Lightning"}],"event_choices":[{"event_name":"World of Goop","player_choice":"Gather Gold","floor":4,"damage_taken":0},{"event_name":"The Lab","player_choice":"Got Potions","floor":20,"damage_taken":0},{"event_name":"Ghosts","player_choice":"Ignored","floor":25,"damage_taken":0}],"boss_relics":[{"not_picked":["Empty Cage","Lizard Tail"],"picked":"Sozu"}],"items_purged_floors":[22],"is_endless":false,"potions_floor_spawned":[2,3,6,11,16,24,28,31],"killed_by":"Champ","ascension_level":0}