{"gold_per_floor":[209,182,182,103,103,103,135,152,152,164,164,180,180,192,192,287,287,276,197,197,210,226,226,253,263,263,263],"floor_reached":27,"playtime":1219,"items_purged":[],"score":245,"play_id":"39bf4635-5dc1-4d7d-8057-278a747d66f1","local_time":"20190113164449","is_ascension_mode":true,"campfire_choices":[{"data":"Dualcast","floor":6,"key":"SMITH"},{"floor":15,"key":"REST"},{"floor":23,"key":"REST"}],"neow_cost":"NONE","seed_source_timestamp":340228470899305,"circlet_count":0,"master_deck":["Strike_B+1","Strike_B","Strike_B+1","Defend_B","Defend_B","Defend_B","Zap","Dualcast+1","Conserve Battery","Leap","Coolheaded","Sweeping Beam","Steam","Blizzard","Echo Form+1","Cold Snap","Defragment","Stack+1","Ball Lightning+1"],"relics":["Cracked Core","Whetstone","Cables","Lizard Tail","Regal Pillow","Gremlin Horn"],"potions_floor_usage":[16,21,24,25,27],"damage_taken":[{"damage":0,"enemies":"Small Slimes","floor":1,"turns":3},{"damage":46,"enemies":"Gremlin Nob","floor":7,"turns":5},{"damage":1,"enemies":"Cultist","floor":8,"turns":3},{"damage":0,"enemies":"2 Louse","floor":10,"turns":2},{"damage":7,"enemies":"Lots of Slimes","floor":12,"turns":3},{"damage":2,"enemies":"3 Louse","floor":14,"turns":3},{"damage":7,"enemies":"The Guardian","floor":16,"turns":13},{"damage":11,"enemies":"2 Thieves","floor":18,"turns":4},{"damage":28,"enemies":"3 Byrds","floor":21,"turns":5},{"damage":24,"enemies":"Snake Plant","floor":22,"turns":8},{"damage":65,"enemies":"Book of Stabbing","floor":24,"turns":10},{"damage":8,"enemies":"Snecko","floor":25,"turns":7},{"damage":12,"enemies":"3 Cultists","floor":27,"turns":3}],"seed_played":"-4868727328828955057","potions_obtained":[{"floor":10,"key":"EssenceOfSteel"},{"floor":12,"key":"Swift Potion"},{"floor":13,"key":"PowerPotion"},{"floor":13,"key":"AttackPotion"},{"floor":18,"key":"Dexterity Potion"},{"floor":25,"key":"Swift Potion"}],"is_trial":false,"path_per_floor":["M","$","?","$","?","R","E","M","T","M","?","M","?","M","R","B",null,"M","$","?","M","M","R","E","M","T","M"],"character_chosen":"DEFECT","items_purchased":["Leap","Coolheaded","Sweeping Beam","Defragment"],"campfire_rested":2,"item_purchase_floors":[2,4,4,19],"current_hp_per_floor":[75,75,75,75,75,75,29,28,28,28,28,21,21,19,41,34,75,64,64,64,36,12,34,12,4,4,0],"gold":263,"neow_bonus":"HUNDRED_GOLD","is_prod":false,"is_daily":false,"chose_seed":false,"campfire_upgraded":1,"win_rate":0,"timestamp":1547415889,"path_taken":["M","$","?","?","?","R","E","?","T","M","?","M","?","M","R","BOSS","M","?","?","M","M","R","E","?","T","M"],"build_version":"2019-01-10","purchased_purges":0,"victory":false,"max_hp_per_floor":[75,75,75,75,75,75,75,75,75,75,75,75,75,75,75,75,75,75,75,75,75,75,75,75,75,75,75],"card_choices":[{"not_picked":["Hologram","Beam Cell"],"picked":"Conserve Battery","floor":1},{"not_picked":["Meteor Strike","Ball Lightning"],"picked":"Steam","floor":7},{"not_picked":["Stack","Streamline"],"picked":"Blizzard","floor":8},{"not_picked":["Gash","Rebound","Steam"],"picked":"SKIP","floor":10},{"not_picked":["Streamline","Storm","Reinforced Body"],"picked":"SKIP","floor":12},{"not_picked":["Creative AI","Turbo","Stack"],"picked":"SKIP","floor":14},{"not_picked":["Meteor Strike","Creative AI"],"picked":"Echo Form","floor":16},{"not_picked":["Redo","Turbo"],"picked":"Cold Snap","floor":18},{"not_picked":["Barrage+1","Leap","Streamline"],"picked":"SKIP","floor":21},{"not_picked":["Sweeping Beam","Beam Cell","Heatsinks+1"],"picked":"SKIP","floor":22},{"not_picked":["Multi-Cast","Conserve Battery"],"picked":"Stack+1","floor":24},{"not_picked":["Compile Driver+1","Hologram+1"],"picked":"Ball Lightning+1","floor":25}],"player_experience":32674,"relics_obtained":[{"floor":7,"key":"Whetstone"},{"floor":9,"key":"Cables"},{"floor":24,"key":"Regal Pillow"},{"floor":26,"key":"Gremlin Horn"}],"event_choices":[{"cards_removed":["Strike_B"],"damage_healed":0,"gold_gain":0,"player_choice":"Offered Basic","damage_taken":0,"max_hp_gain":0,"max_hp_loss":0,"event_name":"Bonfire Elementals","floor":3,"gold_loss":0},{"cards_removed":["Defend_B"],"damage_healed":0,"gold_gain":0,"player_choice":"Purged","damage_taken":0,"max_hp_gain":0,"max_hp_loss":0,"event_name":"Purifier","floor":5,"gold_loss":0},{"damage_healed":0,"gold_gain":0,"player_choice":"Ignored","damage_taken":0,"max_hp_gain":0,"max_hp_loss":0,"event_name":"Liars Game","floor":11,"gold_loss":0},{"damage_healed":0,"gold_gain":0,"player_choice":"Got Potions","damage_taken":0,"max_hp_gain":0,"max_hp_loss":0,"event_name":"Lab","floor":13,"gold_loss":0},{"damage_healed":0,"gold_gain":0,"player_choice":"Upgraded","damage_taken":0,"max_hp_gain":0,"max_hp_loss":0,"event_name":"Upgrade Shrine","floor":20,"gold_loss":0,"cards_upgraded":["Echo Form"]}],"is_beta":false,"boss_relics":[{"not_picked":["Busted Crown","White Beast Statue"],"picked":"Lizard Tail"}],"items_purged_floors":[],"is_endless":false,"potions_floor_spawned":[10,12,18,25],"killed_by":"3 Cultists","ascension_level":1}