{"gold_per_floor":[111,32,51,67,67,96,96,123,123,123,155,52,52,71,71,71],"floor_reached":16,"playtime":383,"items_purged":["Normality"],"score":236,"play_id":"208ef2c4-30ad-42e6-880a-b2084ae16277","local_time":"20190201163917","is_ascension_mode":true,"campfire_choices":[{"data":"Sunder","floor":7,"key":"SMITH"},{"floor":10,"key":"REST"},{"data":"Streamline","floor":13,"key":"SMITH"},{"data":"Dualcast","floor":15,"key":"SMITH"}],"neow_cost":"NONE","seed_source_timestamp":10788733476977,"circlet_count":0,"master_deck":["AscendersBane","Strike_B","Strike_B","Strike_B","Strike_B","Defend_B","Defend_B","Defend_B","Defend_B","Zap","Dualcast+1","Sunder+1","Chaos+1","Glacier","Rebound","Self Repair+1","Static Discharge+1","Streamline+1","Cold Snap","Defragment+1"],"relics":["Cursed Key","Frozen Egg 2","Bottled Tornado","Singing Bowl","Gambling Chip"],"potions_floor_usage":[8,8],"damage_taken":[{"damage":0,"enemies":"Cultist","floor":1,"turns":3},{"damage":0,"enemies":"Small Slimes","floor":3,"turns":2},{"damage":7,"enemies":"Jaw Worm","floor":4,"turns":4},{"damage":30,"enemies":"Gremlin Nob","floor":6,"turns":4},{"damage":10,"enemies":"3 Sentries","floor":8,"turns":8},{"damage":25,"enemies":"Gremlin Nob","floor":11,"turns":4},{"damage":11,"enemies":"Exordium Thugs","floor":14,"turns":2},{"damage":37,"enemies":"Slime Boss","floor":16,"turns":5}],"seed_played":"7994831570739740787","potions_obtained":[{"floor":1,"key":"LiquidBronze"},{"floor":3,"key":"Explosive Potion"},{"floor":6,"key":"SpeedPotion"}],"is_trial":false,"path_per_floor":["M","$","M","M","?","E","R","E","T","R","E","$","R","M","R","B"],"character_chosen":"DEFECT","items_purchased":["Chaos","Cold Snap"],"campfire_rested":1,"item_purchase_floors":[2,12],"current_hp_per_floor":[64,64,64,57,57,27,27,27,27,48,33,33,33,32,32,0],"gold":71,"neow_bonus":"BOSS_RELIC","is_prod":false,"is_daily":false,"chose_seed":false,"campfire_upgraded":3,"win_rate":0,"timestamp":1549067957,"path_taken":["M","$","?","M","?","E","R","E","T","R","E","?","R","M","R","BOSS"],"build_version":"2019-01-23","purchased_purges":1,"victory":false,"max_hp_per_floor":[71,71,71,71,71,71,71,71,71,71,71,71,71,71,71,71],"card_choices":[{"not_picked":["Self Repair","Leap"],"picked":"Sunder","floor":1},{"not_picked":["Rebound","Leap"],"picked":"Glacier","floor":3},{"not_picked":["Gash","Redo"],"picked":"Rebound","floor":4},{"not_picked":["Go for the Eyes","Turbo"],"picked":"Self Repair","floor":6},{"not_picked":["Streamline","Lockon"],"picked":"Static Discharge+1","floor":8},{"not_picked":["Tempest","Rebound"],"picked":"Streamline","floor":11},{"not_picked":["Streamline","Redo"],"picked":"Defragment+1","floor":14}],"player_experience":1082812,"relics_obtained":[{"floor":6,"key":"Frozen Egg 2"},{"floor":8,"key":"Bottled Tornado"},{"floor":9,"key":"Singing Bowl"},{"floor":11,"key":"Gambling Chip"}],"event_choices":[{"damage_healed":0,"gold_gain":0,"player_choice":"Upgraded","damage_taken":0,"max_hp_gain":0,"max_hp_loss":0,"event_name":"Upgrade Shrine","floor":5,"gold_loss":0,"cards_upgraded":["Chaos"]}],"is_beta":true,"boss_relics":[],"items_purged_floors":[12],"is_endless":false,"potions_floor_spawned":[1,3,6],"killed_by":"Slime Boss","ascension_level":20}