{"gold_per_floor":[117,64,64,139,50,50,66,66,66,91,91,102,137,137,137,137],"floor_reached":16,"playtime":357,"items_purged":[],"score":212,"play_id":"ac159995-c82e-472a-8321-ec1dfb5d28cb","local_time":"20190330002852","is_ascension_mode":true,"campfire_choices":[{"data":"True Grit","floor":6,"key":"SMITH"},{"data":"Bash","floor":8,"key":"SMITH"},{"data":"Uppercut","floor":11,"key":"SMITH"},{"data":"Exhume","floor":15,"key":"SMITH"}],"neow_cost":"NONE","seed_source_timestamp":22765028529440,"circlet_count":0,"master_deck":["AscendersBane","Strike_R","Strike_R","Strike_R","Defend_R","Defend_R","Defend_R","Bash+1","Impervious+1","Carnage+1","Reaper+1","Headbutt","True Grit+1","Flame Barrier","Disarm+1","Uppercut+1","Exhume+1","Ghostly Armor"],"relics":["Astrolabe","Meat on the Bone","Pen Nib","Ornamental Fan","Question Card"],"potions_floor_usage":[16],"damage_taken":[{"damage":4,"enemies":"Jaw Worm","floor":1,"turns":3},{"damage":2,"enemies":"2 Louse","floor":7,"turns":3},{"damage":22,"enemies":"3 Sentries","floor":10,"turns":9},{"damage":0,"enemies":"Small Slimes","floor":12,"turns":2},{"damage":8,"enemies":"Gremlin Nob","floor":13,"turns":3},{"damage":45,"enemies":"Slime Boss","floor":16,"turns":10}],"seed_played":"2598229131583048213","potions_obtained":[{"floor":12,"key":"GamblersBrew"}],"is_trial":false,"path_per_floor":["M","$","?","?","$","R","M","R","T","E","R","M","E","?","R","B"],"character_chosen":"IRONCLAD","items_purchased":["True Grit","Flame Barrier"],"campfire_rested":0,"item_purchase_floors":[2,5],"current_hp_per_floor":[64,64,53,42,42,42,48,48,48,48,48,48,47,47,47,2],"gold":137,"neow_bonus":"BOSS_RELIC","is_prod":false,"is_daily":false,"chose_seed":false,"campfire_upgraded":4,"win_rate":0,"timestamp":1553930932,"path_taken":["M","$","?","?","$","R","?","R","T","E","R","M","E","?","R","BOSS"],"build_version":"2019-03-15","purchased_purges":0,"victory":false,"max_hp_per_floor":[75,75,75,75,75,75,75,75,75,75,75,75,75,75,75,75],"card_choices":[{"not_picked":["Heavy Blade","Clash"],"picked":"Headbutt","floor":1},{"not_picked":["Anger","True Grit"],"picked":"Disarm","floor":7},{"not_picked":["Carnage","Ghostly Armor"],"picked":"Uppercut","floor":10},{"not_picked":["Cleave","Second Wind"],"picked":"Exhume","floor":12},{"not_picked":["Hemokinesis","Rupture"],"picked":"Ghostly Armor","floor":13}],"player_experience":1387103,"relics_obtained":[{"floor":9,"key":"Pen Nib"},{"floor":10,"key":"Ornamental Fan"},{"floor":13,"key":"Question Card"}],"event_choices":[{"damage_healed":0,"gold_gain":0,"player_choice":"Success","damage_taken":11,"relics_obtained":["Meat on the Bone"],"max_hp_gain":0,"max_hp_loss":0,"event_name":"Scrap Ooze","floor":3,"gold_loss":0},{"damage_healed":0,"gold_gain":75,"player_choice":"Gather Gold","damage_taken":11,"max_hp_gain":0,"max_hp_loss":0,"event_name":"World of Goop","floor":4,"gold_loss":0},{"damage_healed":0,"gold_gain":0,"player_choice":"Grow","damage_taken":0,"max_hp_gain":0,"max_hp_loss":0,"event_name":"Living Wall","floor":14,"gold_loss":0,"cards_upgraded":["Disarm"]}],"is_beta":true,"boss_relics":[],"items_purged_floors":[],"is_endless":false,"potions_floor_spawned":[12],"killed_by":"Slime Boss","ascension_level":20}