{"gold_per_floor":[118,129,54,66,11,11,33,0,24,24,58,58,90,103,103,177,177,187,204,204,104,117,117,146,146,146,146,156,188,199,124,124,196,196,207,207,218,114,124,149,149,178,228,95,95,105,105,116,116,116,116],"floor_reached":52,"playtime":1471,"items_purged":["Strike_R","Strike_R"],"score":2016,"play_id":"b778b67e-98e6-41bf-a290-203fbafca0f3","local_time":"20190301002232","is_ascension_mode":true,"campfire_choices":[{"data":"Armaments","floor":6.0,"key":"SMITH"},{"data":"Searing Blow","floor":10.0,"key":"SMITH"},{"data":"Searing Blow+1","floor":12.0,"key":"SMITH"},{"data":"Searing Blow+2","floor":15.0,"key":"SMITH"},{"data":"Searing Blow+3","floor":23.0,"key":"SMITH"},{"data":"Searing Blow+4","floor":25.0,"key":"SMITH"},{"data":"Searing Blow+5","floor":27.0,"key":"SMITH"},{"data":"Searing Blow+6","floor":32.0,"key":"SMITH"},{"data":"Searing Blow+7","floor":41.0,"key":"SMITH"},{"data":"Searing Blow+8","floor":45.0,"key":"SMITH"},{"floor":49.0,"key":"REST"}],"neow_cost":"NONE","seed_source_timestamp":24422545191427,"circlet_count":0,"master_deck":["AscendersBane","Strike_R","Defend_R","Defend_R","Defend_R","Defend_R","Shrug It Off","Searing Blow+9","Armaments+1","Demon Form","Uppercut","Disarm+1","Armaments","Uppercut+1","Demon Form","Limit Break","Ghostly Armor+1","Shrug It Off","Shrug It Off","Disarm","Bludgeon+1"],"special_seed":0,"relics":["Snecko Eye","Odd Mushroom","Centennial Puzzle","Smiling Mask","Paper Frog","Runic Dome","CultistMask","Bag of Preparation","Dream Catcher","Shuriken","Sozu","Molten Egg 2","Boot","Lantern","Pen Nib"],"potions_floor_usage":[],"damage_taken":[{"damage":7.0,"enemies":"Small Slimes","floor":1.0,"turns":3.0},{"damage":9.0,"enemies":"Jaw Worm","floor":2.0,"turns":4.0},{"damage":0.0,"enemies":"2 Louse","floor":4.0,"turns":3.0},{"damage":21.0,"enemies":"The Mushroom Lair","floor":7.0,"turns":6.0},{"damage":7.0,"enemies":"3 Sentries","floor":11.0,"turns":7.0},{"damage":0.0,"enemies":"Gremlin Nob","floor":13.0,"turns":2.0},{"damage":0.0,"enemies":"Red Slaver","floor":14.0,"turns":3.0},{"damage":10.0,"enemies":"Hexaghost","floor":16.0,"turns":5.0},{"damage":0.0,"enemies":"Spheric Guardian","floor":18.0,"turns":3.0},{"damage":0.0,"enemies":"Chosen","floor":19.0,"turns":3.0},{"damage":8.0,"enemies":"3 Cultists","floor":22.0,"turns":5.0},{"damage":26.0,"enemies":"Slavers","floor":24.0,"turns":6.0},{"damage":0.0,"enemies":"Snecko","floor":28.0,"turns":2.0},{"damage":16.0,"enemies":"Gremlin Leader","floor":29.0,"turns":4.0},{"damage":0.0,"enemies":"Shelled Parasite and Fungi","floor":30.0,"turns":2.0},{"damage":9.0,"enemies":"Collector","floor":33.0,"turns":5.0},{"damage":0.0,"enemies":"Orb Walker","floor":35.0,"turns":3.0},{"damage":1.0,"enemies":"3 Shapes","floor":37.0,"turns":5.0},{"damage":3.0,"enemies":"3 Darklings","floor":39.0,"turns":5.0},{"damage":0.0,"enemies":"Reptomancer","floor":40.0,"turns":2.0},{"damage":6.0,"enemies":"Giant Head","floor":42.0,"turns":4.0},{"damage":0.0,"enemies":"Spire Growth","floor":46.0,"turns":2.0},{"damage":4.0,"enemies":"Sphere and 2 Shapes","floor":48.0,"turns":5.0},{"damage":62,"enemies":"Awakened One","floor":50,"turns":6},{"damage":4,"enemies":"Time Eater","floor":51,"turns":3}],"seed_played":"6699543745954096037","potions_obtained":[{"floor":4.0,"key":"Block Potion"},{"floor":7.0,"key":"SteroidPotion"},{"floor":13.0,"key":"GamblersBrew"},{"floor":14.0,"key":"Weak Potion"},{"floor":18.0,"key":"Regen Potion"},{"floor":22.0,"key":"Swift Potion"},{"floor":28.0,"key":"Strength Potion"},{"floor":29.0,"key":"Explosive Potion"}],"is_trial":false,"path_per_floor":["M","M","?","M","$","R","?","?","T","R","E","R","E","M","R","B",null,"M","M","?","$","M","R","E","R","T","R","M","E","M","?","R","B",null,"M","?","M","$","M","E","R","E","T","?","R","M","?","M","R","B","B",null],"character_chosen":"IRONCLAD","items_purchased":["Armaments","Armaments","Shrug It Off"],"campfire_rested":1,"item_purchase_floors":[5,21,38],"current_hp_per_floor":[61,52,52,52,52,52,31,31,31,31,24,24,24,24,24,14,60,60,60,60,60,52,52,41,41,41,41,41,25,25,25,25,16,60,60,60,59,59,56,56,56,50,50,50,50,50,50,46,67,5,1],"gold":116,"neow_bonus":"BOSS_RELIC","is_prod":false,"is_daily":false,"chose_seed":false,"campfire_upgraded":10,"win_rate":0,"timestamp":1551428552,"path_taken":["M","M","?","M","$","R","?","?","T","R","E","R","E","M","R","BOSS","M","M","?","$","M","R","E","R","T","R","?","E","M","?","R","BOSS","M","?","M","$","M","E","R","E","T","?","R","?","?","M","R","BOSS","BOSS"],"build_version":"2019-02-06","purchased_purges":2,"victory":true,"max_hp_per_floor":[75,75,75,75,75,75,75,75,75,75,75,75,75,75,75,75,75,75,75,75,75,75,75,75,75,75,75,75,75,75,75,75,75,75,75,71,71,71,71,71,71,71,71,71,71,71,71,71,71,71,71],"card_choices":[{"not_picked":["Metallicize","Havoc"],"picked":"Shrug It Off","floor":2.0},{"not_picked":["Inflame","Pummel"],"picked":"Searing Blow","floor":4.0},{"not_picked":["Sword Boomerang","Metallicize"],"picked":"Demon Form","floor":7.0},{"not_picked":["Headbutt","Iron Wave"],"picked":"Uppercut","floor":13.0},{"not_picked":["Shrug It Off","Anger+1"],"picked":"Disarm+1","floor":19.0},{"not_picked":["Havoc","Reckless Charge"],"picked":"Uppercut+1","floor":29.0},{"not_picked":["Flex","Heavy Blade+1"],"picked":"Demon Form","floor":30.0},{"not_picked":["Brutality","Barricade"],"picked":"Limit Break","floor":33.0},{"not_picked":["Flex","Thunderclap+1"],"picked":"Ghostly Armor+1","floor":35.0},{"not_picked":["Anger+1","Havoc"],"picked":"Shrug It Off","floor":39.0},{"not_picked":["Reckless Charge","Pummel"],"picked":"Disarm","floor":40.0},{"not_picked":["Corruption","Second Wind"],"picked":"Bludgeon+1","floor":49.0}],"player_experience":1244987,"relics_obtained":[{"floor":7.0,"key":"Odd Mushroom"},{"floor":9.0,"key":"Centennial Puzzle"},{"floor":11.0,"key":"Smiling Mask"},{"floor":13.0,"key":"Paper Frog"},{"floor":24.0,"key":"Bag of Preparation"},{"floor":26.0,"key":"Dream Catcher"},{"floor":29.0,"key":"Shuriken"},{"floor":40.0,"key":"Molten Egg 2"},{"floor":42.0,"key":"Boot"},{"floor":43.0,"key":"Lantern"}],"event_choices":[{"cards_removed":["Strike_R"],"damage_healed":0.0,"max_hp_gain":0.0,"max_hp_loss":0.0,"gold_gain":0.0,"event_name":"The Cleric","player_choice":"Card Removal","floor":3.0,"gold_loss":75.0,"damage_taken":0.0},{"damage_healed":0.0,"max_hp_gain":0.0,"max_hp_loss":0.0,"gold_gain":0.0,"event_name":"Mushrooms","player_choice":"Fought Mushrooms","floor":7.0,"gold_loss":0.0,"damage_taken":0.0},{"damage_healed":0.0,"max_hp_gain":0.0,"max_hp_loss":0.0,"gold_gain":0.0,"event_name":"World of Goop","player_choice":"Left Gold","floor":8.0,"gold_loss":33.0,"damage_taken":0.0},{"damage_healed":0.0,"max_hp_gain":0.0,"max_hp_loss":0.0,"gold_gain":0.0,"event_name":"FaceTrader","player_choice":"Trade","floor":20.0,"gold_loss":0.0,"damage_taken":0.0,"relics_obtained":["CultistMask"]},{"cards_removed":["Strike_R"],"damage_healed":0.0,"max_hp_gain":0.0,"max_hp_loss":0.0,"gold_gain":0.0,"event_name":"Beggar","player_choice":"Gave Gold","floor":31.0,"gold_loss":75.0,"damage_taken":0.0},{"damage_healed":0.0,"max_hp_gain":0.0,"max_hp_loss":4.0,"gold_gain":0.0,"event_name":"Winding Halls","player_choice":"Max HP","floor":36.0,"gold_loss":0.0,"damage_taken":0.0},{"damage_healed":0.0,"max_hp_gain":0.0,"max_hp_loss":0.0,"gold_gain":0.0,"event_name":"WeMeetAgain","player_choice":"Paid Gold","floor":44.0,"gold_loss":133.0,"damage_taken":0.0,"relics_obtained":["Pen Nib"]},{"cards_removed":["Bash"],"damage_healed":0.0,"max_hp_gain":0.0,"max_hp_loss":0.0,"gold_gain":0.0,"event_name":"Falling","player_choice":"Removed Attack","floor":47.0,"gold_loss":0.0,"damage_taken":0.0}],"is_beta":true,"boss_relics":[{"not_picked":["Lizard Tail","Tiny House"],"picked":"Runic Dome"},{"not_picked":["Philosopher\u0027s Stone","Runic Cube"],"picked":"Sozu"}],"items_purged_floors":[21,38],"is_endless":false,"potions_floor_spawned":[4,7,13,14,18,22,28,29,35,46],"ascension_level":20}