{"gold_per_floor":[365,380,390,405,37,37,70,70,70,103,53,53,67,78,78,78],"floor_reached":16,"playtime":1006,"items_purged":["Strike_R"],"score":112,"play_id":"90d19ee9-ef2c-4a42-ac08-7a628c080e75","local_time":"20190613203940","is_ascension_mode":false,"campfire_choices":[{"data":"Whirlwind","floor":6,"key":"SMITH"},{"data":"Flame Barrier","floor":12,"key":"SMITH"},{"floor":15,"key":"RECALL"}],"neow_cost":"TEN_PERCENT_HP_LOSS","seed_source_timestamp":163440532865744,"circlet_count":0,"master_deck":["Strike_R","Strike_R","Strike_R","Defend_R","Defend_R","Defend_R","Defend_R","Bash","Ghostly Armor","Shrug It Off","Pummel","Whirlwind+1","Flame Barrier+1","Thunderclap"],"relics":["Burning Blood","PreservedInsect","Boot","Mummified Hand","Frozen Egg 2","Pantograph"],"potions_floor_usage":[16,16,16],"damage_taken":[{"damage":8,"enemies":"Jaw Worm","floor":1,"turns":4},{"damage":0,"enemies":"2 Louse","floor":2,"turns":3},{"damage":4,"enemies":"Small Slimes","floor":3,"turns":5},{"damage":4,"enemies":"Blue Slaver","floor":4,"turns":5},{"damage":31,"enemies":"Lagavulin","floor":7,"turns":6},{"damage":11,"enemies":"3 Sentries","floor":10,"turns":3},{"damage":4,"enemies":"Large Slime","floor":13,"turns":5},{"damage":2,"enemies":"Looter","floor":14,"turns":3},{"damage":75,"enemies":"Hexaghost","floor":16,"turns":14}],"seed_played":"6064752267488168378","potions_obtained":[{"floor":1,"key":"Poison Potion"},{"floor":10,"key":"Swift Potion"},{"floor":13,"key":"Strength Potion"}],"is_trial":false,"path_per_floor":["M","M","M","M","$","R","E","?","T","E","?","R","M","M","R","B"],"character_chosen":"IRONCLAD","items_purchased":["PreservedInsect","Boot"],"campfire_rested":0,"item_purchase_floors":[5,5],"current_hp_per_floor":[70,72,72,72,72,72,47,71,71,66,66,66,68,72,72,0],"gold":78,"neow_bonus":"TWO_FIFTY_GOLD","is_prod":false,"is_daily":false,"chose_seed":false,"campfire_upgraded":2,"win_rate":0,"timestamp":1560476380,"path_taken":["M","M","M","M","$","R","E","?","T","E","?","R","M","M","R","BOSS"],"build_version":"2019-01-23","purchased_purges":1,"victory":false,"max_hp_per_floor":[72,72,72,72,72,72,72,72,72,72,72,72,72,72,72,72],"card_choices":[{"not_picked":["Pommel Strike","Sword Boomerang"],"picked":"Ghostly Armor","floor":1},{"not_picked":["Twin Strike","Reckless Charge"],"picked":"Shrug It Off","floor":2},{"not_picked":["Flex","Reckless Charge"],"picked":"Pummel","floor":3},{"not_picked":["Clothesline","Entrench"],"picked":"Whirlwind","floor":4},{"not_picked":["Thunderclap","Exhume"],"picked":"Flame Barrier","floor":7},{"not_picked":["Sword Boomerang","Warcry","Dark Embrace+1"],"picked":"SKIP","floor":10},{"not_picked":["Seeing Red","Clothesline"],"picked":"Thunderclap","floor":13},{"not_picked":["Perfected Strike","Searing Blow","Sentinel"],"picked":"SKIP","floor":14}],"player_experience":788518,"relics_obtained":[{"floor":7,"key":"Mummified Hand"},{"floor":9,"key":"Frozen Egg 2"},{"floor":10,"key":"Pantograph"}],"event_choices":[{"damage_healed":24,"gold_gain":0,"player_choice":"Banana","damage_taken":0,"max_hp_gain":0,"max_hp_loss":0,"event_name":"Big Fish","floor":8,"gold_loss":0},{"cards_removed":["Strike_R"],"damage_healed":0,"gold_gain":0,"player_choice":"Card Removal","damage_taken":0,"max_hp_gain":0,"max_hp_loss":0,"event_name":"The Cleric","floor":11,"gold_loss":50}],"is_beta":false,"boss_relics":[],"items_purged_floors":[5],"is_endless":false,"potions_floor_spawned":[1,10,13],"killed_by":"Hexaghost","ascension_level":0}