{"gold_per_floor":[116,41,60,76,22,51,51,80,103,121,136,136,136,150,150,227,227,182,182,49,49,49,49,49,49,49,49,49,49,49,49,49,49,49,49,0,0,0,0,0,0,0,0,0,0],"floor_reached":45,"playtime":1896,"items_purged":[],"score":839,"play_id":"2edc4e58-64d2-45c3-8ecc-b6a69bd6b6ad","local_time":"20180811221327","is_ascension_mode":true,"campfire_choices":[{"data":"Hologram","floor":7,"key":"SMITH"},{"data":"Go for the Eyes","floor":12,"key":"SMITH"},{"floor":15,"key":"REST"},{"data":"Defragment","floor":23,"key":"SMITH"},{"data":"Capacitor","floor":25,"key":"SMITH"},{"data":"Hologram","floor":29,"key":"SMITH"},{"floor":32,"key":"REST"},{"floor":40,"key":"REST"},{"floor":42,"key":"REST"}],"neow_cost":"NONE","seed_source_timestamp":17946932856162,"circlet_count":0,"master_deck":["Strike_B","Defend_B","Defend_B","Defend_B","Defend_B","Zap","Dualcast","AscendersBane","Go for the Eyes+1","Cold Snap","Streamline","Turbo","Hologram+1","Ball Lightning","Auto Shields","Beam Cell","Rebound","Glacier","Conserve Battery","White Noise","Hello World","All For One","Gash","Hologram+1","Defragment+1","Conserve Battery","Stack+1","Capacitor+1","Gash","Coolheaded","Stack","Echo Form","Go for the Eyes","Madness","Madness","Conserve Battery+1","Gash+1","Hologram+1","Coolheaded+1"],"relics":["Orrery","Boot","Ancient Tea Set","Dream Catcher","Anchor","Ectoplasm","Art of War","Blood Vial","Smiling Mask","Ice Cream","Empty Cage","Red Mask","Mercury Hourglass"],"potions_floor_usage":[8,11,18,28,30,33,44],"damage_taken":[{"damage":5,"enemies":"Small Slimes","floor":1,"turns":5},{"damage":4,"enemies":"Jaw Worm","floor":3,"turns":3},{"damage":0,"enemies":"Cultist","floor":4,"turns":4},{"damage":13,"enemies":"Lagavulin","floor":6,"turns":6},{"damage":10,"enemies":"3 Sentries","floor":8,"turns":8},{"damage":1,"enemies":"2 Fungi Beasts","floor":10,"turns":5},{"damage":0,"enemies":"3 Louse","floor":11,"turns":4},{"damage":9,"enemies":"Exordium Thugs","floor":14,"turns":3},{"damage":7,"enemies":"Hexaghost","floor":16,"turns":10},{"damage":7,"enemies":"2 Thieves","floor":18,"turns":4},{"damage":4,"enemies":"3 Byrds","floor":19,"turns":5},{"damage":5,"enemies":"Snecko","floor":22,"turns":5},{"damage":4,"enemies":"Book of Stabbing","floor":24,"turns":5},{"damage":9,"enemies":"Gremlin Leader","floor":28,"turns":6},{"damage":8,"enemies":"Centurion and Healer","floor":30,"turns":6},{"damage":0,"enemies":"3 Cultists","floor":31,"turns":5},{"damage":7,"enemies":"Automaton","floor":33,"turns":10},{"damage":19,"enemies":"3 Darklings","floor":35,"turns":7},{"damage":10,"enemies":"Orb Walker","floor":39,"turns":3},{"damage":46,"enemies":"Sphere and 2 Shapes","floor":41,"turns":10},{"damage":15,"enemies":"Transient","floor":44,"turns":5},{"damage":18,"enemies":"Maw","floor":45,"turns":2}],"seed_played":"3187015876521678651","potions_obtained":[{"floor":3,"key":"GamblersBrew"},{"floor":4,"key":"Explosive Potion"},{"floor":11,"key":"LiquidBronze"},{"floor":14,"key":"AttackPotion"},{"floor":22,"key":"FearPotion"},{"floor":28,"key":"Regen Potion"},{"floor":30,"key":"FearPotion"},{"floor":41,"key":"SteroidPotion"},{"floor":44,"key":"Fire Potion"}],"is_trial":false,"path_per_floor":["M","?","M","M","$","E","R","E","T","M","M","R","?","M","R","B",null,"M","M","$","T","M","R","E","R","T","$","E","R","M","M","R","B",null,"M","?","$","?","M","R","M","R","T","M"],"character_chosen":"DEFECT","items_purchased":["Rebound","Defragment","Conserve Battery"],"campfire_rested":4,"item_purchase_floors":[5,20,20],"current_hp_per_floor":[59,59,55,55,55,42,42,32,32,31,31,31,13,4,25,18,58,51,47,47,47,42,42,38,38,38,38,31,31,40,42,63,58,68,51,51,51,38,30,51,7,28,28,15,0],"gold":0,"neow_bonus":"BOSS_RELIC","is_prod":false,"is_daily":false,"chose_seed":false,"campfire_upgraded":5,"win_rate":0,"timestamp":1534050807,"path_taken":["M","?","M","M","$","E","R","E","T","?","M","R","?","M","R","BOSS","M","?","$","?","?","R","E","R","T","?","E","R","M","M","R","BOSS","M","?","$","?","M","R","?","R","T","M","M"],"build_version":"2018-08-08","purchased_purges":0,"victory":false,"max_hp_per_floor":[71,71,71,71,71,71,71,71,71,71,71,71,71,71,71,71,71,71,71,71,71,71,71,71,71,71,71,71,71,71,71,71,71,71,71,71,71,71,71,71,71,71,71,71,71],"card_choices":[{"not_picked":["Undo","Amplify"],"picked":"Go for the Eyes","floor":0},{"not_picked":["Streamline","Compile Driver"],"picked":"Cold Snap","floor":0},{"not_picked":["Turbo","Rebound"],"picked":"Streamline","floor":0},{"not_picked":["Barrage","Force Field"],"picked":"Turbo","floor":0},{"not_picked":["Ball Lightning","Redo"],"picked":"Hologram","floor":0},{"not_picked":["Heatsinks","Compile Driver"],"picked":"Ball Lightning","floor":1},{"not_picked":["Sweeping Beam","Streamline"],"picked":"Auto Shields","floor":3},{"not_picked":["Ball Lightning","Coolheaded"],"picked":"Beam Cell","floor":4},{"not_picked":["Rebound","Go for the Eyes"],"picked":"Glacier","floor":6},{"not_picked":["Scrape","Barrage"],"picked":"Conserve Battery","floor":8},{"not_picked":["Beam Cell","Fusion"],"picked":"White Noise","floor":10},{"not_picked":["Hologram","Force Field"],"picked":"Hello World","floor":14},{"not_picked":["Core Surge","Seek"],"picked":"All For One","floor":16},{"not_picked":["Compile Driver","Steam Power"],"picked":"Gash","floor":18},{"not_picked":["Cold Snap","Coolheaded"],"picked":"Hologram","floor":19},{"not_picked":["Cold Snap","Gash"],"picked":"Stack+1","floor":22},{"not_picked":["Stack","Heatsinks"],"picked":"Capacitor","floor":24},{"not_picked":["Beam Cell","Tempest"],"picked":"Gash","floor":28},{"not_picked":["Sweeping Beam","Compile Driver"],"picked":"Coolheaded","floor":31},{"not_picked":["Steam","Sweeping Beam"],"picked":"Stack","floor":32},{"not_picked":["Seek","Reboot"],"picked":"Echo Form","floor":33},{"not_picked":["Conserve Battery","Tempest+1"],"picked":"Go for the Eyes","floor":35},{"not_picked":["Ball Lightning","Go for the Eyes+1"],"picked":"Conserve Battery+1","floor":39},{"not_picked":["Beam Cell","Cold Snap"],"picked":"Gash+1","floor":40},{"not_picked":["Biased Cognition","Cold Snap"],"picked":"Hologram+1","floor":41},{"not_picked":["Stack","Sweeping Beam"],"picked":"Coolheaded+1","floor":44}],"player_experience":801127,"relics_obtained":[{"floor":6,"key":"Boot"},{"floor":8,"key":"Ancient Tea Set"},{"floor":9,"key":"Dream Catcher"},{"floor":21,"key":"Art of War"},{"floor":24,"key":"Blood Vial"},{"floor":26,"key":"Smiling Mask"},{"floor":28,"key":"Ice Cream"},{"floor":43,"key":"Mercury Hourglass"}],"event_choices":[{"event_name":"The Cleric","player_choice":"Card Removal","floor":2,"damage_taken":0},{"event_name":"Scrap Ooze","player_choice":"success","floor":13,"damage_taken":18},{"event_name":"Tomb of Lord Red Mask","player_choice":"Paid","floor":36,"damage_taken":0},{"event_name":"Winding Halls","player_choice":"Embrace Madness","floor":38,"damage_taken":0}],"is_beta":true,"boss_relics":[{"not_picked":["White Beast Statue","Velvet Choker"],"picked":"Ectoplasm"},{"not_picked":["Snecko Eye","Busted Crown"],"picked":"Empty Cage"}],"items_purged_floors":[],"is_endless":false,"potions_floor_spawned":[3,4,11,14,16,22,24,28,30,41,44],"killed_by":"Maw","ascension_level":15}