{"gold_per_floor":[114,127,51,70,70,103,103,103,103,138,138,138,88,163,163,263,263,283,293,293],"floor_reached":20,"playtime":1242,"items_purged":[],"score":180,"play_id":"1b038047-97aa-4e25-9398-39c0d5461f05","local_time":"20190820063840","is_ascension_mode":false,"campfire_choices":[{"floor":8,"key":"REST"},{"floor":12,"key":"REST"},{"floor":15,"key":"REST"}],"neow_cost":"NONE","seed_source_timestamp":335382126798000,"circlet_count":0,"master_deck":["Strike_G","Strike_G","Strike_G","Strike_G","Strike_G","Defend_G","Defend_G","Defend_G","Defend_G","Defend_G","Survivor","Neutralize","Infinite Blades","Slice","Infinite Blades","Underhanded Strike","Caltrops","Quick Slash","Underhanded Strike","Venomology","Infinite Blades","Backflip"],"relics":["HoveringKite","Paper Crane","Sundial","Question Card","Orichalcum","Regal Pillow","Cursed Key"],"potions_floor_usage":[10,18,18,20,20],"damage_taken":[{"damage":0,"enemies":"Jaw Worm","floor":1,"turns":5},{"damage":0,"enemies":"2 Louse","floor":2,"turns":3},{"damage":2,"enemies":"Cultist","floor":4,"turns":5},{"damage":32,"enemies":"Gremlin Nob","floor":6,"turns":5},{"damage":28,"enemies":"3 Sentries","floor":10,"turns":8},{"damage":31,"enemies":"Hexaghost","floor":16,"turns":12},{"damage":15,"enemies":"3 Byrds","floor":18,"turns":4},{"damage":28,"enemies":"Shell Parasite","floor":19,"turns":7},{"damage":30,"enemies":"Centurion and Healer","floor":20,"turns":7}],"seed_played":"8549443307472260720","potions_obtained":[{"floor":4,"key":"SpeedPotion"},{"floor":10,"key":"PowerPotion"},{"floor":16,"key":"Swift Potion"}],"is_trial":false,"path_per_floor":["M","M","$","M","$","E","?","R","T","E","T","R","$","?","R","B",null,"M","M","M"],"character_chosen":"THE_SILENT","items_purchased":["Infinite Blades","Underhanded Strike"],"campfire_rested":3,"item_purchase_floors":[3,13],"current_hp_per_floor":[70,70,70,68,68,36,29,50,50,22,22,58,58,47,70,39,70,55,27,0],"gold":293,"neow_bonus":"BOSS_RELIC","is_prod":false,"is_daily":false,"chose_seed":false,"campfire_upgraded":0,"win_rate":0.0,"timestamp":1566308320,"path_taken":["M","M","$","M","$","E","?","R","T","E","?","R","$","?","R","BOSS","M","M","M"],"build_version":"2019-07-17","purchased_purges":0,"victory":false,"max_hp_per_floor":[70,70,70,70,70,70,70,70,70,70,70,70,70,70,70,70,70,70,70,70],"card_choices":[{"not_picked":["PiercingWail","All Out Attack"],"picked":"Infinite Blades","floor":1},{"not_picked":["Poisoned Stab","Outmaneuver"],"picked":"Slice","floor":2},{"not_picked":["Catalyst","Bane"],"picked":"Underhanded Strike","floor":4},{"not_picked":["Deadly Poison","Well Laid Plans"],"picked":"Caltrops","floor":6},{"not_picked":["Acrobatics","Flechettes","Masterful Stab"],"picked":"Quick Slash","floor":10},{"not_picked":["Malaise","Phantasmal Killer","Adrenaline"],"picked":"Venomology","floor":16},{"not_picked":["Prepared","Footwork","All Out Attack"],"picked":"Infinite Blades","floor":18},{"not_picked":["Dagger Spray","Terror","Flying Knee+1"],"picked":"Backflip","floor":19}],"player_experience":29495,"relics_obtained":[{"floor":6,"key":"Paper Crane"},{"floor":9,"key":"Question Card"},{"floor":10,"key":"Orichalcum"},{"floor":11,"key":"Regal Pillow"}],"event_choices":[{"damage_healed":0,"gold_gain":0,"player_choice":"Success","damage_taken":7,"relics_obtained":["Sundial"],"max_hp_gain":0,"max_hp_loss":0,"event_name":"Scrap Ooze","floor":7,"gold_loss":0},{"damage_healed":0,"gold_gain":75,"player_choice":"Gather Gold","damage_taken":11,"max_hp_gain":0,"max_hp_loss":0,"event_name":"World of Goop","floor":14,"gold_loss":0}],"is_beta":false,"boss_relics":[{"not_picked":["Runic Dome","Empty Cage"],"picked":"Cursed Key"}],"items_purged_floors":[],"is_endless":false,"potions_floor_spawned":[4,10,16],"killed_by":"Centurion and Healer","ascension_level":0}