{"gold_per_floor":[115,130,10,27,43,43,59,59,113,113,146,161,35,70,70,144,144,155,155,172,39,52,52,52,52,127,127,127],"floor_reached":28,"playtime":554,"items_purged":["Defend_B"],"score":506,"play_id":"5003e24d-382c-4cac-bfbb-b86811d269bb","local_time":"20190201000450","is_ascension_mode":true,"campfire_choices":[{"data":"Sunder","floor":6.0,"key":"SMITH"},{"data":"Defragment","floor":8.0,"key":"SMITH"},{"data":"Beam Cell","floor":15.0,"key":"SMITH"},{"floor":23.0,"key":"REST"},{"floor":25.0,"key":"REST"},{"floor":27.0,"key":"REST"}],"neow_cost":"NONE","seed_source_timestamp":0,"circlet_count":0,"master_deck":["AscendersBane","Strike_B","Defend_B","Defend_B","Defend_B","Zap","Dualcast","Coolheaded","Leap","Sunder+1","Ball Lightning","Conserve Battery","Defragment+1","Beam Cell+1","Cold Snap","Seek","Coolheaded","Electrodynamics","Compile Driver","Self Repair","Cold Snap","Capacitor","Beam Cell","Gash","Aggregate","Hologram","Gash","Hologram"],"special_seed":0,"relics":["Cracked Core","NeowsBlessing","Tiny Chest","Pen Nib","Dream Catcher","Fusion Hammer","Question Card"],"potions_floor_usage":[],"damage_taken":[{"damage":0.0,"enemies":"Small Slimes","floor":1.0,"turns":1.0},{"damage":0.0,"enemies":"Cultist","floor":2.0,"turns":1.0},{"damage":0.0,"enemies":"Jaw Worm","floor":4.0,"turns":1.0},{"damage":4.0,"enemies":"3 Louse","floor":5.0,"turns":2.0},{"damage":2.0,"enemies":"2 Fungi Beasts","floor":7.0,"turns":2.0},{"damage":29.0,"enemies":"Gremlin Nob","floor":11.0,"turns":4.0},{"damage":1.0,"enemies":"Large Slime","floor":12.0,"turns":3.0},{"damage":0.0,"enemies":"3 Sentries","floor":14.0,"turns":7.0},{"damage":19.0,"enemies":"Slime Boss","floor":16.0,"turns":10.0},{"damage":6.0,"enemies":"2 Thieves","floor":18.0,"turns":3.0},{"damage":0.0,"enemies":"Spheric Guardian","floor":20.0,"turns":3.0},{"damage":18.0,"enemies":"Snake Plant","floor":22.0,"turns":3.0},{"damage":0,"enemies":"Sentry and Sphere","floor":28,"turns":1}],"seed_played":"-6699230404885128082","potions_obtained":[{"floor":1.0,"key":"Block Potion"},{"floor":4.0,"key":"EssenceOfSteel"},{"floor":14.0,"key":"SteroidPotion"},{"floor":18.0,"key":"Dexterity Potion"},{"floor":20.0,"key":"Fire Potion"}],"is_trial":false,"path_per_floor":["M","M","$","M","M","R","M","R","T","?","E","M","$","E","R","B",null,"M","?","M","$","M","R","?","R","T","R","M"],"character_chosen":"DEFECT","items_purchased":["Sunder","Seek","Coolheaded","Cold Snap","Capacitor"],"campfire_rested":3,"item_purchase_floors":[3,13,13,21,21],"current_hp_per_floor":[64,64,64,64,60,60,58,58,58,58,29,28,28,28,28,9,56,50,50,50,50,32,53,53,71,71,71,71],"gold":127,"neow_bonus":"THREE_ENEMY_KILL","is_prod":false,"is_daily":false,"chose_seed":false,"campfire_upgraded":3,"win_rate":0,"timestamp":1549008290,"path_taken":["M","M","$","M","M","R","M","R","T","?","E","?","$","E","R","BOSS","M","?","M","$","M","R","?","R","T","R","M"],"build_version":"2019-01-23","purchased_purges":1,"victory":false,"max_hp_per_floor":[71,71,71,71,71,71,71,71,71,71,71,71,71,71,71,71,71,71,71,71,71,71,71,71,71,71,71,71],"card_choices":[{"not_picked":["Lockon","Sweeping Beam"],"picked":"Coolheaded","floor":1.0},{"not_picked":["Lockon","Compile Driver"],"picked":"Leap","floor":2.0},{"not_picked":["Conserve Battery","Redo"],"picked":"Ball Lightning","floor":4.0},{"not_picked":["BootSequence","Sunder"],"picked":"Conserve Battery","floor":5.0},{"not_picked":["Stack","Barrage"],"picked":"Defragment","floor":7.0},{"not_picked":["Hyperbeam","Reinforced Body"],"picked":"Beam Cell","floor":11.0},{"not_picked":["Sweeping Beam","Rebound"],"picked":"Cold Snap","floor":12.0},{"not_picked":["Rainbow","Fission"],"picked":"Electrodynamics","floor":16.0},{"not_picked":["Streamline","Rebound"],"picked":"Compile Driver","floor":18.0},{"not_picked":["Turbo+1","Gash"],"picked":"Self Repair","floor":20.0},{"not_picked":["Steam+1","Turbo"],"picked":"Beam Cell","floor":22.0},{"not_picked":["Sweeping Beam","Barrage"],"picked":"Gash","floor":23.0},{"not_picked":["Blizzard","Leap"],"picked":"Gash","floor":25.0},{"not_picked":["Melter","Static Discharge","Chill"],"picked":"Hologram","floor":27.0}],"player_experience":1071706,"relics_obtained":[{"floor":9.0,"key":"Tiny Chest"},{"floor":11.0,"key":"Pen Nib"},{"floor":14.0,"key":"Dream Catcher"},{"floor":26.0,"key":"Question Card"}],"event_choices":[{"cards_removed":["Strike_B"],"damage_healed":0.0,"max_hp_gain":0.0,"max_hp_loss":0.0,"gold_gain":0.0,"event_name":"Purifier","player_choice":"Purged","floor":10.0,"gold_loss":0.0,"damage_taken":0.0},{"damage_healed":0.0,"max_hp_gain":0.0,"max_hp_loss":0.0,"gold_gain":0.0,"event_name":"Ghosts","player_choice":"Ignored","floor":19.0,"gold_loss":0.0,"damage_taken":0.0},{"damage_healed":0.0,"max_hp_gain":0.0,"max_hp_loss":0.0,"gold_gain":0.0,"cards_transformed":["Strike_B","Strike_B"],"event_name":"Drug Dealer","player_choice":"Became Test Subject","floor":24.0,"gold_loss":0.0,"damage_taken":0.0,"cards_obtained":["Aggregate","Hologram"]}],"is_beta":true,"boss_relics":[{"not_picked":["Astrolabe","Coffee Dripper"],"picked":"Fusion Hammer"}],"items_purged_floors":[3],"is_endless":false,"potions_floor_spawned":[1,4,11,14,18,20],"killed_by":"Sentry and Sphere","ascension_level":20}