{"gold_per_floor":[110,62,77,77,38,38,65,90,114,131,131,159,159,84,84,185,185,205,215,226,241,256,256,268,268,268,268,295,394,394,413,413,517,517,532,532,552,552,565,595,595,610,610,610,471,485,511,531,531,531],"floor_reached":50,"playtime":1844,"items_purged":["Strike_R","Defend_R"],"score":532,"play_id":"71ac3ea2-6540-4017-9821-67112771906f","local_time":"20190119185013","is_ascension_mode":false,"campfire_choices":[{"data":"Armaments","floor":6,"key":"SMITH"},{"floor":11,"key":"REST"},{"data":"Battle Trance","floor":15,"key":"SMITH"},{"floor":23,"key":"REST"},{"floor":27,"key":"REST"},{"floor":32,"key":"REST"},{"floor":41,"key":"REST"},{"data":"Juggernaut","floor":44,"key":"SMITH"},{"floor":49,"key":"REST"}],"neow_cost":"NONE","seed_source_timestamp":865532094945627,"circlet_count":0,"master_deck":["Strike_R","Strike_R","Strike_R+1","Defend_R","Defend_R","Defend_R","Bash","Pommel Strike+1","Armaments+1","Flex+1","Battle Trance+1","Juggernaut+1","Cleave","Iron Wave","Flex","Heavy Blade+1","Necronomicurse","Ghostly Armor+1","Immolate","Spot Weakness","Disarm","Headbutt+1","Power Through+1"],"relics":["Burning Blood","Happy Flower","Regal Pillow","Boot","Oddly Smooth Stone","Vajra","Philosopher\u0027s Stone","Necronomicon","Bottled Lightning","Whetstone","Ornamental Fan","Lizard Tail","Anchor","Prayer Wheel","Girya"],"potions_floor_usage":[16,18,24,28,33,40,40,50,50,50],"damage_taken":[{"damage":1,"enemies":"Cultist","floor":1,"turns":4},{"damage":1,"enemies":"Small Slimes","floor":3,"turns":4},{"damage":16,"enemies":"Gremlin Nob","floor":7,"turns":3},{"damage":1,"enemies":"Jaw Worm","floor":10,"turns":3},{"damage":8,"enemies":"Lagavulin","floor":12,"turns":8},{"damage":20,"enemies":"Slime Boss","floor":16,"turns":8},{"damage":28,"enemies":"3 Byrds","floor":18,"turns":6},{"damage":21,"enemies":"2 Thieves","floor":19,"turns":3},{"damage":12,"enemies":"Sentry and Sphere","floor":20,"turns":5},{"damage":14,"enemies":"Snecko","floor":21,"turns":4},{"damage":3,"enemies":"Centurion and Healer","floor":22,"turns":4},{"damage":18,"enemies":"Shelled Parasite and Fungi","floor":24,"turns":6},{"damage":59,"enemies":"Book of Stabbing","floor":28,"turns":6},{"damage":0,"enemies":"Snake Plant","floor":31,"turns":3},{"damage":62,"enemies":"Collector","floor":33,"turns":9},{"damage":0,"enemies":"3 Darklings","floor":35,"turns":2},{"damage":1,"enemies":"Orb Walker","floor":37,"turns":2},{"damage":62,"enemies":"4 Shapes","floor":39,"turns":5},{"damage":58,"enemies":"Nemesis","floor":40,"turns":7},{"damage":32,"enemies":"Maw","floor":42,"turns":6},{"damage":0,"enemies":"Sphere and 2 Shapes","floor":46,"turns":1},{"damage":37,"enemies":"Reptomancer","floor":47,"turns":3},{"damage":12,"enemies":"4 Shapes","floor":48,"turns":3},{"damage":83,"enemies":"Donu and Deca","floor":50,"turns":7}],"seed_played":"7217368922019971095","potions_obtained":[{"floor":1,"key":"Explosive Potion"},{"floor":3,"key":"Energy Potion"},{"floor":7,"key":"Weak Potion"},{"floor":10,"key":"PowerPotion"},{"floor":19,"key":"EntropicBrew"},{"floor":28,"key":"LiquidBronze"},{"floor":33,"key":"Explosive Potion"},{"floor":37,"key":"AttackPotion"},{"floor":42,"key":"FearPotion"},{"floor":46,"key":"SneckoOil"}],"is_trial":false,"path_per_floor":["M","$","M","?","$","R","E","T","T","M","R","E","?","$","R","B",null,"M","M","M","M","M","R","M","?","T","R","E","?","T","M","R","B",null,"M","?","M","?","M","E","R","M","T","R","$","M","E","M","R","B"],"character_chosen":"IRONCLAD","items_purchased":["Armaments","Battle Trance","Disarm"],"campfire_rested":6,"item_purchase_floors":[2,5,45],"current_hp_per_floor":[80,80,80,64,64,64,54,54,54,59,80,78,83,83,83,69,85,63,48,42,34,37,77,65,49,49,85,32,32,32,38,78,22,85,85,85,85,85,29,48,85,59,59,59,59,65,34,28,68,0],"gold":531,"neow_bonus":"RANDOM_COMMON_RELIC","is_prod":false,"is_daily":false,"chose_seed":false,"campfire_upgraded":3,"win_rate":0.0,"timestamp":1547941813,"path_taken":["M","?","M","?","$","R","E","?","T","M","R","E","?","$","R","BOSS","M","M","M","M","M","R","M","?","T","R","E","?","?","?","R","BOSS","M","?","M","?","?","E","R","M","T","R","?","?","E","M","R","BOSS"],"build_version":"2019-01-17v2","purchased_purges":2,"victory":false,"max_hp_per_floor":[80,80,80,80,80,80,80,80,80,80,80,80,85,85,85,85,85,85,85,85,85,85,85,85,85,85,85,85,85,85,85,85,85,85,85,85,85,85,85,85,85,85,85,85,85,85,85,85,85,85],"card_choices":[{"not_picked":["Uppercut","Blood for Blood"],"picked":"Pommel Strike","floor":1},{"not_picked":["Headbutt","Clothesline"],"picked":"Flex","floor":3},{"not_picked":["Bloodletting","Anger","Rupture"],"picked":"SKIP","floor":7},{"not_picked":["True Grit","Wild Strike","Fire Breathing"],"picked":"SKIP","floor":10},{"not_picked":["Offering","Burning Pact","Havoc"],"picked":"SKIP","floor":12},{"not_picked":["Exhume","Brutality"],"picked":"Juggernaut","floor":16},{"not_picked":["Clothesline","Infernal Blade"],"picked":"Cleave","floor":18},{"not_picked":["Feel No Pain","Havoc"],"picked":"Iron Wave","floor":19},{"not_picked":["Power Through","Metallicize"],"picked":"Flex","floor":20},{"not_picked":["Body Slam","Armaments","Clash"],"picked":"SKIP","floor":21},{"not_picked":["Armaments+1","Clash"],"picked":"Heavy Blade","floor":22},{"not_picked":["Warcry","Iron Wave","Anger"],"picked":"SKIP","floor":24},{"not_picked":["Anger","Iron Wave"],"picked":"Ghostly Armor+1","floor":28},{"not_picked":["Fiend Fire","Wild Strike","Second Wind"],"picked":"SKIP","floor":31},{"not_picked":["Brutality","Offering"],"picked":"Immolate","floor":33},{"not_picked":["Iron Wave+1","Heavy Blade+1","Sentinel+1"],"picked":"SKIP","floor":35},{"not_picked":["Armaments+1","Intimidate","Battle Trance"],"picked":"SKIP","floor":37},{"not_picked":["Thunderclap","Warcry","Whirlwind+1"],"picked":"SKIP","floor":39},{"not_picked":["Entrench","Dual Wield"],"picked":"Spot Weakness","floor":40},{"not_picked":["Heavy Blade+1","Flex","True Grit+1"],"picked":"SKIP","floor":42},{"not_picked":["Clash+1","Blood for Blood+1"],"picked":"Headbutt+1","floor":46},{"not_picked":["Fire Breathing+1","Headbutt","Hemokinesis+1"],"picked":"SKIP","floor":46},{"not_picked":["Fire Breathing+1","Headbutt","Hemokinesis+1"],"picked":"SKIP","floor":46},{"not_picked":["Corruption","Disarm+1","Second Wind"],"picked":"SKIP","floor":47},{"not_picked":["Bludgeon","Sentinel+1"],"picked":"Power Through+1","floor":48},{"not_picked":["Infernal Blade","Clothesline+1","Entrench+1"],"picked":"SKIP","floor":48}],"player_experience":44112,"relics_obtained":[{"floor":7,"key":"Regal Pillow"},{"floor":8,"key":"Boot"},{"floor":9,"key":"Oddly Smooth Stone"},{"floor":12,"key":"Vajra"},{"floor":25,"key":"Necronomicon"},{"floor":26,"key":"Bottled Lightning"},{"floor":28,"key":"Whetstone"},{"floor":30,"key":"Ornamental Fan"},{"floor":40,"key":"Anchor"},{"floor":43,"key":"Prayer Wheel"},{"floor":47,"key":"Girya"}],"event_choices":[{"damage_healed":0,"gold_gain":0,"player_choice":"Entered Light","damage_taken":16,"max_hp_gain":0,"max_hp_loss":0,"event_name":"Shining Light","floor":4,"gold_loss":0,"cards_upgraded":["Strike_R","Flex"]},{"damage_healed":0,"gold_gain":0,"player_choice":"Donut","damage_taken":0,"max_hp_gain":5,"max_hp_loss":0,"event_name":"Big Fish","floor":13,"gold_loss":0},{"damage_healed":0,"gold_gain":0,"player_choice":"Obtained Book","damage_taken":16,"max_hp_gain":0,"max_hp_loss":0,"event_name":"Cursed Tome","floor":25,"gold_loss":0},{"damage_healed":0,"gold_gain":99,"player_choice":"Stole From Cult","damage_taken":0,"max_hp_gain":0,"max_hp_loss":0,"event_name":"Nest","floor":29,"gold_loss":0},{"damage_healed":0,"gold_gain":0,"player_choice":"Ignored","damage_taken":0,"max_hp_gain":0,"max_hp_loss":0,"event_name":"Tomb of Lord Red Mask","floor":36,"gold_loss":0},{"cards_removed":["Strike_R"],"damage_healed":0,"gold_gain":0,"player_choice":"Purged","damage_taken":0,"max_hp_gain":0,"max_hp_loss":0,"event_name":"Purifier","floor":38,"gold_loss":0}],"is_beta":false,"boss_relics":[{"not_picked":["Snecko Eye","Pandora\u0027s Box"],"picked":"Philosopher\u0027s Stone"},{"not_picked":["Mark of Pain","Runic Cube"],"picked":"Lizard Tail"}],"items_purged_floors":[14,45],"is_endless":false,"potions_floor_spawned":[1,3,7,10,19,28,33,37,42,46,47],"killed_by":"Donu and Deca","ascension_level":0}