{"gold_per_floor":[119,16,16,16,16,16,36,66,66,101,101,101,114,148,148,223,223,236,254,254,254,268,268,268,298,345,376,435,110,110,110,110,185,185,195,195,206,226,8,8,8,8,32,32,59,59,9,55,55,55,55],"floor_reached":51,"playtime":2058,"items_purged":["Strike_G","Defend_G","Defend_G","All Out Attack"],"score":1450,"play_id":"3c08c53c-d2c6-40e7-9800-fff9b42cb994","local_time":"20190219210255","is_ascension_mode":true,"campfire_choices":[{"data":"Neutralize","floor":6.0,"key":"SMITH"},{"data":"Predator","floor":11.0,"key":"SMITH"},{"data":"Survivor","floor":15.0,"key":"SMITH"},{"floor":23.0,"key":"REST"},{"floor":30.0,"key":"REST"},{"floor":32.0,"key":"REST"},{"floor":40,"key":"REST"},{"floor":42,"key":"REST"},{"floor":46,"key":"REST"},{"floor":49,"key":"RECALL"}],"neow_cost":"NONE","seed_source_timestamp":9820834444788,"circlet_count":0,"master_deck":["AscendersBane","Survivor+1","Neutralize+1","Predator+1","Poisoned Stab","Poisoned Stab","Escape Plan","Distraction","Adrenaline","Backflip","Crippling Poison","Flying Knee","Envenom","Dash","Cloak And Dagger","Backstab","After Image","After Image","Backflip","Noxious Fumes+1","Noxious Fumes","Malaise"],"special_seed":0,"relics":["Ring of the Snake","NeowsBlessing","Nunchaku","Ninja Scroll","Ancient Tea Set","Smiling Mask","Fusion Hammer","Art of War","MawBank","Paper Crane","White Beast Statue","Bag of Marbles","Bottled Tornado","Regal Pillow"],"potions_floor_usage":[38,45,45,51],"damage_taken":[{"damage":0.0,"enemies":"Cultist","floor":1.0,"turns":1.0},{"damage":0.0,"enemies":"2 Louse","floor":7.0,"turns":1.0},{"damage":0.0,"enemies":"3 Sentries","floor":8.0,"turns":2.0},{"damage":20.0,"enemies":"Lagavulin","floor":10.0,"turns":5.0},{"damage":0.0,"enemies":"Small Slimes","floor":13.0,"turns":2.0},{"damage":0.0,"enemies":"Gremlin Nob","floor":14.0,"turns":2.0},{"damage":25.0,"enemies":"The Guardian","floor":16.0,"turns":11.0},{"damage":0.0,"enemies":"3 Byrds","floor":18.0,"turns":5.0},{"damage":11.0,"enemies":"Shell Parasite","floor":19.0,"turns":4.0},{"damage":2.0,"enemies":"Cultist and Chosen","floor":22.0,"turns":4.0},{"damage":13.0,"enemies":"Slavers","floor":25.0,"turns":2.0},{"damage":7.0,"enemies":"Centurion and Healer","floor":27.0,"turns":7.0},{"damage":7.0,"enemies":"Book of Stabbing","floor":28.0,"turns":5.0},{"damage":48.0,"enemies":"Automaton","floor":33.0,"turns":11.0},{"damage":6,"enemies":"3 Shapes","floor":35,"turns":4},{"damage":0,"enemies":"3 Darklings","floor":37,"turns":5},{"damage":0,"enemies":"Sphere and 2 Shapes","floor":38,"turns":5},{"damage":15,"enemies":"Reptomancer","floor":45,"turns":9},{"damage":52,"enemies":"Time Eater","floor":50,"turns":17},{"damage":32,"enemies":"Donu and Deca","floor":51,"turns":4}],"seed_played":"3229164488765674822","potions_obtained":[{"floor":1.0,"key":"FearPotion"},{"floor":10.0,"key":"FearPotion"},{"floor":13.0,"key":"GamblersBrew"},{"floor":14.0,"key":"Regen Potion"},{"floor":16.0,"key":"AttackPotion"},{"floor":19.0,"key":"Explosive Potion"},{"floor":28.0,"key":"Explosive Potion"},{"floor":35,"key":"Poison Potion"},{"floor":37,"key":"Strength Potion"},{"floor":38,"key":"AttackPotion"},{"floor":45,"key":"Strength Potion"}],"is_trial":false,"path_per_floor":["M","$","?","?","$","R","M","E","T","E","R","?","M","E","R","B",null,"M","M","?","?","M","R","?","E","T","M","E","$","R","?","R","B",null,"M","?","M","M","$","R","?","R","T","$","E","R","$","T","R","B","B"],"character_chosen":"THE_SILENT","items_purchased":["Poisoned Stab","Paper Crane","Malaise"],"campfire_rested":6,"item_purchase_floors":[2,29,39],"current_hp_per_floor":[59,59,59,52,52,52,52,52,52,32,32,32,32,32,32,22,55,55,44,44,26,24,45,45,32,32,25,18,18,39,39,60,12,56,50,50,50,50,50,71,71,71,71,71,56,71,71,71,71,19,0],"gold":55,"neow_bonus":"THREE_ENEMY_KILL","is_prod":false,"is_daily":false,"chose_seed":false,"campfire_upgraded":3,"win_rate":0,"timestamp":1550638975,"path_taken":["M","$","?","?","$","R","M","E","T","E","R","?","?","E","R","BOSS","M","M","?","?","M","R","?","E","T","?","E","?","R","?","R","BOSS","M","?","M","M","$","R","?","R","T","?","E","R","$","?","R","BOSS","BOSS"],"build_version":"2019-02-06","purchased_purges":4,"victory":false,"max_hp_per_floor":[66,66,66,66,66,66,66,66,66,66,66,66,66,66,66,66,66,66,66,66,71,71,71,71,71,71,71,71,71,71,71,71,71,71,71,71,71,71,71,71,71,71,71,71,71,71,71,71,71,71,71],"card_choices":[{"not_picked":["Eviscerate","Acrobatics"],"picked":"Predator","floor":1.0},{"not_picked":["Reflex","Dagger Throw"],"picked":"Poisoned Stab","floor":7.0},{"not_picked":["Finisher","Dagger Throw"],"picked":"All Out Attack","floor":8.0},{"not_picked":["Dagger Throw","Deflect"],"picked":"Escape Plan","floor":10.0},{"not_picked":["Quick Slash","Dagger Throw"],"picked":"Distraction","floor":13.0},{"not_picked":["Grand Finale","Tools of the Trade"],"picked":"Adrenaline","floor":16.0},{"not_picked":["Underhanded Strike","Quick Slash","Catalyst"],"picked":"SKIP","floor":18.0},{"not_picked":["Caltrops","Dagger Spray"],"picked":"Backflip","floor":19.0},{"not_picked":["Dagger Spray","Accuracy"],"picked":"Envenom","floor":22.0},{"not_picked":["Dodge and Roll","Skewer"],"picked":"Dash","floor":25.0},{"not_picked":["Underhanded Strike","Choke"],"picked":"Cloak And Dagger","floor":27.0},{"not_picked":["Dodge and Roll","Deadly Poison"],"picked":"Backstab","floor":28.0},{"not_picked":["Adrenaline","Storm of Steel"],"picked":"After Image","floor":33.0},{"not_picked":["Dagger Throw+1","Riddle With Holes"],"picked":"Backflip","floor":35},{"not_picked":["Distraction","Slice"],"picked":"Noxious Fumes+1","floor":37},{"not_picked":["Underhanded Strike","Blade Dance"],"picked":"Noxious Fumes","floor":38},{"not_picked":["Bane","Dagger Throw+1","Outmaneuver"],"picked":"SKIP","floor":45}],"player_experience":1183460,"relics_obtained":[{"floor":8.0,"key":"Nunchaku"},{"floor":9.0,"key":"Ninja Scroll"},{"floor":10.0,"key":"Ancient Tea Set"},{"floor":14.0,"key":"Smiling Mask"},{"floor":25.0,"key":"Art of War"},{"floor":26.0,"key":"MawBank"},{"floor":43,"key":"Bag of Marbles"},{"floor":45,"key":"Bottled Tornado"},{"floor":48,"key":"Regal Pillow"}],"event_choices":[{"damage_healed":0.0,"max_hp_gain":0.0,"max_hp_loss":0.0,"gold_gain":0.0,"event_name":"The Cleric","player_choice":"Leave","floor":3.0,"gold_loss":0.0,"damage_taken":0.0},{"cards_removed":["Strike_G"],"damage_healed":0.0,"max_hp_gain":0.0,"max_hp_loss":0.0,"gold_gain":0.0,"event_name":"Golden Wing","player_choice":"Card Removal","floor":4.0,"gold_loss":0.0,"damage_taken":7.0},{"cards_removed":["Strike_G"],"damage_healed":0.0,"max_hp_gain":0.0,"max_hp_loss":0.0,"gold_gain":0.0,"event_name":"Purifier","player_choice":"Purged","floor":12.0,"gold_loss":0.0,"damage_taken":0.0},{"damage_healed":0.0,"max_hp_gain":0.0,"max_hp_loss":0.0,"gold_gain":0.0,"cards_transformed":["Strike_G","Strike_G"],"event_name":"Drug Dealer","player_choice":"Became Test Subject","floor":20.0,"gold_loss":0.0,"damage_taken":0.0,"cards_obtained":["Crippling Poison","Flying Knee"]},{"damage_healed":0.0,"max_hp_gain":5.0,"max_hp_loss":0.0,"gold_gain":0.0,"event_name":"Forgotten Altar","player_choice":"Shed Blood","floor":21.0,"gold_loss":0.0,"damage_taken":23.0},{"cards_removed":["Defend_G"],"damage_healed":0.0,"max_hp_gain":0.0,"max_hp_loss":0.0,"gold_gain":0.0,"event_name":"Bonfire Elementals","player_choice":"Offered Basic","floor":24.0,"gold_loss":0.0,"damage_taken":0.0},{"damage_healed":0.0,"max_hp_gain":0.0,"max_hp_loss":0.0,"gold_gain":0.0,"cards_transformed":["Defend_G"],"event_name":"Transmorgrifier","player_choice":"Transformed","floor":31.0,"gold_loss":0.0,"damage_taken":0.0,"cards_obtained":["After Image"]},{"damage_healed":0,"gold_gain":0,"player_choice":"Ignored","damage_taken":0,"max_hp_gain":0,"max_hp_loss":0,"event_name":"Tomb of Lord Red Mask","floor":36,"gold_loss":0},{"cards_removed":["Defend_G"],"damage_healed":0,"gold_gain":0,"player_choice":"Removed Skill","damage_taken":0,"max_hp_gain":0,"max_hp_loss":0,"event_name":"Falling","floor":41,"gold_loss":0}],"is_beta":true,"boss_relics":[{"not_picked":["Astrolabe","Coffee Dripper"],"picked":"Fusion Hammer"},{"not_picked":["Black Star","Calling Bell"],"picked":"White Beast Statue"}],"items_purged_floors":[2,29,39,47],"is_endless":false,"potions_floor_spawned":[1,10,13,14,16,19,28,35,37,38,45],"killed_by":"Donu and Deca","ascension_level":20}