{"gold_per_floor":[116,116,116,133,145,145,161,173,203,216,291,311,57,73,73,171,171,187,241,241,255,273,273,302,302,380,380,11,11,11,11],"floor_reached":31,"playtime":2563,"items_purged":[],"score":272,"play_id":"be0ce87b-371b-479a-8857-67372525ae17","local_time":"20180823133238","is_ascension_mode":false,"campfire_choices":[{"data":"Fusion","floor":6,"key":"SMITH"},{"floor":15,"key":"REST"},{"data":"Creative AI","floor":23,"key":"SMITH"},{"floor":25,"key":"REST"}],"neow_cost":"NONE","seed_source_timestamp":516140749782481,"circlet_count":0,"master_deck":["Strike_B","Strike_B+1","Strike_B","Strike_B","Defend_B","Defend_B+1","Defend_B","Defend_B+1","Zap+1","Dualcast+1","Chill+1","Cold Snap","Fusion+1","Defragment","Capacitor","Machine Learning","Genetic Algorithm","Mayhem","Defragment","Creative AI+1","Compile Driver+1","Biased Cognition","Leap","Impatience"],"relics":["Cracked Core","Tiny Chest","Sozu","Vajra","War Paint","Bottled Lightning","Pantograph","Frozen Egg 2"],"potions_floor_usage":[16,21,21,21,21,21,21,21,22,22,22,22,22,22,22,22,22,22,22,22,22,22,22,22,22,22,22,22,22,22,22,22,22,22,22,22,22,22,22,22,22,22,22,22,22,22,22,22,22,22,22,22,22,22,22,22,22,22,22,22,22,22,22,22,22,22,22,22,22,22,22,22,22,22,22,22,22,22,22,22,22,22,22,22,22,22,22,22,22,22,22,22,22,22,22,22,22,22,22,22,22,22,22,22,22,22,22,22,22,22,22,22,22,22,22,22,22,22,22,22,22,22,22,22,22,22,22,22,22,22,22,22,22,22,22,22,22,22,22,22,22,22,22,22,22,22,22,22,22,22,22,22,22,22,22,22,22,22,22,22,22,22,22,22,22,22,22,22,22,22,22,22,22,22,22,22,22,22,22,22,22,22,22,22,22,22,22,22,22,22,22,22,22,22,22,22,22,22,22,22,22,22,22,22,22,22,22,22,22,22,22,22,22,22,22,22,22,22,22,22,22,22,22,22,22,22,22,22,22,22,22,22,22,22],"damage_taken":[{"damage":1,"enemies":"Cultist","floor":1,"turns":3},{"damage":0,"enemies":"Jaw Worm","floor":4,"turns":3},{"damage":0,"enemies":"Small Slimes","floor":5,"turns":3},{"damage":0,"enemies":"Blue Slaver","floor":7,"turns":3},{"damage":0,"enemies":"2 Fungi Beasts","floor":8,"turns":4},{"damage":2,"enemies":"Red Slaver","floor":10,"turns":3},{"damage":1,"enemies":"3 Louse","floor":12,"turns":3},{"damage":18,"enemies":"Blue Slaver","floor":14,"turns":5},{"damage":12,"enemies":"The Guardian","floor":16,"turns":10},{"damage":7,"enemies":"Shell Parasite","floor":18,"turns":7},{"damage":14,"enemies":"2 Thieves","floor":21,"turns":5},{"damage":0,"enemies":"Snecko","floor":22,"turns":1},{"damage":49,"enemies":"Gremlin Leader","floor":24,"turns":8},{"damage":21,"enemies":"Colosseum Slavers","floor":27,"turns":5},{"damage":12,"enemies":"Centurion and Healer","floor":31,"turns":4}],"seed_played":"-4029611836957144842","potions_obtained":[{"floor":5,"key":"Poison Potion"},{"floor":7,"key":"Fire Potion"},{"floor":14,"key":"AttackPotion"}],"is_trial":false,"path_per_floor":["M","?","?","M","M","R","M","M","T","M","?","M","$","M","R","B",null,"M","T","?","M","M","R","E","R","T","?","$","?","?"],"character_chosen":"DEFECT","items_purchased":["Mayhem","Defragment","Pantograph","Leap","Impatience"],"campfire_rested":2,"item_purchase_floors":[13,13,28,28,28],"current_hp_per_floor":[74,59,59,59,59,59,59,59,59,57,46,45,45,27,49,37,75,68,68,68,54,54,54,5,27,27,6,6,6,6,0],"gold":11,"neow_bonus":"UPGRADE_CARD","is_prod":false,"is_daily":false,"chose_seed":false,"campfire_upgraded":2,"win_rate":0,"timestamp":1535045558,"path_taken":["M","?","?","M","M","R","M","?","T","M","?","M","$","M","R","BOSS","M","?","?","M","M","R","E","R","T","?","$","?","?","M"],"build_version":"2018-08-22","purchased_purges":0,"victory":false,"max_hp_per_floor":[75,75,75,75,75,75,75,75,75,75,75,75,75,75,75,75,75,75,75,75,75,75,75,75,75,75,75,75,75,75,75],"card_choices":[{"not_picked":["Hologram","Stack"],"picked":"Chill","floor":1},{"not_picked":["Rebound","Self Repair"],"picked":"Cold Snap","floor":4},{"not_picked":["Rip and Tear","Tempest"],"picked":"Fusion","floor":5},{"not_picked":["Barrage","Hologram"],"picked":"Defragment","floor":7},{"not_picked":["Rebound","Steam"],"picked":"Capacitor","floor":8},{"not_picked":["Aggregate","Redo"],"picked":"Machine Learning","floor":10},{"not_picked":["Force Field","White Noise"],"picked":"Genetic Algorithm","floor":12},{"not_picked":["Beam Cell","Hologram"],"picked":"Defragment","floor":14},{"not_picked":["Buffer","Fission"],"picked":"Creative AI","floor":16},{"not_picked":["Fusion","Beam Cell","Redo"],"picked":"SKIP","floor":18},{"not_picked":["Capacitor","Barrage","Cold Snap"],"picked":"SKIP","floor":21},{"not_picked":["Aggregate","Static Discharge+1"],"picked":"Compile Driver+1","floor":22},{"not_picked":["Loop","Ball Lightning"],"picked":"Biased Cognition","floor":24}],"player_experience":322319,"relics_obtained":[{"floor":9,"key":"Tiny Chest"},{"floor":19,"key":"Vajra"},{"floor":24,"key":"War Paint"},{"floor":26,"key":"Bottled Lightning"}],"event_choices":[{"event_name":"Shining Light","player_choice":"Entered Light","floor":2,"damage_taken":0},{"event_name":"Living Wall","player_choice":"Grow","floor":3,"damage_taken":0},{"event_name":"World of Goop","player_choice":"Gather Gold","floor":11,"damage_taken":0},{"event_name":"Vampires","player_choice":"Ignored","floor":20,"damage_taken":0},{"event_name":"Colosseum","player_choice":"Fight","floor":27,"damage_taken":0},{"event_name":"Colosseum","player_choice":"Fled From Nobs","floor":27,"damage_taken":0},{"event_name":"WeMeetAgain","player_choice":"Card","floor":29,"damage_taken":0}],"is_beta":true,"boss_relics":[{"not_picked":["Orrery","Empty Cage"],"picked":"Sozu"}],"items_purged_floors":[],"is_endless":false,"potions_floor_spawned":[5,7,14,27],"killed_by":"Centurion and Healer","ascension_level":0}