{"path_per_floor":["M","M","$","M","?","E","$","R","T","T","E","R","?","M","R","B",null,"M","?","$","M","$","R","M","?","T","E","M","M","?","E","R","B",null,"M","M","M","?","?","R","M","R","T","M","M","M","R","?","R","B"],"character_chosen":"DEFECT","items_purchased":["Glacier","Explosive Potion","Apotheosis+1","Gash"],"gold_per_floor":[118,136,61,74,74,101,16,16,16,64,99,99,122,135,135,235,235,255,255,49,69,44,44,64,64,64,98,116,126,126,154,154,250,250,268,282,298,298,353,353,372,372,372,389,409,428,428,428,428,428],"floor_reached":51,"campfire_rested":7,"playtime":7013,"item_purchase_floors":[7,7,20,22],"current_hp_per_floor":[73,70,70,69,76,60,60,60,60,60,43,69,56,44,70,6,89,84,67,67,57,57,85,77,77,77,36,36,35,35,26,54,10,94,91,75,64,64,33,61,42,42,42,33,30,8,36,60,88,39],"items_purged":["Strike_B"],"gold":428,"score":722,"play_id":"6b208196-b697-4471-a0cc-35df56c6838f","local_time":"20180601144954","is_prod":false,"is_daily":false,"chose_seed":false,"is_ascension_mode":false,"campfire_upgraded":1,"win_rate":0.0,"timestamp":1527878994,"campfire_choices":[{"data":"Beam Cell","floor":8,"key":"SMITH"},{"floor":12,"key":"REST"},{"floor":15,"key":"REST"},{"floor":23,"key":"REST"},{"floor":32,"key":"REST"},{"floor":40,"key":"REST"},{"data":"1","floor":42,"key":"LIFT"},{"floor":47,"key":"REST"},{"floor":49,"key":"REST"}],"path_taken":["M","M","$","M","?","E","?","R","T","?","E","R","?","?","R","BOSS","M","?","$","M","$","R","M","?","T","E","?","M","?","E","R","BOSS","M","?","M","?","?","R","?","R","T","M","M","M","R","?","R","BOSS"],"build_version":"2018-05-31","seed_source_timestamp":6841711534795,"purchased_purges":1,"victory":true,"master_deck":["Strike_B","Strike_B","Strike_B","Defend_B","Defend_B","Defend_B","Defend_B","Zap","Dualcast","Fusion","Beam Cell+1","Ball Lightning","Multi-Cast","Glacier","Electrodynamics","Gash","Thunder Strike","Skim+1","Apotheosis+1","Gash","Gash","Redo+1","Go for the Eyes+1","Steam+1","Steam+1","Ball Lightning","Thunder Strike","FTL+1","Chaos+1","Ball Lightning+1","Seek+1","Ball Lightning+1","Static Discharge+1","Steam+1","Redo+1","Writhe"],"max_hp_per_floor":[75,75,75,75,89,89,89,89,89,89,89,89,89,89,89,89,89,89,94,94,94,94,94,94,94,94,94,94,94,94,94,94,94,94,94,94,94,94,94,94,94,94,94,94,94,94,94,94,94,94],"relics":["Cracked Core","Mango","Bottled Flame","Toxic Egg 2","Boot","Bag of Marbles","Odd Mushroom","White Beast Statue","Torii","Happy Flower","Girya","Calling Bell","Ancient Tea Set","Centennial Puzzle","Shovel","Thread and Needle","Pen Nib"],"card_choices":[{"not_picked":["Blizzard","Streamline"],"picked":"Fusion","floor":1},{"not_picked":["Stack","Skim"],"picked":"Beam Cell","floor":2},{"not_picked":["Capacitor","BootSequence"],"picked":"Ball Lightning","floor":4},{"not_picked":["Gash","Consume"],"picked":"Multi-Cast","floor":6},{"not_picked":["Coolheaded+1","Steam+1"],"picked":"Electrodynamics","floor":11},{"not_picked":["Coolheaded+1","Blizzard"],"picked":"Gash","floor":13},{"not_picked":["Lockon","Steam+1","Sweeping Beam"],"picked":"SKIP","floor":14},{"not_picked":["Biased Cognition","Machine Learning"],"picked":"Thunder Strike","floor":16},{"not_picked":["Conserve Battery+1","Steam+1"],"picked":"Skim+1","floor":18},{"not_picked":["Skim+1","Fusion+1"],"picked":"Gash","floor":21},{"not_picked":["Leap+1","Capacitor+1"],"picked":"Redo+1","floor":24},{"not_picked":["Aggregate+1","Force Field+1"],"picked":"Go for the Eyes+1","floor":27},{"not_picked":["Beam Cell","Hologram+1"],"picked":"Steam+1","floor":28},{"not_picked":["Stack+1","Go for the Eyes"],"picked":"Steam+1","floor":29},{"not_picked":["FTL","Cold Snap"],"picked":"Ball Lightning","floor":31},{"not_picked":["Amplify+1","Creative AI"],"picked":"Thunder Strike","floor":33},{"not_picked":["Compile Driver","Sweeping Beam+1"],"picked":"FTL+1","floor":35},{"not_picked":["White Noise+1","Darkness+1"],"picked":"Chaos+1","floor":36},{"not_picked":["Conserve Battery+1","Sweeping Beam"],"picked":"Ball Lightning+1","floor":37},{"not_picked":["Reinforced Body+1","Fusion+1"],"picked":"Seek+1","floor":39},{"not_picked":["Conserve Battery+1","Consume+1"],"picked":"Ball Lightning+1","floor":41},{"not_picked":["Stack+1","Melter+1"],"picked":"Static Discharge+1","floor":44},{"not_picked":["Hologram+1","Hello World"],"picked":"Steam+1","floor":45},{"not_picked":["Stack+1","Hologram+1"],"picked":"Redo+1","floor":46}],"player_experience":20385,"potions_floor_usage":[6,11,13,16,24,27,28,29,31,31,33,35,37,39,41,44,45,46,50,50,50],"damage_taken":[{"damage":2,"enemies":"2 Louse","floor":1,"turns":2},{"damage":3,"enemies":"Jaw Worm","floor":2,"turns":3},{"damage":1,"enemies":"Cultist","floor":4,"turns":3},{"damage":16,"enemies":"Gremlin Nob","floor":6,"turns":3},{"damage":17,"enemies":"3 Sentries","floor":11,"turns":5},{"damage":13,"enemies":"The Mushroom Lair","floor":13,"turns":2},{"damage":12,"enemies":"Blue Slaver","floor":14,"turns":2},{"damage":64,"enemies":"Hexaghost","floor":16,"turns":11},{"damage":5,"enemies":"Spheric Guardian","floor":18,"turns":4},{"damage":10,"enemies":"3 Byrds","floor":21,"turns":3},{"damage":8,"enemies":"Snecko","floor":24,"turns":3},{"damage":55,"enemies":"Slavers","floor":27,"turns":5},{"damage":0,"enemies":"Snake Plant","floor":28,"turns":3},{"damage":1,"enemies":"Cultist and Chosen","floor":29,"turns":5},{"damage":9,"enemies":"Book of Stabbing","floor":31,"turns":5},{"damage":44,"enemies":"Automaton","floor":33,"turns":8},{"damage":3,"enemies":"Orb Walker","floor":35,"turns":5},{"damage":16,"enemies":"3 Shapes","floor":36,"turns":3},{"damage":11,"enemies":"3 Darklings","floor":37,"turns":3},{"damage":31,"enemies":"Mysterious Sphere","floor":39,"turns":4},{"damage":19,"enemies":"4 Shapes","floor":41,"turns":4},{"damage":9,"enemies":"Sphere and 2 Shapes","floor":44,"turns":4},{"damage":3,"enemies":"Maw","floor":45,"turns":5},{"damage":22,"enemies":"4 Shapes","floor":46,"turns":7},{"damage":49,"enemies":"Donu and Deca","floor":50,"turns":6}],"relics_obtained":[{"floor":6,"key":"Bottled Flame"},{"floor":9,"key":"Toxic Egg 2"},{"floor":10,"key":"Boot"},{"floor":11,"key":"Bag of Marbles"},{"floor":13,"key":"Odd Mushroom"},{"floor":26,"key":"Torii"},{"floor":27,"key":"Happy Flower"},{"floor":31,"key":"Girya"},{"floor":34,"key":"Ancient Tea Set"},{"floor":34,"key":"Centennial Puzzle"},{"floor":34,"key":"Shovel"},{"floor":39,"key":"Thread and Needle"},{"floor":43,"key":"Pen Nib"}],"event_choices":[{"event_name":"Scrap Ooze","player_choice":"success","floor":5,"damage_taken":7},{"event_name":"Mushrooms","player_choice":"Fought Mushrooms","floor":13,"damage_taken":0},{"event_name":"Forgotten Altar","player_choice":"Shed Blood","floor":19,"damage_taken":0},{"event_name":"Drug Dealer","player_choice":"Ignored","floor":25,"damage_taken":0},{"event_name":"Cursed Tome","player_choice":"Ignored","floor":30,"damage_taken":0},{"event_name":"Fountain of Cleansing","player_choice":"Removed Curse","floor":38,"damage_taken":0},{"event_name":"Mysterious Sphere","player_choice":"Fight","floor":39,"damage_taken":0},{"event_name":"Winding Halls","player_choice":"Writhe","floor":48,"damage_taken":0}],"boss_relics":[{"not_picked":["Velvet Choker","Philosopher\u0027s Stone"],"picked":"White Beast Statue"},{"not_picked":["Tiny House","Lizard Tail"],"picked":"Calling Bell"}],"items_purged_floors":[3],"potions_floor_spawned":[1,4,13,16,18,21,24,27,28,29,31,33,35,36,37,39,41,44,45,46],"seed_played":"-331424928715426150","ascension_level":0,"potions_obtained":[{"floor":1,"key":"Energy Potion"},{"floor":4,"key":"AttackPotion"},{"floor":13,"key":"Weak Potion"},{"floor":16,"key":"Dexterity Potion"},{"floor":18,"key":"Fire Potion"},{"floor":21,"key":"Regen Potion"},{"floor":24,"key":"Poison Potion"},{"floor":27,"key":"SpeedPotion"},{"floor":28,"key":"Strength Potion"},{"floor":29,"key":"SteroidPotion"},{"floor":31,"key":"FocusPotion"},{"floor":33,"key":"Weak Potion"},{"floor":35,"key":"Poison Potion"},{"floor":36,"key":"FearPotion"},{"floor":37,"key":"Explosive Potion"},{"floor":39,"key":"Dexterity Potion"},{"floor":41,"key":"PowerPotion"},{"floor":44,"key":"Block Potion"},{"floor":45,"key":"Poison Potion"},{"floor":46,"key":"Weak Potion"}],"is_trial":false}