{"gold_per_floor":[118,128,22,40,40,69,69,69,69,69,69,79,44,5,5,82,82,102,12,12,23,43,43],"floor_reached":23,"playtime":677,"items_purged":[],"score":348,"play_id":"b286cfc5-a61e-4534-805f-f7a7b800bf04","local_time":"20180803204644","is_ascension_mode":true,"campfire_choices":[{"data":"Neutralize","floor":7,"key":"SMITH"},{"data":"Noxious Fumes","floor":10,"key":"SMITH"},{"data":"Noxious Fumes","floor":15,"key":"SMITH"}],"neow_cost":"CURSE","seed_source_timestamp":580255100013548,"circlet_count":0,"master_deck":["Defend_G","Defend_G","Defend_G","Defend_G","Defend_G","Strike_G","Strike_G","Strike_G","Strike_G","Strike_G","Survivor","Neutralize+1","AscendersBane","Tools of the Trade","Deadly Poison","All Out Attack","Noxious Fumes+1","Dagger Spray","Noxious Fumes+1","Regret","Bouncing Flask","Leg Sweep","Well Laid Plans","Corpse Explosion","Footwork","Cloak And Dagger","Catalyst+1"],"relics":["Ring of the Snake","Thread and Needle","Letter Opener","Gremlin Horn","Sozu","Enchiridion"],"potions_floor_usage":[8],"damage_taken":[{"damage":4,"enemies":"2 Louse","floor":1,"turns":3},{"damage":3,"enemies":"Cultist","floor":2,"turns":5},{"damage":4,"enemies":"Jaw Worm","floor":4,"turns":5},{"damage":20,"enemies":"Lagavulin","floor":6,"turns":7},{"damage":0,"enemies":"3 Sentries","floor":8,"turns":2},{"damage":5,"enemies":"2 Fungi Beasts","floor":12,"turns":3},{"damage":10,"enemies":"Hexaghost","floor":16,"turns":8},{"damage":3,"enemies":"Shell Parasite","floor":18,"turns":6},{"damage":4,"enemies":"Chosen","floor":21,"turns":4},{"damage":10,"enemies":"Centurion and Healer","floor":22,"turns":6},{"damage":29,"enemies":"Slavers","floor":23,"turns":3}],"seed_played":"5836879755510240142","potions_obtained":[{"floor":1,"key":"Dexterity Potion"},{"floor":2,"key":"SmokeBomb"}],"is_trial":false,"path_per_floor":["M","M","$","M","?","E","R","E","T","R","T","M","?","$","R","B",null,"M","$","?","M","M"],"character_chosen":"THE_SILENT","items_purchased":["Noxious Fumes","Dagger Spray","Well Laid Plans","Footwork","Cloak And Dagger"],"campfire_rested":0,"item_purchase_floors":[3,3,14,19,19],"current_hp_per_floor":[55,52,52,48,48,28,28,28,28,28,28,23,39,39,39,29,57,54,54,33,29,19,0],"gold":43,"neow_bonus":"THREE_RARE_CARDS","is_prod":false,"is_daily":false,"chose_seed":false,"campfire_upgraded":3,"win_rate":0,"timestamp":1533354404,"path_taken":["M","M","$","M","?","E","R","E","T","R","?","M","?","$","R","BOSS","M","$","?","M","M","E"],"build_version":"2018-08-01","purchased_purges":0,"victory":false,"max_hp_per_floor":[66,66,66,66,66,66,66,66,66,66,66,66,66,66,66,66,66,66,66,66,66,66,66],"card_choices":[{"not_picked":["Venomology","Bullet Time"],"picked":"Tools of the Trade","floor":0},{"not_picked":["Flechettes","Poisoned Stab"],"picked":"Deadly Poison","floor":1},{"not_picked":["Flying Knee","Outmaneuver"],"picked":"All Out Attack","floor":2},{"not_picked":["Choke","Backflip"],"picked":"Noxious Fumes","floor":4},{"not_picked":["Dodge and Roll","Predator"],"picked":"Bouncing Flask","floor":6},{"not_picked":["Concentrate","Predator"],"picked":"Leg Sweep","floor":12},{"not_picked":["Storm of Steel","Bullet Time"],"picked":"Corpse Explosion","floor":16},{"not_picked":["Sucker Punch","Poisoned Stab"],"picked":"Catalyst+1","floor":21}],"player_experience":720077,"relics_obtained":[{"floor":6,"key":"Thread and Needle"},{"floor":9,"key":"Letter Opener"},{"floor":11,"key":"Gremlin Horn"},{"floor":20,"key":"Enchiridion"}],"event_choices":[{"event_name":"Transmorgrifier","player_choice":"Transform","floor":5,"damage_taken":0},{"event_name":"The Cleric","player_choice":"Healed","floor":13,"damage_taken":0},{"event_name":"Cursed Tome","player_choice":"Obtained Book","floor":20,"damage_taken":0}],"is_beta":true,"boss_relics":[{"not_picked":["Philosopher\u0027s Stone","Black Star"],"picked":"Sozu"}],"items_purged_floors":[],"is_endless":false,"potions_floor_spawned":[1,2,8,21],"killed_by":"Slavers","ascension_level":15}