{"gold_per_floor":[115,12,31,50,50,50,79,131,154,154,154,154,180,199,199,199],"floor_reached":16,"playtime":557,"items_purged":[],"score":189,"play_id":"0141b3af-1c52-4e63-9f07-d6bf7d671538","local_time":"20180805140916","is_ascension_mode":true,"campfire_choices":[{"data":"Go for the Eyes","floor":6,"key":"SMITH"},{"data":"Hologram","floor":10,"key":"SMITH"},{"data":"Zap","floor":12,"key":"SMITH"},{"data":"Capacitor","floor":15,"key":"SMITH"}],"neow_cost":"NONE","seed_source_timestamp":684938568935735,"circlet_count":0,"master_deck":["Strike_B","Strike_B","Strike_B","Strike_B","Defend_B","Defend_B","Defend_B","Defend_B","Zap+1","Dualcast","AscendersBane","Hologram+1","Go for the Eyes+1","Redo","Cold Snap","Hologram+1","Rebound","Hologram","Capacitor+1"],"relics":["Philosopher\u0027s Stone","Omamori","Oddly Smooth Stone","Happy Flower","Orichalcum"],"potions_floor_usage":[7,16],"damage_taken":[{"damage":9,"enemies":"Small Slimes","floor":1,"turns":3},{"damage":1,"enemies":"2 Louse","floor":3,"turns":2},{"damage":0,"enemies":"Jaw Worm","floor":4,"turns":3},{"damage":17,"enemies":"3 Sentries","floor":7,"turns":10},{"damage":24,"enemies":"Gremlin Nob","floor":13,"turns":6},{"damage":0,"enemies":"Large Slime","floor":14,"turns":5},{"damage":32,"enemies":"Hexaghost","floor":16,"turns":9}],"seed_played":"1382245550718822533","potions_obtained":[{"floor":3,"key":"Swift Potion"},{"floor":13,"key":"Poison Potion"},{"floor":14,"key":"AttackPotion"}],"is_trial":false,"path_per_floor":["M","$","M","M","?","R","E","T","T","R","?","R","E","M","R"],"character_chosen":"DEFECT","items_purchased":["Go for the Eyes","Redo"],"campfire_rested":0,"item_purchase_floors":[2,2],"current_hp_per_floor":[55,55,54,54,54,54,37,37,37,37,54,54,30,30,30,0],"gold":199,"neow_bonus":"BOSS_RELIC","is_prod":false,"is_daily":false,"chose_seed":false,"campfire_upgraded":4,"win_rate":0,"timestamp":1533503356,"path_taken":["M","$","M","M","?","R","E","?","T","R","?","R","E","?","R","BOSS"],"build_version":"2018-08-01","purchased_purges":0,"victory":false,"max_hp_per_floor":[71,71,71,71,71,71,71,71,71,71,71,71,71,71,71,71],"card_choices":[{"not_picked":["BootSequence","Redo"],"picked":"Hologram","floor":1},{"not_picked":["Go for the Eyes","Hologram"],"picked":"Cold Snap","floor":3},{"not_picked":["Barrage","Static Discharge"],"picked":"Hologram","floor":4},{"not_picked":["Force Field","Rip and Tear"],"picked":"Rebound","floor":7},{"not_picked":["Gash","Steam"],"picked":"Hologram","floor":13},{"not_picked":["Leap","Redo"],"picked":"Capacitor","floor":14}],"player_experience":741025,"relics_obtained":[{"floor":7,"key":"Omamori"},{"floor":8,"key":"Oddly Smooth Stone"},{"floor":9,"key":"Happy Flower"},{"floor":13,"key":"Orichalcum"}],"event_choices":[{"event_name":"Living Wall","player_choice":"Grow","floor":5,"damage_taken":0},{"event_name":"Mushrooms","player_choice":"Healed and dodged fight","floor":11,"damage_taken":0}],"is_beta":true,"boss_relics":[],"items_purged_floors":[],"is_endless":false,"potions_floor_spawned":[3,13,14],"killed_by":"Hexaghost","ascension_level":15}