{"gold_per_floor":[110,110,71,88,106,106,124,152,179,179,198,198,30,30,30,30],"floor_reached":16,"playtime":402,"items_purged":[],"score":200,"play_id":"bf4337d5-3628-42b8-bfe2-c0cbcd4e9716","local_time":"20190101234010","is_ascension_mode":true,"campfire_choices":[{"data":"Neutralize","floor":6,"key":"SMITH"},{"floor":10,"key":"REST"},{"data":"Footwork","floor":15,"key":"SMITH"}],"neow_cost":"NONE","seed_source_timestamp":1869065059769871,"circlet_count":0,"master_deck":["AscendersBane","Defend_G","Defend_G","Defend_G","Defend_G","Defend_G","Strike_G","Strike_G","Strike_G","Strike_G","Strike_G","Survivor","Neutralize+1","Infinite Blades","Bullet Time","Footwork+1","Quick Slash","Quick Slash","Eviscerate","Wraith Form v2","Eviscerate","Leg Sweep","After Image"],"relics":["Sozu","Dream Catcher","Singing Bowl","Blood Vial"],"potions_floor_usage":[],"damage_taken":[{"damage":1,"enemies":"2 Louse","floor":1,"turns":3},{"damage":4,"enemies":"Cultist","floor":4,"turns":5},{"damage":0,"enemies":"Small Slimes","floor":5,"turns":4},{"damage":23,"enemies":"Gremlin Gang","floor":7,"turns":6},{"damage":26,"enemies":"Gremlin Nob","floor":8,"turns":4},{"damage":9,"enemies":"2 Fungi Beasts","floor":11,"turns":5},{"damage":4,"enemies":"Hexaghost","floor":16,"turns":10}],"seed_played":"4888831017633894037","potions_obtained":[],"is_trial":false,"path_per_floor":["M","?","$","M","M","R","M","E","T","R","M","T","$","?","R","B"],"character_chosen":"THE_SILENT","items_purchased":["Footwork","After Image"],"campfire_rested":1,"item_purchase_floors":[3,13],"current_hp_per_floor":[58,58,58,54,54,54,31,5,5,24,15,15,15,15,15,13],"gold":30,"neow_bonus":"BOSS_RELIC","is_prod":false,"is_daily":false,"chose_seed":false,"campfire_upgraded":2,"win_rate":0,"timestamp":1546414810,"path_taken":["M","?","$","M","?","R","?","E","T","R","M","?","?","?","R","BOSS"],"build_version":"2018-12-25","purchased_purges":0,"victory":false,"max_hp_per_floor":[66,66,66,66,66,66,66,66,66,66,66,66,66,66,66,66],"card_choices":[{"not_picked":["Outmaneuver","Expertise"],"picked":"Infinite Blades","floor":1},{"not_picked":["Dodge and Roll","Underhanded Strike"],"picked":"Quick Slash","floor":4},{"not_picked":["Outmaneuver","Prepared"],"picked":"Quick Slash","floor":5},{"not_picked":["PiercingWail","Flying Knee"],"picked":"Eviscerate","floor":7},{"not_picked":["Setup","Outmaneuver"],"picked":"Wraith Form v2","floor":8},{"not_picked":["Deflect","Quick Slash"],"picked":"Eviscerate","floor":10},{"not_picked":["Deflect","Prepared"],"picked":"Leg Sweep","floor":11}],"player_experience":1010040,"relics_obtained":[{"floor":8,"key":"Dream Catcher"},{"floor":12,"key":"Singing Bowl"},{"floor":14,"key":"Blood Vial"}],"event_choices":[{"damage_healed":0,"gold_gain":0,"player_choice":"1 cards matched","damage_taken":0,"max_hp_gain":0,"max_hp_loss":0,"event_name":"Match and Keep!","floor":2,"gold_loss":0,"cards_obtained":["Bullet Time"]},{"damage_healed":0,"gold_gain":0,"player_choice":"Relic","damage_taken":0,"max_hp_gain":0,"max_hp_loss":0,"event_name":"Wheel of Change","floor":14,"gold_loss":0}],"is_beta":true,"boss_relics":[],"items_purged_floors":[],"is_endless":false,"potions_floor_spawned":[4,5,8],"killed_by":"Hexaghost","ascension_level":20}