{"gold_per_floor":[113,263,287,44,60,60,92,92,116,132,132,52,80,100,100,174,174,185,3,3,19,19,19,52,52,76,91,91,108,108,127,127,127],"floor_reached":33,"playtime":1001,"items_purged":["Doubt","Eviscerate"],"score":565,"play_id":"716f9f15-a9d4-456d-904b-d846c61707bc","local_time":"20180808180153","is_ascension_mode":true,"campfire_choices":[{"data":"Neutralize","floor":6,"key":"SMITH"},{"data":"Noxious Fumes","floor":8,"key":"SMITH"},{"data":"Bane","floor":15,"key":"SMITH"},{"data":"After Image","floor":23,"key":"SMITH"},{"data":"Footwork","floor":25,"key":"SMITH"},{"floor":30,"key":"REST"},{"floor":32,"key":"REST"}],"neow_cost":"NONE","seed_source_timestamp":801560322057702,"circlet_count":0,"master_deck":["Survivor+1","Neutralize+1","AscendersBane","Terror+1","Noxious Fumes+1","Bane+1","Deflect","All Out Attack","Backflip","Sucker Punch","Well Laid Plans","Bane","Catalyst","After Image+1","Footwork+1","Flying Knee","Blur","Cloak And Dagger","PiercingWail","Deadly Poison","Acrobatics","Flying Knee","Dagger Throw","Footwork","Decay","Crippling Poison+1","Deflect"],"relics":["Velvet Choker","Orichalcum","Anchor","Art of War","Vajra","Pandora\u0027s Box","War Paint","Juzu Bracelet","Matryoshka"],"potions_floor_usage":[16,33],"damage_taken":[{"damage":9,"enemies":"Small Slimes","floor":1,"turns":5},{"damage":7,"enemies":"Jaw Worm","floor":5,"turns":4},{"damage":10,"enemies":"3 Sentries","floor":7,"turns":6},{"damage":0,"enemies":"Cultist","floor":10,"turns":3},{"damage":11,"enemies":"Lagavulin","floor":13,"turns":6},{"damage":0,"enemies":"Large Slime","floor":14,"turns":4},{"damage":0,"enemies":"Slime Boss","floor":16,"turns":6},{"damage":3,"enemies":"2 Thieves","floor":18,"turns":3},{"damage":14,"enemies":"Spheric Guardian","floor":21,"turns":5},{"damage":8,"enemies":"Book of Stabbing","floor":24,"turns":5},{"damage":1,"enemies":"Centurion and Healer","floor":27,"turns":5},{"damage":10,"enemies":"Snake Plant","floor":29,"turns":4},{"damage":20,"enemies":"Snecko","floor":31,"turns":6},{"damage":49,"enemies":"Collector","floor":33,"turns":7}],"seed_played":"9185440359915767167","potions_obtained":[{"floor":7,"key":"Swift Potion"},{"floor":14,"key":"Explosive Potion"},{"floor":21,"key":"Dexterity Potion"}],"is_trial":false,"path_per_floor":["M","?","T","$","M","R","E","R","T","M","?","$","E","M","R","B",null,"M","$","?","M","?","R","E","R","T","M","T","M","R","M","R"],"character_chosen":"THE_SILENT","items_purchased":["Noxious Fumes","Bane","Deflect","Well Laid Plans","Footwork"],"campfire_rested":2,"item_purchase_floors":[4,4,4,12,19],"current_hp_per_floor":[50,50,50,50,43,43,33,33,33,33,55,55,44,44,44,44,61,58,58,58,44,44,44,36,36,36,35,35,25,44,24,43,0],"gold":127,"neow_bonus":"BOSS_RELIC","is_prod":false,"is_daily":false,"chose_seed":false,"campfire_upgraded":5,"win_rate":0,"timestamp":1533776513,"path_taken":["M","?","?","$","?","R","E","R","T","M","?","?","E","M","R","BOSS","M","$","?","M","?","R","E","R","T","M","?","M","R","M","R","BOSS"],"build_version":"2018-08-07v3","purchased_purges":2,"victory":false,"max_hp_per_floor":[66,66,66,66,66,66,66,66,66,66,66,66,66,66,66,66,66,66,66,66,66,66,66,66,66,66,66,66,66,66,66,66,66],"card_choices":[{"not_picked":["Deflect","Blade Dance"],"picked":"Terror","floor":1},{"not_picked":["Reflex","Sucker Punch"],"picked":"All Out Attack","floor":5},{"not_picked":["Quick Slash","Reflex"],"picked":"Backflip","floor":7},{"not_picked":["Eviscerate","Bane"],"picked":"Sucker Punch","floor":10},{"not_picked":["Venomology","Terror"],"picked":"Bane","floor":13},{"not_picked":["Outmaneuver","Flying Knee"],"picked":"Catalyst","floor":14},{"not_picked":["Night Terror","A Thousand Cuts"],"picked":"After Image","floor":16},{"not_picked":["Outmaneuver","Slice+1"],"picked":"Crippling Poison+1","floor":21},{"not_picked":["Deadly Poison","Noxious Fumes"],"picked":"Deflect","floor":31}],"player_experience":771115,"relics_obtained":[{"floor":3,"key":"Orichalcum"},{"floor":7,"key":"Anchor"},{"floor":9,"key":"Art of War"},{"floor":13,"key":"Vajra"},{"floor":24,"key":"War Paint"},{"floor":26,"key":"Juzu Bracelet"},{"floor":28,"key":"Matryoshka"}],"event_choices":[{"event_name":"Liars Game","player_choice":"agreed","floor":2,"damage_taken":0},{"event_name":"Big Fish","player_choice":"Banana","floor":11,"damage_taken":0},{"event_name":"Wheel of Change","player_choice":"Curse","floor":20,"damage_taken":0},{"event_name":"Addict","player_choice":"Ignored","floor":22,"damage_taken":0}],"is_beta":true,"boss_relics":[{"not_picked":["Runic Dome","Black Star"],"picked":"Pandora\u0027s Box"}],"items_purged_floors":[4,19],"is_endless":false,"potions_floor_spawned":[7,14,21,29,31],"killed_by":"Collector","ascension_level":15}