{"gold_per_floor":[115,128,78,78,78,78,94,126,152,77,104,104,121,135,135,237,237,237,237,237,237,237,237,237,237,237,237,237,237,237,237,237,237,237,237,137,137,0,0,0,0,0,0,0,0,0,0],"floor_reached":47,"playtime":1926,"items_purged":["Tools of the Trade","Neutralize+1"],"score":584,"play_id":"51b8d228-5335-4186-98bd-f28b9a90dfa2","local_time":"20190825104047","is_ascension_mode":true,"campfire_choices":[{"data":"Neutralize","floor":6.0,"key":"SMITH"},{"data":"Wraith Form v2","floor":12.0,"key":"SMITH"},{"data":"Doppelganger","floor":15.0,"key":"SMITH"},{"data":"Night Terror","floor":24.0,"key":"SMITH"},{"data":"Terror","floor":27.0,"key":"SMITH"},{"data":"Tactician","floor":29.0,"key":"SMITH"},{"data":"Deadly Poison","floor":32.0,"key":"SMITH"},{"floor":41,"key":"REST"}],"neow_cost":"NONE","seed_source_timestamp":0,"circlet_count":0,"master_deck":["Survivor","Night Terror+1","Deadly Poison+1","Doppelganger+1","Tactician+1","Reflex+1"],"special_seed":0,"relics":["Pandora\u0027s Box","Snake Skull","Oddly Smooth Stone","PreservedInsect","Ectoplasm","Bag of Marbles","Old Coin","MawBank","Ornamental Fan","Empty Cage","Red Mask","Whetstone","Bag of Preparation","Art of War"],"potions_floor_usage":[35,40],"damage_taken":[{"damage":0.0,"enemies":"2 Louse","floor":1.0,"turns":2.0},{"damage":4.0,"enemies":"Small Slimes","floor":2.0,"turns":4.0},{"damage":0.0,"enemies":"Cultist","floor":7.0,"turns":3.0},{"damage":7.0,"enemies":"Gremlin Nob","floor":8.0,"turns":4.0},{"damage":7.0,"enemies":"3 Sentries","floor":11.0,"turns":8.0},{"damage":6.0,"enemies":"Lots of Slimes","floor":13.0,"turns":4.0},{"damage":0.0,"enemies":"Large Slime","floor":14.0,"turns":5.0},{"damage":2.0,"enemies":"Hexaghost","floor":16.0,"turns":6.0},{"damage":0.0,"enemies":"Chosen","floor":18.0,"turns":4.0},{"damage":0.0,"enemies":"Shell Parasite","floor":19.0,"turns":4.0},{"damage":4.0,"enemies":"Snecko","floor":22.0,"turns":5.0},{"damage":2.0,"enemies":"Slavers","floor":23.0,"turns":5.0},{"damage":3.0,"enemies":"Gremlin Leader","floor":25.0,"turns":6.0},{"damage":3.0,"enemies":"Centurion and Healer","floor":30.0,"turns":5.0},{"damage":9.0,"enemies":"Snake Plant","floor":31.0,"turns":4.0},{"damage":17.0,"enemies":"Champ","floor":33.0,"turns":7.0},{"damage":16,"enemies":"3 Darklings","floor":35,"turns":5},{"damage":10,"enemies":"3 Shapes","floor":37,"turns":5},{"damage":6,"enemies":"Reptomancer","floor":40,"turns":5},{"damage":0,"enemies":"3 Darklings","floor":44,"turns":4},{"damage":5,"enemies":"Giant Head","floor":45,"turns":6},{"damage":80,"enemies":"Reptomancer","floor":47,"turns":4}],"seed_played":"1373","potions_obtained":[{"floor":2.0,"key":"Energy Potion"},{"floor":7.0,"key":"Swift Potion"},{"floor":11.0,"key":"Dexterity Potion"},{"floor":14.0,"key":"Energy Potion"},{"floor":16.0,"key":"Explosive Potion"},{"floor":18.0,"key":"EssenceOfSteel"},{"floor":25.0,"key":"Explosive Potion"},{"floor":31.0,"key":"GhostInAJar"},{"floor":33.0,"key":"AttackPotion"},{"floor":35,"key":"Ancient Potion"},{"floor":45,"key":"SteroidPotion"}],"is_trial":false,"path_per_floor":["M","M","?","?","?","R","M","E","T","$","E","R","M","M","R","B",null,"M","M","?","?","M","E","R","E","T","R","?","R","M","M","R","B",null,"M","$","M","?","?","E","R","$","T","M","E","?","E"],"character_chosen":"THE_SILENT","items_purchased":[],"campfire_rested":1,"item_purchase_floors":[],"current_hp_per_floor":[70,66,66,66,70,70,70,63,63,63,56,56,50,50,50,48,70,70,70,57,57,53,51,51,48,48,48,48,48,45,36,36,19,75,59,59,49,49,49,43,65,65,65,65,60,60,0],"gold":0,"neow_bonus":"BOSS_RELIC","is_prod":false,"is_daily":false,"chose_seed":false,"campfire_upgraded":7,"win_rate":0,"timestamp":1566754847,"path_taken":["M","M","?","?","?","R","?","E","T","$","E","R","M","M","R","BOSS","M","?","?","?","M","E","R","E","T","R","?","R","M","M","R","BOSS","M","$","?","?","?","E","R","?","T","M","E","?","E"],"build_version":"2019-08-23","purchased_purges":2,"victory":false,"max_hp_per_floor":[70,70,70,70,70,70,70,70,70,70,70,70,70,70,70,70,70,70,70,75,75,75,75,75,75,75,75,75,75,75,75,75,75,75,75,75,75,75,75,75,75,75,75,75,75,75,75],"card_choices":[{"not_picked":["Cloak And Dagger","A Thousand Cuts","Terror"],"picked":"SKIP","floor":8.0},{"not_picked":["Poisoned Stab","Distraction","Heel Hook"],"picked":"SKIP","floor":11.0},{"not_picked":["Escape Plan","Flying Knee"],"picked":"Tactician","floor":13.0},{"not_picked":["PiercingWail","Masterful Stab","Poisoned Stab"],"picked":"SKIP","floor":14.0},{"not_picked":["Quick Slash+1","Flying Knee","Underhanded Strike"],"picked":"SKIP","floor":18.0},{"not_picked":["Slice+1","Deflect+1","Terror"],"picked":"SKIP","floor":19.0},{"not_picked":["Blur+1","Deadly Poison","Poisoned Stab+1"],"picked":"SKIP","floor":22.0},{"not_picked":["Poisoned Stab","Bane","Slice"],"picked":"SKIP","floor":23.0},{"not_picked":["Blade Dance","Skewer","Outmaneuver"],"picked":"SKIP","floor":25.0},{"not_picked":["Poisoned Stab+1","Dash+1","Outmaneuver"],"picked":"SKIP","floor":30.0},{"not_picked":["Distraction+1","Caltrops","Backstab"],"picked":"SKIP","floor":31.0},{"not_picked":["Prepared","PiercingWail"],"picked":"Reflex+1","floor":35},{"not_picked":["Dagger Throw","Blur","Blade Dance"],"picked":"SKIP","floor":37},{"not_picked":["Deadly Poison+1","Cloak And Dagger+1","All Out Attack+1"],"picked":"SKIP","floor":40},{"not_picked":["Bane","Underhanded Strike+1","Poisoned Stab+1"],"picked":"SKIP","floor":44},{"not_picked":["Endless Agony+1","Underhanded Strike","Doppelganger"],"picked":"SKIP","floor":45}],"player_experience":1440738,"relics_obtained":[{"floor":8.0,"key":"Snake Skull"},{"floor":9.0,"key":"Oddly Smooth Stone"},{"floor":11.0,"key":"PreservedInsect"},{"floor":23.0,"key":"Bag of Marbles"},{"floor":25.0,"key":"Old Coin"},{"floor":26.0,"key":"MawBank"},{"floor":40,"key":"Whetstone"},{"floor":43,"key":"Bag of Preparation"},{"floor":45,"key":"Art of War"}],"event_choices":[{"cards_removed":["Expertise"],"damage_healed":0.0,"max_hp_gain":0.0,"max_hp_loss":0.0,"gold_gain":0.0,"event_name":"The Cleric","player_choice":"Card Removal","floor":3.0,"gold_loss":50.0,"damage_taken":0.0},{"cards_removed":["Prepared"],"damage_healed":0.0,"max_hp_gain":0.0,"max_hp_loss":0.0,"gold_gain":0.0,"event_name":"Living Wall","player_choice":"Forget","floor":4.0,"gold_loss":0.0,"damage_taken":0.0},{"damage_healed":4.0,"max_hp_gain":0.0,"max_hp_loss":0.0,"gold_gain":0.0,"event_name":"Wheel of Change","player_choice":"Full Heal","floor":5.0,"gold_loss":0.0,"damage_taken":0.0},{"damage_healed":0.0,"max_hp_gain":5.0,"max_hp_loss":0.0,"gold_gain":0.0,"event_name":"Forgotten Altar","player_choice":"Shed Blood","floor":20.0,"gold_loss":0.0,"damage_taken":18.0},{"damage_healed":0.0,"max_hp_gain":0.0,"max_hp_loss":0.0,"gold_gain":99.0,"event_name":"Nest","player_choice":"Stole From Cult","floor":21.0,"gold_loss":0.0,"damage_taken":0.0},{"cards_removed":["Cloak And Dagger"],"damage_healed":0.0,"max_hp_gain":0.0,"max_hp_loss":0.0,"gold_gain":0.0,"event_name":"WeMeetAgain","player_choice":"Gave Card","floor":28.0,"gold_loss":0.0,"damage_taken":0.0,"relics_obtained":["Ornamental Fan"]},{"damage_healed":0,"gold_gain":0,"player_choice":"Paid","damage_taken":0,"relics_obtained":["Red Mask"],"max_hp_gain":0,"max_hp_loss":0,"event_name":"Tomb of Lord Red Mask","floor":38,"gold_loss":137},{"damage_healed":0,"gold_gain":0,"player_choice":"Memory 1","damage_taken":0,"max_hp_gain":0,"max_hp_loss":0,"event_name":"SensoryStone","floor":39,"gold_loss":0},{"cards_removed":["Wraith Form v2"],"damage_healed":0,"gold_gain":0,"player_choice":"Removed Power","damage_taken":0,"max_hp_gain":0,"max_hp_loss":0,"event_name":"Falling","floor":46,"gold_loss":0}],"is_beta":true,"boss_relics":[{"not_picked":["Calling Bell","Astrolabe"],"picked":"Ectoplasm"},{"not_picked":["Cursed Key","Velvet Choker"],"picked":"Empty Cage"}],"items_purged_floors":[10,36],"is_endless":false,"potions_floor_spawned":[2,7,11,14,16,18,25,31,33,35,45],"killed_by":"Reptomancer","ascension_level":1}