{"path_per_floor":["M","M","M","M","?","E","R","E","T","E","M","M","M","M","R","B",null,"M","?","M","$","M","E","R","M","T","R","E","M","R","M","R","B",null,"M","?","M","$","M","?","M","M","T","M","?"],"character_chosen":"IRONCLAD","items_purchased":["Perfected Strike","Paper Frog","Bottled Flame"],"gold_per_floor":[118,134,146,159,159,193,193,223,249,275,288,298,317,329,329,434,434,451,374,384,93,111,143,143,155,181,181,209,225,225,243,243,344,344,358,358,373,57,68,0,14,32,32,44,44,44],"floor_reached":46,"campfire_rested":2,"playtime":3259,"item_purchase_floors":[21,21,38],"current_hp_per_floor":[80,80,80,77,77,54,78,80,80,80,80,80,80,80,80,45,80,72,72,76,76,66,59,59,71,71,71,80,56,80,74,74,38,80,73,73,64,64,76,76,63,49,49,57,57,0],"items_purged":["Strike_R"],"gold":44,"score":490,"play_id":"51609947-641e-45f4-b6a8-49b2418d5637","local_time":"20180617171925","is_prod":false,"is_daily":false,"chose_seed":false,"is_ascension_mode":false,"campfire_upgraded":3,"win_rate":0,"timestamp":1529270365,"campfire_choices":[{"floor":7,"key":"REST"},{"data":"Whirlwind","floor":15,"key":"SMITH"},{"data":"Ghostly Armor","floor":24,"key":"SMITH"},{"data":"J.A.X.","floor":27,"key":"SMITH"},{"floor":30,"key":"REST"},{"data":"Strike_R","floor":32,"key":"PURGE"}],"path_taken":["M","M","M","M","?","E","R","E","T","E","M","M","M","M","R","BOSS","M","?","?","$","?","E","R","M","T","R","E","M","R","M","R","BOSS","M","?","?","$","M","?","M","?","T","M","?","E"],"build_version":"2018-06-14v2","seed_source_timestamp":328481740731209,"purchased_purges":1,"victory":false,"master_deck":["Strike_R","Strike_R","Strike_R","Defend_R","Defend_R","Defend_R+1","Bash","Clothesline","Whirlwind+1","Ghostly Armor+1","Clash","Flex+1","Reaper","Thunderclap","Shrug It Off","Rampage","Demon Form","Intimidate+1","J.A.X.+1","Perfected Strike","Headbutt","Spot Weakness+1","Iron Wave","Flame Barrier+1","Spot Weakness","Offering","Heavy Blade+1","Pommel Strike","Seeing Red+1","Fiend Fire","Perfected Strike+1"],"max_hp_per_floor":[80,80,80,80,80,80,80,80,80,80,80,80,80,80,80,80,80,80,80,80,80,80,80,80,80,80,80,80,80,80,80,80,80,80,80,80,80,80,80,80,80,80,80,80,80,80],"relics":["Burning Blood","Art of War","Lantern","War Paint","Happy Flower","Blood Vial","Sozu","Paper Frog","Boot","Omamori","Peace Pipe","Fusion Hammer","Bottled Flame","Red Mask","Torii"],"card_choices":[{"not_picked":["Uppercut","Twin Strike"],"picked":"Clothesline","floor":1},{"not_picked":["Cleave","True Grit"],"picked":"Whirlwind","floor":2},{"not_picked":["Reckless Charge","Evolve"],"picked":"Ghostly Armor","floor":3},{"not_picked":["Clothesline","Headbutt"],"picked":"Clash","floor":4},{"not_picked":["True Grit","Havoc"],"picked":"Flex","floor":6},{"not_picked":["Twin Strike","Heavy Blade"],"picked":"Reaper","floor":8},{"not_picked":["Sentinel","Cleave","Wild Strike"],"picked":"SKIP","floor":10},{"not_picked":["Body Slam","Blood for Blood"],"picked":"Thunderclap","floor":11},{"not_picked":["Cleave","Body Slam"],"picked":"Shrug It Off","floor":12},{"not_picked":["Metallicize","Body Slam"],"picked":"Dropkick","floor":13},{"not_picked":["Metallicize","Infernal Blade"],"picked":"Rampage","floor":14},{"not_picked":["Double Tap","Fiend Fire"],"picked":"Demon Form","floor":16},{"not_picked":["Warcry","Thunderclap"],"picked":"Intimidate+1","floor":18},{"not_picked":["Whirlwind","Rupture","True Grit"],"picked":"SKIP","floor":20},{"not_picked":["Wild Strike","Seeing Red"],"picked":"Headbutt","floor":22},{"not_picked":["Wild Strike","Twin Strike","Body Slam"],"picked":"SKIP","floor":23},{"not_picked":["Twin Strike","Infernal Blade"],"picked":"Spot Weakness+1","floor":25},{"not_picked":["Second Wind","True Grit"],"picked":"Iron Wave","floor":28},{"not_picked":["Bloodletting+1","Second Wind"],"picked":"Flame Barrier+1","floor":29},{"not_picked":["Fire Breathing","Cleave+1"],"picked":"Spot Weakness","floor":31},{"not_picked":["Feed","Immolate"],"picked":"Offering","floor":33},{"not_picked":["Whirlwind","Wild Strike"],"picked":"Heavy Blade+1","floor":35},{"not_picked":["Dropkick+1","Searing Blow"],"picked":"Pommel Strike","floor":37},{"not_picked":["Sever Soul","Anger+1"],"picked":"Seeing Red+1","floor":39},{"not_picked":["Body Slam","Metallicize","Cleave+1"],"picked":"SKIP","floor":41},{"not_picked":["Entrench+1","Twin Strike+1"],"picked":"Fiend Fire","floor":42},{"not_picked":["Wild Strike","Flex"],"picked":"Perfected Strike+1","floor":44}],"player_experience":125280,"potions_floor_usage":[6,16,16,22],"damage_taken":[{"damage":6,"enemies":"Cultist","floor":1,"turns":4},{"damage":6,"enemies":"Jaw Worm","floor":2,"turns":3},{"damage":0,"enemies":"2 Louse","floor":3,"turns":3},{"damage":9,"enemies":"Red Slaver","floor":4,"turns":4},{"damage":29,"enemies":"Lagavulin","floor":6,"turns":8},{"damage":4,"enemies":"Gremlin Nob","floor":8,"turns":3},{"damage":13,"enemies":"Lagavulin","floor":10,"turns":4},{"damage":0,"enemies":"Gremlin Gang","floor":11,"turns":1},{"damage":3,"enemies":"3 Louse","floor":12,"turns":2},{"damage":0,"enemies":"Exordium Thugs","floor":13,"turns":2},{"damage":0,"enemies":"Lots of Slimes","floor":14,"turns":2},{"damage":41,"enemies":"The Guardian","floor":16,"turns":12},{"damage":14,"enemies":"Shell Parasite","floor":18,"turns":4},{"damage":19,"enemies":"2 Thieves","floor":20,"turns":3},{"damage":23,"enemies":"Centurion and Healer","floor":22,"turns":2},{"damage":36,"enemies":"Slavers","floor":23,"turns":4},{"damage":8,"enemies":"Snecko","floor":25,"turns":4},{"damage":34,"enemies":"Gremlin Leader","floor":28,"turns":5},{"damage":30,"enemies":"Cultist and Chosen","floor":29,"turns":7},{"damage":12,"enemies":"Centurion and Healer","floor":31,"turns":3},{"damage":55,"enemies":"Champ","floor":33,"turns":10},{"damage":13,"enemies":"3 Shapes","floor":35,"turns":4},{"damage":17,"enemies":"Orb Walker","floor":37,"turns":2},{"damage":4,"enemies":"Sphere and 2 Shapes","floor":39,"turns":2},{"damage":21,"enemies":"4 Shapes","floor":41,"turns":3},{"damage":22,"enemies":"Maw","floor":42,"turns":5},{"damage":0,"enemies":"3 Darklings","floor":44,"turns":1},{"damage":59,"enemies":"Giant Head","floor":46,"turns":6}],"relics_obtained":[{"floor":6,"key":"Lantern"},{"floor":8,"key":"War Paint"},{"floor":9,"key":"Happy Flower"},{"floor":10,"key":"Blood Vial"},{"floor":23,"key":"Boot"},{"floor":26,"key":"Omamori"},{"floor":28,"key":"Peace Pipe"},{"floor":43,"key":"Torii"}],"event_choices":[{"event_name":"Purifier","player_choice":"One Purge","floor":5,"damage_taken":0},{"event_name":"Drug Dealer","player_choice":"Got JAXXED","floor":19,"damage_taken":0},{"event_name":"The Lab","player_choice":"Got Potions","floor":36,"damage_taken":0},{"event_name":"Tomb of Lord Red Mask","player_choice":"Paid","floor":40,"damage_taken":0},{"event_name":"Falling","player_choice":"Removed Attack","floor":45,"damage_taken":0}],"boss_relics":[{"not_picked":["Lizard Tail","Astrolabe"],"picked":"Sozu"},{"not_picked":["Cursed Key","Runic Cube"],"picked":"Fusion Hammer"}],"items_purged_floors":[38],"is_endless":false,"potions_floor_spawned":[1,4,6,11,13,14,18,20,23,29,35,37,44],"seed_played":"6460070980069022542","killed_by":"Giant Head","ascension_level":0,"potions_obtained":[{"floor":1,"key":"GamblersBrew"},{"floor":4,"key":"Weak Potion"},{"floor":6,"key":"GamblersBrew"},{"floor":11,"key":"Ancient Potion"},{"floor":14,"key":"Explosive Potion"}],"is_trial":false}