{"gold_per_floor":[114,128,53,72,87,116,216,232,232,260,260,295,310,73,73,177,207,219,44,44,59,59,93,93,125,181,181,197,112,130,130,130,232,232,242,242,260,285,285,285,315,64,64,64,81,81,51,15,15,15],"floor_reached":51,"playtime":8267,"items_purged":["Strike_B","Strike_B","Strike_B"],"score":790,"play_id":"9738cb1f-38a4-440e-b7eb-7de1f9163512","local_time":"20180630150146","is_ascension_mode":true,"campfire_choices":[{"data":"Dualcast","floor":11.0,"key":"SMITH"},{"data":"Capacitor","floor":15.0,"key":"SMITH"},{"floor":24.0,"key":"REST"},{"floor":27.0,"key":"REST"},{"floor":32.0,"key":"REST"},{"data":"Machine Learning","floor":40,"key":"SMITH"},{"floor":49,"key":"REST"}],"neow_cost":"","seed_source_timestamp":0,"circlet_count":0,"master_deck":["Strike_B","Defend_B","Defend_B","Defend_B","Zap+1","Dualcast+1","Turbo+1","FTL","Leap","Gash","Steam","Go for the Eyes","Coolheaded","Capacitor+1","Turbo","Conserve Battery","Machine Learning+1","Beam Cell","Chill","Gash","Ball Lightning","Gash","Compile Driver","Scrape+1","All For One","Beam Cell+1","Gash","Tempest+1","Steam Power+1","BootSequence"],"special_seed":0,"relics":["Cracked Core","Orichalcum","Shuriken","Boot","Matryoshka","Tiny House","Regal Pillow","Bag of Preparation","Strawberry","Tiny Chest","Mango","Lizard Tail","Dead Branch","Juzu Bracelet","Anchor","Omamori","Mercury Hourglass","Potion Belt"],"potions_floor_usage":[50,50,50,50,50],"damage_taken":[{"damage":3.0,"enemies":"Jaw Worm","floor":1.0,"turns":3.0},{"damage":1.0,"enemies":"Cultist","floor":2.0,"turns":3.0},{"damage":0.0,"enemies":"Small Slimes","floor":4.0,"turns":3.0},{"damage":0.0,"enemies":"Looter","floor":5.0,"turns":4.0},{"damage":12.0,"enemies":"3 Sentries","floor":6.0,"turns":7.0},{"damage":0.0,"enemies":"2 Fungi Beasts","floor":8.0,"turns":4.0},{"damage":8.0,"enemies":"Gremlin Nob","floor":10.0,"turns":3.0},{"damage":12.0,"enemies":"3 Sentries","floor":12.0,"turns":6.0},{"damage":0.0,"enemies":"Red Slaver","floor":13.0,"turns":2.0},{"damage":26.0,"enemies":"Slime Boss","floor":16.0,"turns":14.0},{"damage":15.0,"enemies":"Chosen","floor":18.0,"turns":7.0},{"damage":2.0,"enemies":"Shell Parasite","floor":21.0,"turns":9.0},{"damage":46.0,"enemies":"Gremlin Leader","floor":23.0,"turns":10.0},{"damage":43.0,"enemies":"Slavers","floor":25.0,"turns":10.0},{"damage":17.0,"enemies":"Sentry and Sphere","floor":28.0,"turns":7.0},{"damage":12.0,"enemies":"Snake Plant","floor":30.0,"turns":4.0},{"damage":41.0,"enemies":"Automaton","floor":33.0,"turns":7.0},{"damage":18,"enemies":"3 Darklings","floor":35,"turns":4},{"damage":0,"floor":36,"turns":4},{"damage":2,"enemies":"Orb Walker","floor":37,"turns":3},{"damage":40,"enemies":"Nemesis","floor":41,"turns":5},{"damage":22,"enemies":"Sphere and 2 Shapes","floor":45,"turns":4},{"damage":75,"enemies":"Time Eater","floor":50,"turns":11}],"seed_played":"8966402163236914364","potions_obtained":[{"floor":2.0,"key":"AttackPotion"},{"floor":4.0,"key":"Swift Potion"},{"floor":8.0,"key":"Fire Potion"},{"floor":13.0,"key":"Dexterity Potion"},{"floor":17.0,"key":"Swift Potion"},{"floor":18.0,"key":"Explosive Potion"},{"floor":30.0,"key":"PowerPotion"},{"floor":35,"key":"Strength Potion"},{"floor":41,"key":"SpeedPotion"},{"floor":45,"key":"LiquidBronze"},{"floor":47,"key":"Ancient Potion"},{"floor":47,"key":"Regen Potion"}],"is_trial":false,"path_per_floor":["M","M","$","M","M","E","?","M","T","E","R","E","M","$","R","B",null,"M","$","?","M","?","E","R","E","T","R","M","?","M","?","R","B",null,"M","?","M","T","?","R","E","$","T","$","M","?","?","$","R","B"],"character_chosen":"DEFECT","items_purchased":["Capacitor","Turbo","Conserve Battery","Gash","Mercury Hourglass","BootSequence"],"campfire_rested":4,"item_purchase_floors":[],"current_hp_per_floor":[72,71,71,71,71,59,59,59,59,51,51,39,39,39,39,13,80,65,65,65,63,63,17,56,13,20,61,44,58,46,26,72,31,106,88,88,86,86,86,86,46,46,46,46,24,24,24,24,70,10],"gold":15,"neow_bonus":"","is_prod":false,"is_daily":false,"chose_seed":false,"campfire_upgraded":3,"win_rate":0.0,"timestamp":1530363706,"path_taken":["M","M","$","M","M","E","?","M","T","E","R","E","M","$","R","BOSS","M","$","?","?","?","E","R","E","T","R","M","?","?","?","R","BOSS","M","?","M","?","?","R","E","$","T","?","M","?","?","$","R","BOSS"],"build_version":"2018-06-28","purchased_purges":3,"victory":true,"max_hp_per_floor":[75,75,75,75,75,75,75,75,75,75,75,75,75,75,75,75,80,80,80,80,80,80,80,80,80,87,87,87,101,101,106,106,106,106,106,106,106,106,106,106,106,106,106,106,106,106,106,106,106,106],"card_choices":[{"not_picked":["Leap","Loop"],"picked":"Turbo","floor":1.0},{"not_picked":["Force Field","Beam Cell"],"picked":"FTL","floor":2.0},{"not_picked":["Sunder","Capacitor"],"picked":"Leap","floor":4.0},{"not_picked":["Blizzard","Sunder"],"picked":"Gash","floor":5.0},{"not_picked":["Hello World","Streamline"],"picked":"Steam","floor":6.0},{"not_picked":["Barrage","Sunder","Storm"],"picked":"SKIP","floor":8.0},{"not_picked":["Leap","Streamline"],"picked":"Go for the Eyes","floor":10.0},{"not_picked":["Biased Cognition","Ball Lightning"],"picked":"Coolheaded","floor":12.0},{"not_picked":["Streamline","Compile Driver","Sunder"],"picked":"SKIP","floor":13.0},{"not_picked":["Amplify","Multi-Cast"],"picked":"Machine Learning","floor":16.0},{"not_picked":["Heatsinks","Redo"],"picked":"Beam Cell","floor":17.0},{"not_picked":["Beam Cell","Cold Snap"],"picked":"Chill","floor":18.0},{"not_picked":["Cold Snap","Tempest"],"picked":"Ball Lightning","floor":21.0},{"not_picked":["Go for the Eyes+1","Streamline+1"],"picked":"Gash","floor":23.0},{"not_picked":["BootSequence","Turbo","Self Repair"],"picked":"SKIP","floor":25.0},{"not_picked":["Barrage","Turbo"],"picked":"Compile Driver","floor":28.0},{"not_picked":["Buffer","Barrage"],"picked":"Scrape+1","floor":30.0},{"not_picked":["Rainbow","Multi-Cast"],"picked":"All For One","floor":33.0},{"not_picked":["Darkness+1","Go for the Eyes"],"picked":"Beam Cell+1","floor":35},{"not_picked":["Stack+1","Meteor Strike"],"picked":"Gash","floor":37},{"not_picked":["Ball Lightning","Redo+1"],"picked":"Tempest+1","floor":41},{"not_picked":["Conserve Battery+1","Barrage+1"],"picked":"Steam Power+1","floor":45}],"player_experience":218227,"relics_obtained":[{"floor":6.0,"key":"Orichalcum"},{"floor":9.0,"key":"Shuriken"},{"floor":10.0,"key":"Boot"},{"floor":12.0,"key":"Matryoshka"},{"floor":23.0,"key":"Regal Pillow"},{"floor":25.0,"key":"Bag of Preparation"},{"floor":26.0,"key":"Strawberry"},{"floor":26.0,"key":"Tiny Chest"},{"floor":36,"key":"Dead Branch"},{"floor":38,"key":"Juzu Bracelet"},{"floor":38,"key":"Anchor"},{"floor":41,"key":"Omamori"},{"floor":43,"key":"Potion Belt"}],"event_choices":[{"event_name":"Golden Shrine","player_choice":"Pray","floor":7.0,"damage_taken":0.0},{"event_name":"Drug Dealer","player_choice":"Ignored","floor":20.0,"damage_taken":0.0},{"event_name":"Vampires","player_choice":"Ignored","floor":22.0,"damage_taken":0.0},{"event_name":"Addict","player_choice":"Obtained Relic","floor":29.0,"damage_taken":0.0},{"event_name":"Forgotten Altar","player_choice":"Shed Blood","floor":31.0,"damage_taken":0.0},{"event_name":"MindBloom","player_choice":"Fight","floor":36,"damage_taken":0},{"event_name":"Mysterious Sphere","player_choice":"Ignore","floor":39,"damage_taken":0},{"event_name":"Falling","player_choice":"Removed Skill","floor":46,"damage_taken":0},{"event_name":"The Woman in Blue","player_choice":"Bought 2 Potions","floor":47,"damage_taken":0}],"boss_relics":[{"not_picked":["Black Star","Snecko Eye"],"picked":"Tiny House"},{"not_picked":["Cursed Key","Coffee Dripper"],"picked":"Lizard Tail"}],"items_purged_floors":[],"is_endless":false,"potions_floor_spawned":[2,4,8,13,18,30,35,41,45],"ascension_level":1}