{"gold_per_floor":[119,138,148,148,173,185,205,222,222,222,260,260,3,18,18,137,137,151,4,18,38,38,76,76,116,116,140,55,55,180,180,180,180],"floor_reached":33,"playtime":1783,"items_purged":[],"score":373,"play_id":"e7bad870-2332-4859-91c1-5bfd7ae78e27","local_time":"20190814231100","is_ascension_mode":true,"campfire_choices":[{"floor":15.0,"key":"REST"},{"floor":24,"key":"REST"},{"floor":29,"key":"REST"},{"data":"Defragment","floor":32,"key":"SMITH"}],"neow_cost":"NONE","seed_source_timestamp":0,"circlet_count":0,"master_deck":["Zap+1","Dualcast","Go for the Eyes","Conserve Battery","Defragment","Rebound","Darkness","Compile Driver","Buffer","Steam","Chill","Seek","Beam Cell","Hologram","Thunder Strike","Leap","Lockon","Reprogram","BootSequence","Rip and Tear","Defragment+1","Hologram+1","Steam+1","Conserve Battery+1","White Noise","Go for the Eyes+1"],"special_seed":0,"relics":["Cracked Core","Blood Vial","Mummified Hand","Golden Idol","Omamori","Darkstone Periapt","TheAbacus","Pandora\u0027s Box","PreservedInsect","WingedGreaves","DataDisk","Molten Egg 2","Smiling Mask","Nunchaku","Toxic Egg 2"],"potions_floor_usage":[30],"damage_taken":[{"damage":2.0,"enemies":"2 Louse","floor":1.0,"turns":2.0},{"damage":4.0,"enemies":"Jaw Worm","floor":2.0,"turns":2.0},{"damage":0.0,"enemies":"Cultist","floor":3.0,"turns":3.0},{"damage":0.0,"enemies":"Exordium Wildlife","floor":6.0,"turns":3.0},{"damage":7.0,"enemies":"Large Slime","floor":7.0,"turns":5.0},{"damage":5.0,"enemies":"Blue Slaver","floor":8.0,"turns":3.0},{"damage":15.0,"enemies":"3 Sentries","floor":11.0,"turns":6.0},{"damage":0.0,"enemies":"2 Fungi Beasts","floor":14.0,"turns":3.0},{"damage":16.0,"enemies":"Hexaghost","floor":16.0,"turns":9.0},{"damage":8.0,"enemies":"Spheric Guardian","floor":18.0,"turns":3.0},{"damage":0.0,"enemies":"Chosen","floor":20.0,"turns":4.0},{"damage":17.0,"enemies":"Snake Plant","floor":21.0,"turns":4.0},{"damage":15,"enemies":"Gremlin Leader","floor":23,"turns":8},{"damage":3,"enemies":"Book of Stabbing","floor":25,"turns":4},{"damage":22,"enemies":"Shelled Parasite and Fungi","floor":27,"turns":8},{"damage":9,"enemies":"Colosseum Slavers","floor":30,"turns":5},{"damage":11,"enemies":"Colosseum Nobs","floor":30,"turns":5},{"damage":57,"enemies":"Collector","floor":33,"turns":10}],"seed_played":"-9054308951923241220","potions_obtained":[{"floor":3.0,"key":"Dexterity Potion"},{"floor":6.0,"key":"LiquidBronze"},{"floor":7.0,"key":"Block Potion"},{"floor":11.0,"key":"Block Potion"},{"floor":21.0,"key":"FocusPotion"},{"floor":23,"key":"SmokeBomb"}],"is_trial":false,"path_per_floor":["M","M","M","?","T","M","M","M","T","?","E","?","$","M","R","B",null,"M","$","M","M","?","E","R","E","T","M","?","R","?","?","R","B"],"character_chosen":"DEFECT","items_purchased":["TheAbacus","Steam","PreservedInsect"],"campfire_rested":3,"item_purchase_floors":[13,13,19],"current_hp_per_floor":[66,62,62,67,67,69,64,61,61,41,28,21,21,23,47,33,68,62,62,64,49,49,36,60,59,59,39,39,63,47,47,47,0],"gold":180,"neow_bonus":"UPGRADE_CARD","is_prod":false,"is_daily":false,"chose_seed":false,"campfire_upgraded":1,"win_rate":0,"timestamp":1565791860,"path_taken":["M","M","M","?","?","?","M","M","T","?","E","?","$","M","R","BOSS","M","$","M","M","?","E","R","E","T","M","?","R","?","?","R","BOSS"],"build_version":"2019-07-17","purchased_purges":0,"victory":false,"max_hp_per_floor":[75,75,75,80,80,80,80,80,80,80,80,80,80,80,80,80,80,80,80,80,80,80,80,80,80,80,80,80,80,80,80,80,80],"card_choices":[{"not_picked":["Hologram","Beam Cell"],"picked":"Go for the Eyes","floor":1.0},{"not_picked":["Leap","Genetic Algorithm"],"picked":"Conserve Battery","floor":2.0},{"not_picked":["Ball Lightning","Streamline"],"picked":"Defragment","floor":3.0},{"not_picked":["Gash","Turbo"],"picked":"Rebound","floor":6.0},{"not_picked":["Loop","Redo"],"picked":"Darkness","floor":7.0},{"not_picked":["Rebound","Storm"],"picked":"Compile Driver","floor":8.0},{"not_picked":["Darkness","Sunder"],"picked":"Buffer","floor":11.0},{"not_picked":["Hello World","Streamline"],"picked":"Chill","floor":14.0},{"not_picked":["Hyperbeam","Thunder Strike"],"picked":"Seek","floor":16.0},{"not_picked":["Streamline","Gash+1"],"picked":"Defragment","floor":18.0},{"not_picked":["Tempest+1","Scrape"],"picked":"Hologram+1","floor":20.0},{"not_picked":["Go for the Eyes","Rebound"],"picked":"Steam+1","floor":21.0},{"not_picked":["Ball Lightning","Rebound"],"picked":"Conserve Battery+1","floor":23},{"not_picked":["Amplify","Gash"],"picked":"White Noise","floor":25},{"not_picked":["Storm","Streamline+1","FTL+1"],"picked":"SKIP","floor":27},{"not_picked":["Scrape+1","Sunder+1"],"picked":"Go for the Eyes+1","floor":30}],"player_experience":150040,"relics_obtained":[{"floor":5.0,"key":"Blood Vial"},{"floor":9.0,"key":"Mummified Hand"},{"floor":11.0,"key":"Omamori"},{"floor":23,"key":"WingedGreaves"},{"floor":25,"key":"DataDisk"},{"floor":26,"key":"Molten Egg 2"},{"floor":30,"key":"Nunchaku"},{"floor":30,"key":"Toxic Egg 2"}],"event_choices":[{"damage_healed":0.0,"max_hp_gain":5.0,"max_hp_loss":0.0,"gold_gain":0.0,"event_name":"Big Fish","player_choice":"Donut","floor":4.0,"gold_loss":0.0,"damage_taken":0.0},{"damage_healed":0.0,"max_hp_gain":0.0,"max_hp_loss":0.0,"gold_gain":0.0,"event_name":"Golden Idol","player_choice":"Take Damage","floor":10.0,"gold_loss":0.0,"damage_taken":20.0,"relics_obtained":["Golden Idol"]},{"damage_healed":0.0,"max_hp_gain":0.0,"max_hp_loss":0.0,"gold_gain":0.0,"event_name":"Scrap Ooze","player_choice":"Success","floor":12.0,"gold_loss":0.0,"damage_taken":7.0,"relics_obtained":["Darkstone Periapt"]},{"damage_healed":0.0,"max_hp_gain":0.0,"max_hp_loss":0.0,"gold_gain":0.0,"event_name":"Vampires","player_choice":"Ignored","floor":22.0,"gold_loss":0.0,"damage_taken":0.0},{"damage_healed":0,"gold_gain":0,"player_choice":"Obtained Relic","damage_taken":0,"relics_obtained":["Smiling Mask"],"max_hp_gain":0,"max_hp_loss":0,"event_name":"Addict","floor":28,"gold_loss":85},{"damage_healed":0,"gold_gain":0,"player_choice":"Fight","damage_taken":0,"max_hp_gain":0,"max_hp_loss":0,"event_name":"Colosseum","floor":30,"gold_loss":0},{"damage_healed":0,"gold_gain":0,"player_choice":"Fought Nobs","damage_taken":0,"max_hp_gain":0,"max_hp_loss":0,"event_name":"Colosseum","floor":30,"gold_loss":0},{"damage_healed":0,"gold_gain":0,"player_choice":"Ignored","damage_taken":0,"max_hp_gain":0,"max_hp_loss":0,"event_name":"Ghosts","floor":31,"gold_loss":0}],"is_beta":false,"boss_relics":[{"not_picked":["Fusion Hammer","FrozenCore"],"picked":"Pandora\u0027s Box"}],"items_purged_floors":[],"is_endless":false,"potions_floor_spawned":[3,6,7,11,21,23,30],"killed_by":"Collector","ascension_level":6}