{"gold_per_floor":[111,186,186,34,45,76,76,111,137,137,137,157,182,207,207,332,332,346,360,373,161,161,161,89,89,89,14,14,37,60,60,60,190,190,205,205,230,230,24,24,149,149,176,189,189,228,241,260,260,260],"floor_reached":51,"playtime":2938,"items_purged":["Strike_B","Strike_B","Strike_B"],"score":751,"play_id":"3078ce5e-8b7a-46c7-80b7-8896104004a0","local_time":"20190725230018","is_ascension_mode":true,"campfire_choices":[{"data":"Electrodynamics","floor":7,"key":"SMITH"},{"data":"Genetic Algorithm","floor":11,"key":"SMITH"},{"floor":15,"key":"REST"},{"data":"Storm","floor":23,"key":"SMITH"},{"data":"Defragment","floor":25,"key":"SMITH"},{"data":"Echo Form","floor":28,"key":"SMITH"},{"floor":32,"key":"REST"},{"data":"Lockon","floor":40,"key":"SMITH"},{"data":"Panacea","floor":42,"key":"SMITH"},{"data":"Tempest","floor":45,"key":"SMITH"},{"floor":49,"key":"REST"}],"neow_cost":"NONE","seed_source_timestamp":1357209729908184,"circlet_count":0,"master_deck":["Defend_B","Defend_B","Zap","Dualcast","Auto Shields","Genetic Algorithm+1","Sweeping Beam","Electrodynamics+1","BootSequence","Echo Form+1","Undo+1","Tempest+1","Lockon+1","Storm+1","Rip and Tear","Stack","Defragment+1","Parasite","Capacitor+1","Reboot","Turbo+1","Creative AI+1","Heatsinks+1","Panacea+1","Clumsy","Defragment+1","Buffer+1"],"relics":["Cracked Core","NeowsBlessing","Happy Flower","Bag of Marbles","Bag of Preparation","Golden Idol","Cursed Key","Frozen Egg 2","Eternal Feather","Ginger","Blood Vial","Dream Catcher"],"potions_floor_usage":[8,8,16,37,48,50,50],"damage_taken":[{"damage":0,"enemies":"Jaw Worm","floor":1,"turns":1},{"damage":0,"enemies":"Small Slimes","floor":5,"turns":1},{"damage":0,"enemies":"Lagavulin","floor":6,"turns":1},{"damage":19,"enemies":"Gremlin Nob","floor":8,"turns":3},{"damage":0,"enemies":"2 Louse","floor":12,"turns":1},{"damage":0,"enemies":"Large Slime","floor":13,"turns":3},{"damage":5,"enemies":"Exordium Thugs","floor":14,"turns":3},{"damage":52,"enemies":"Hexaghost","floor":16,"turns":12},{"damage":0,"enemies":"3 Byrds","floor":18,"turns":2},{"damage":7,"enemies":"2 Thieves","floor":19,"turns":3},{"damage":11,"enemies":"Shelled Parasite and Fungi","floor":20,"turns":6},{"damage":13,"enemies":"Snecko","floor":29,"turns":3},{"damage":0,"enemies":"Centurion and Healer","floor":30,"turns":3},{"damage":14,"enemies":"Automaton","floor":33,"turns":6},{"damage":0,"enemies":"3 Shapes","floor":35,"turns":2},{"damage":0,"enemies":"Orb Walker","floor":37,"turns":3},{"damage":31,"enemies":"Mind Bloom Boss Battle","floor":41,"turns":4},{"damage":0,"enemies":"4 Shapes","floor":44,"turns":2},{"damage":20,"enemies":"Reptomancer","floor":46,"turns":4},{"damage":30,"enemies":"Spire Growth","floor":47,"turns":3},{"damage":5,"enemies":"Sphere and 2 Shapes","floor":48,"turns":3},{"damage":50,"enemies":"Donu and Deca","floor":50,"turns":8}],"seed_played":"2094251051730912202","potions_obtained":[{"floor":1,"key":"Energy Potion"},{"floor":5,"key":"FearPotion"},{"floor":13,"key":"SkillPotion"},{"floor":29,"key":"Strength Potion"},{"floor":30,"key":"Poison Potion"},{"floor":33,"key":"AttackPotion"},{"floor":35,"key":"SteroidPotion"},{"floor":41,"key":"Fire Potion"},{"floor":47,"key":"Block Potion"}],"is_trial":false,"path_per_floor":["M","?","?","$","M","E","R","E","T","?","R","M","M","M","R","B",null,"M","M","M","$","?","R","$","R","T","$","R","M","M","?","R","B",null,"M","?","M","?","$","R","?","R","T","M","R","E","M","M","R","B",null],"character_chosen":"DEFECT","items_purchased":["Genetic Algorithm","Lockon","Storm","Defragment","Capacitor+1","Panacea"],"campfire_rested":3,"item_purchase_floors":[4,21,21,24,27,39],"current_hp_per_floor":[75,64,57,57,57,57,57,38,38,38,38,38,38,33,53,1,69,69,62,51,51,51,51,51,51,51,51,51,38,38,38,58,44,69,69,69,69,69,69,69,38,50,50,52,67,49,21,18,53,5],"gold":260,"neow_bonus":"THREE_ENEMY_KILL","is_prod":false,"is_daily":false,"chose_seed":false,"campfire_upgraded":8,"win_rate":0,"timestamp":1564113618,"path_taken":["M","?","?","$","M","E","R","E","T","?","R","M","M","M","R","BOSS","M","M","M","$","?","R","$","R","T","$","R","M","M","?","R","BOSS","M","?","M","?","$","R","?","R","T","M","R","E","M","?","R","BOSS"],"build_version":"2019-07-17","purchased_purges":3,"victory":true,"max_hp_per_floor":[75,75,75,75,75,75,75,75,75,69,69,69,69,69,69,69,69,69,69,69,69,69,69,69,69,69,69,69,69,69,69,69,69,69,69,69,69,69,69,69,69,69,69,69,69,69,69,69,69,69],"card_choices":[{"not_picked":["Barrage","Sunder"],"picked":"Auto Shields","floor":1},{"not_picked":["Ball Lightning","Stack"],"picked":"Sweeping Beam","floor":5},{"not_picked":["Leap","Reboot"],"picked":"Electrodynamics","floor":6},{"not_picked":["Hologram","Cold Snap","Go for the Eyes"],"picked":"SKIP","floor":8},{"not_picked":["Turbo","Chaos"],"picked":"BootSequence","floor":12},{"not_picked":["Rebound","Conserve Battery","Aggregate"],"picked":"SKIP","floor":13},{"not_picked":["Rebound","Hello World","Coolheaded"],"picked":"SKIP","floor":14},{"not_picked":["Biased Cognition","All For One"],"picked":"Echo Form","floor":16},{"not_picked":["Sweeping Beam","Cold Snap"],"picked":"Undo+1","floor":18},{"not_picked":["Hologram+1","Rebound"],"picked":"Tempest","floor":19},{"not_picked":["FTL","Stack","Barrage"],"picked":"SKIP","floor":20},{"not_picked":["Hologram","Melter"],"picked":"Reboot","floor":29},{"not_picked":["Steam Power","Fusion"],"picked":"Turbo+1","floor":30},{"not_picked":["Multi-Cast","Hyperbeam"],"picked":"Creative AI+1","floor":33},{"not_picked":["Skim","Leap+1"],"picked":"Heatsinks+1","floor":35},{"not_picked":["Conserve Battery","Barrage","Stack"],"picked":"SKIP","floor":37},{"not_picked":["Undo+1","Beam Cell+1"],"picked":"Defragment+1","floor":44},{"not_picked":["Compile Driver","Core Surge"],"picked":"Buffer+1","floor":46},{"not_picked":["Stack+1","Coolheaded+1","Chaos+1"],"picked":"SKIP","floor":47},{"not_picked":["Skim+1","Rebound","Compile Driver+1"],"picked":"SKIP","floor":48}],"player_experience":888317,"relics_obtained":[{"floor":6,"key":"Happy Flower"},{"floor":8,"key":"Bag of Marbles"},{"floor":9,"key":"Bag of Preparation"},{"floor":26,"key":"Frozen Egg 2"},{"floor":41,"key":"Ginger"},{"floor":43,"key":"Blood Vial"},{"floor":46,"key":"Dream Catcher"}],"event_choices":[{"damage_healed":0,"gold_gain":75,"player_choice":"Gather Gold","damage_taken":11,"max_hp_gain":0,"max_hp_loss":0,"event_name":"World of Goop","floor":2,"gold_loss":0},{"cards_removed":["Defend_B"],"damage_healed":0,"gold_gain":0,"player_choice":"Card Removal","damage_taken":7,"max_hp_gain":0,"max_hp_loss":0,"event_name":"Golden Wing","floor":3,"gold_loss":0},{"damage_healed":0,"gold_gain":0,"player_choice":"Lose Max HP","damage_taken":0,"relics_obtained":["Golden Idol"],"max_hp_gain":0,"max_hp_loss":6,"event_name":"Golden Idol","floor":10,"gold_loss":0},{"damage_healed":0,"gold_gain":0,"cards_transformed":["Defend_B","Strike_B"],"player_choice":"Became Test Subject","damage_taken":0,"max_hp_gain":0,"max_hp_loss":0,"event_name":"Drug Dealer","floor":22,"gold_loss":0,"cards_obtained":["Rip and Tear","Stack"]},{"damage_healed":0,"gold_gain":0,"player_choice":"Ignored","damage_taken":0,"max_hp_gain":0,"max_hp_loss":0,"event_name":"Vampires","floor":31,"gold_loss":0},{"damage_healed":0,"gold_gain":0,"player_choice":"Memory 1","damage_taken":0,"max_hp_gain":0,"max_hp_loss":0,"event_name":"SensoryStone","floor":36,"gold_loss":0},{"damage_healed":0,"gold_gain":0,"player_choice":"Ignored","damage_taken":0,"max_hp_gain":0,"max_hp_loss":0,"event_name":"Tomb of Lord Red Mask","floor":38,"gold_loss":0},{"damage_healed":0,"gold_gain":0,"player_choice":"Fight","damage_taken":0,"max_hp_gain":0,"max_hp_loss":0,"event_name":"MindBloom","floor":41,"gold_loss":0}],"is_beta":false,"boss_relics":[{"not_picked":["Lizard Tail","Nuclear Battery"],"picked":"Cursed Key"},{"not_picked":["Runic Pyramid","Snecko Eye"],"picked":"Eternal Feather"}],"items_purged_floors":[4,21,39],"is_endless":false,"potions_floor_spawned":[1,5,13,29,30,33,35,41,47],"ascension_level":2}