{"gold_per_floor":[118,118,118,128,1,1,14,14,14,46,46,80,92,109,109,211,211,226,325,325,337,148,174,174,174,174,174,188,51,51,83,83,183,183,199,0,100,100,110,142,156,156,156,175,190,204,204,204,204,204,204,204,154,183,183],"floor_reached":55,"playtime":4113,"items_purged":["Strike_G","Strike_G","Regret"],"score":743,"play_id":"ff4078dd-4c3e-40d3-8cba-19aee41ae930","local_time":"20190703193026","is_ascension_mode":false,"campfire_choices":[{"floor":6,"key":"RECALL"},{"floor":11,"key":"REST"},{"data":"Dagger Spray","floor":15,"key":"SMITH"},{"floor":24,"key":"REST"},{"floor":27,"key":"REST"},{"data":"Adrenaline","floor":30,"key":"SMITH"},{"data":"Footwork","floor":32,"key":"SMITH"},{"data":"Burst","floor":42,"key":"SMITH"},{"data":"Dash","floor":47,"key":"SMITH"},{"floor":49,"key":"REST"},{"data":"Malaise","floor":52,"key":"SMITH"}],"neow_cost":"NONE","seed_source_timestamp":386268253076127,"circlet_count":0,"master_deck":["Strike_G","Strike_G+1","Defend_G","Defend_G","Defend_G","Defend_G","Defend_G","Survivor","Neutralize+1","Deadly Poison","Terror","Backflip","Dagger Spray+1","Deflect","Backflip","Deflect","Burst+1","Dash+1","Quick Slash+1","Deadly Poison","Footwork+1","Clumsy","Deflect","Adrenaline+1","Envenom","Malaise+1","Cloak And Dagger+1","Bouncing Flask+1","Neutralize","Backflip+1","Deadly Poison+1","Dagger Spray+1"],"relics":["Ring of the Snake","NeowsBlessing","Singing Bowl","Blood Vial","Question Card","Anchor","Cursed Key","Ancient Tea Set","Matryoshka","PreservedInsect","Art of War","Busted Crown","Chemical X","StoneCalendar","Dream Catcher","Pear","Smiling Mask","Gambling Chip"],"potions_floor_usage":[12,18,31,33,40,55,55,55],"damage_taken":[{"damage":0,"enemies":"Jaw Worm","floor":1,"turns":1},{"damage":0,"enemies":"Small Slimes","floor":4,"turns":1},{"damage":0,"enemies":"2 Louse","floor":7,"turns":1},{"damage":25,"enemies":"3 Sentries","floor":10,"turns":10},{"damage":12,"enemies":"Gremlin Nob","floor":12,"turns":5},{"damage":1,"enemies":"2 Fungi Beasts","floor":13,"turns":3},{"damage":0,"enemies":"3 Louse","floor":14,"turns":2},{"damage":36,"enemies":"The Guardian","floor":16,"turns":15},{"damage":6,"enemies":"Spheric Guardian","floor":18,"turns":8},{"damage":10,"enemies":"Chosen","floor":21,"turns":6},{"damage":36,"enemies":"Gremlin Leader","floor":23,"turns":8},{"damage":0,"enemies":"Shelled Parasite and Fungi","floor":28,"turns":5},{"damage":0,"enemies":"Slavers","floor":31,"turns":4},{"damage":31,"enemies":"Automaton","floor":33,"turns":12},{"damage":0,"enemies":"Orb Walker","floor":35,"turns":5},{"damage":17,"enemies":"Mind Bloom Boss Battle","floor":37,"turns":9},{"damage":4,"enemies":"3 Darklings","floor":39,"turns":5},{"damage":20,"enemies":"Reptomancer","floor":40,"turns":7},{"damage":3,"enemies":"Sphere and 2 Shapes","floor":41,"turns":7},{"damage":1,"enemies":"Writhing Mass","floor":44,"turns":6},{"damage":5,"enemies":"4 Shapes","floor":45,"turns":5},{"damage":6,"enemies":"3 Darklings","floor":46,"turns":7},{"damage":48,"enemies":"Awakened One","floor":50,"turns":16},{"damage":26,"enemies":"Shield and Spear","floor":54,"turns":7},{"damage":83,"enemies":"The Heart","floor":55,"turns":8}],"seed_played":"-1434718107110531214","potions_obtained":[{"floor":4,"key":"Ancient Potion"},{"floor":10,"key":"EssenceOfSteel"},{"floor":16,"key":"GamblersBrew"},{"floor":21,"key":"EssenceOfSteel"},{"floor":28,"key":"Swift Potion"},{"floor":31,"key":"PowerPotion"},{"floor":37,"key":"Fire Potion"},{"floor":39,"key":"SteroidPotion"},{"floor":40,"key":"Poison Potion"},{"floor":41,"key":"LiquidBronze"}],"is_trial":false,"path_per_floor":["M","?","?","M","$","R","M","?","T","E","R","E","M","M","R","B",null,"M","?","?","M","$","E","R","?","T","R","M","$","R","E","R","B",null,"M","$","?","?","M","E","M","R","T","M","M","M","R","T","R","B",null,"R","$","E","B"],"character_chosen":"THE_SILENT","items_purchased":["Backflip","Deadly Poison","Footwork","Adrenaline","Chemical X"],"campfire_rested":4,"item_purchase_floors":[5,22,22,29,36],"current_hp_per_floor":[70,63,49,49,49,49,49,49,49,26,47,37,40,42,42,8,72,66,66,66,58,58,26,48,34,34,57,59,59,59,61,61,32,79,79,79,62,62,62,46,47,47,57,58,55,53,53,53,82,36,97,97,97,73,0],"gold":183,"neow_bonus":"THREE_ENEMY_KILL","is_prod":false,"is_daily":false,"chose_seed":false,"campfire_upgraded":6,"win_rate":0,"timestamp":1562200226,"path_taken":["M","?","?","M","$","R","M","?","T","E","R","E","M","M","R","BOSS","M","?","?","M","$","E","R","?","T","R","M","?","R","E","R","BOSS","M","$","?","?","?","E","?","R","T","M","M","M","R","?","R","BOSS","R","$","E","BOSS"],"build_version":"2019-07-01","purchased_purges":3,"victory":false,"max_hp_per_floor":[70,70,70,70,70,70,70,70,70,70,70,70,72,72,72,72,72,72,72,72,72,72,74,74,79,79,79,79,79,79,79,79,79,79,79,79,79,79,81,83,85,85,95,95,95,97,97,97,97,97,97,97,97,99,99],"card_choices":[{"not_picked":["Flying Knee","Sucker Punch"],"picked":"Deadly Poison","floor":1},{"not_picked":["Dagger Throw","Acrobatics"],"picked":"Terror","floor":4},{"not_picked":["Backflip","Crippling Poison"],"picked":"Dagger Spray","floor":7},{"not_picked":["Predator","Masterful Stab"],"picked":"Deflect","floor":10},{"not_picked":["Outmaneuver","Storm of Steel","Tactician"],"picked":"Backflip","floor":12},{"not_picked":["Infinite Blades","Dagger Throw","Dodge and Roll","PiercingWail"],"picked":"Singing Bowl","floor":13},{"not_picked":["Quick Slash","Dodge and Roll","Dash"],"picked":"Deflect","floor":14},{"not_picked":["A Thousand Cuts","Unload","Bullet Time"],"picked":"Burst","floor":16},{"not_picked":["Prepared","Skewer","Underhanded Strike+1"],"picked":"Dash","floor":18},{"not_picked":["Acrobatics","Crippling Poison+1","Infinite Blades"],"picked":"Quick Slash+1","floor":21},{"not_picked":["Reflex","Sucker Punch","Concentrate+1","Flechettes"],"picked":"Singing Bowl","floor":23},{"not_picked":["Infinite Blades","Crippling Poison+1","Sucker Punch+1"],"picked":"Deflect","floor":28},{"not_picked":["Dash+1","Quick Slash","Expertise"],"picked":"Envenom","floor":31},{"not_picked":["A Thousand Cuts","Die Die Die","Envenom"],"picked":"Malaise","floor":33},{"not_picked":["Choke+1"],"picked":"Cloak And Dagger+1","floor":35},{"not_picked":["Caltrops"],"picked":"Bouncing Flask+1","floor":37},{"not_picked":["Bane+1","Well Laid Plans"],"picked":"Singing Bowl","floor":39},{"not_picked":["Outmaneuver+1","Escape Plan"],"picked":"Singing Bowl","floor":40},{"not_picked":["Prepared+1","Acrobatics+1"],"picked":"Singing Bowl","floor":41},{"not_picked":["Deflect"],"picked":"Backflip+1","floor":44},{"not_picked":["Quick Slash"],"picked":"Deadly Poison+1","floor":45},{"not_picked":["Sucker Punch+1","PiercingWail"],"picked":"Singing Bowl","floor":46},{"not_picked":["Slice"],"picked":"Dagger Spray+1","floor":49},{"not_picked":["Endless Agony+1","Expertise+1"],"picked":"Singing Bowl","floor":54}],"player_experience":838010,"relics_obtained":[{"floor":9,"key":"Blood Vial"},{"floor":10,"key":"Question Card"},{"floor":12,"key":"Anchor"},{"floor":23,"key":"Matryoshka"},{"floor":26,"key":"PreservedInsect"},{"floor":31,"key":"Art of War"},{"floor":37,"key":"StoneCalendar"},{"floor":40,"key":"Dream Catcher"},{"floor":43,"key":"Pear"},{"floor":43,"key":"Smiling Mask"},{"floor":54,"key":"Gambling Chip"}],"event_choices":[{"cards_removed":["Strike_G"],"damage_healed":0,"gold_gain":0,"player_choice":"Card Removal","damage_taken":7,"max_hp_gain":0,"max_hp_loss":0,"event_name":"Golden Wing","floor":2,"gold_loss":0},{"damage_healed":0,"gold_gain":0,"player_choice":"Entered Light","damage_taken":14,"max_hp_gain":0,"max_hp_loss":0,"event_name":"Shining Light","floor":3,"gold_loss":0,"cards_upgraded":["Neutralize","Strike_G"]},{"damage_healed":0,"gold_gain":0,"player_choice":"Searched \u00271\u0027 times","damage_taken":0,"relics_obtained":["Singing Bowl"],"max_hp_gain":0,"max_hp_loss":0,"event_name":"Dead Adventurer","floor":8,"gold_loss":0},{"damage_healed":0,"gold_gain":99,"player_choice":"Stole From Cult","damage_taken":0,"max_hp_gain":0,"max_hp_loss":0,"event_name":"Nest","floor":19,"gold_loss":0},{"damage_healed":0,"gold_gain":0,"player_choice":"Opened","damage_taken":0,"relics_obtained":["Ancient Tea Set"],"max_hp_gain":0,"max_hp_loss":0,"event_name":"The Mausoleum","floor":20,"gold_loss":0},{"damage_healed":0,"gold_gain":0,"player_choice":"Shed Blood","damage_taken":19,"max_hp_gain":5,"max_hp_loss":0,"event_name":"Forgotten Altar","floor":25,"gold_loss":0},{"damage_healed":0,"gold_gain":0,"player_choice":"Fight","damage_taken":0,"max_hp_gain":0,"max_hp_loss":0,"event_name":"MindBloom","floor":37,"gold_loss":0},{"damage_healed":0,"gold_gain":0,"player_choice":"1 cards matched","damage_taken":0,"max_hp_gain":0,"max_hp_loss":0,"event_name":"Match and Keep!","floor":38,"gold_loss":0,"cards_obtained":["Neutralize"]}],"is_beta":false,"boss_relics":[{"not_picked":["Eternal Feather","Orrery"],"picked":"Cursed Key"},{"not_picked":["WristBlade","Coffee Dripper"],"picked":"Busted Crown"}],"items_purged_floors":[5,22,53],"is_endless":false,"potions_floor_spawned":[4,10,16,21,28,31,37,39,40,41,44],"killed_by":"The Heart","ascension_level":0}