{"gold_per_floor":[112,129,35,35,35,35,55,82,133,133,133],"floor_reached":11,"playtime":206,"items_purged":[],"score":142,"play_id":"8171b2a4-d6d8-40f2-8485-792750e711ad","local_time":"20190228173955","is_ascension_mode":true,"campfire_choices":[{"data":"Bash","floor":6,"key":"SMITH"},{"data":"Jack Of All Trades","floor":10,"key":"SMITH"}],"neow_cost":"NONE","seed_source_timestamp":1902148505838,"circlet_count":0,"master_deck":["AscendersBane","Strike_R","Strike_R","Strike_R","Defend_R","Defend_R","Defend_R","Defend_R","Bash+1","Clash","Pommel Strike","Jack Of All Trades+1","Dark Embrace","Disarm","Clash"],"relics":["Busted Crown","Lantern","Boot"],"potions_floor_usage":[8],"damage_taken":[{"damage":19,"enemies":"Small Slimes","floor":1,"turns":4},{"damage":1,"enemies":"Cultist","floor":2,"turns":3},{"damage":2,"enemies":"2 Louse","floor":7,"turns":3},{"damage":15,"enemies":"Lagavulin","floor":8,"turns":7},{"damage":48,"enemies":"Gremlin Nob","floor":11,"turns":3}],"seed_played":"-2258803951636516656","potions_obtained":[{"floor":2,"key":"Weak Potion"}],"is_trial":false,"path_per_floor":["M","M","$","?","?","R","M","E","T","R","E"],"character_chosen":"IRONCLAD","items_purchased":["Jack Of All Trades"],"campfire_rested":0,"item_purchase_floors":[3],"current_hp_per_floor":[49,48,48,41,41,41,39,24,24,24,0],"gold":133,"neow_bonus":"BOSS_RELIC","is_prod":false,"is_daily":false,"chose_seed":false,"campfire_upgraded":2,"win_rate":0,"timestamp":1551404395,"path_taken":["M","M","$","?","?","R","?","E","T","R","E"],"build_version":"2019-02-06","purchased_purges":0,"victory":false,"max_hp_per_floor":[75,75,75,75,75,75,75,75,75,75,75],"card_choices":[{"not_picked":[],"picked":"Clash","floor":1},{"not_picked":[],"picked":"Pommel Strike","floor":2},{"not_picked":[],"picked":"Disarm","floor":7},{"not_picked":[],"picked":"Clash","floor":8}],"player_experience":1228618,"relics_obtained":[{"floor":8,"key":"Lantern"},{"floor":9,"key":"Boot"}],"event_choices":[{"cards_removed":["Strike_R"],"damage_healed":0,"gold_gain":0,"player_choice":"Card Removal","damage_taken":7,"max_hp_gain":0,"max_hp_loss":0,"event_name":"Golden Wing","floor":4,"gold_loss":0},{"damage_healed":0,"gold_gain":0,"cards_transformed":["Strike_R"],"player_choice":"Transformed","damage_taken":0,"max_hp_gain":0,"max_hp_loss":0,"event_name":"Transmorgrifier","floor":5,"gold_loss":0,"cards_obtained":["Dark Embrace"]}],"is_beta":true,"boss_relics":[],"items_purged_floors":[],"is_endless":false,"potions_floor_spawned":[2],"killed_by":"Gremlin Nob","ascension_level":20}