{"gold_per_floor":[119,135,27,27,43,43,56,56,56,384,11,11,31,57,57,134,134,145,158,3,3,21,21,40,74,100,100,128,128,139,16,16,95,95,115,115,115,135,135,135,167,180,180,180,6,6,33,33,33,33,33],"floor_reached":51,"playtime":2758,"items_purged":[],"score":1527,"play_id":"1d42f5c9-67c1-40bb-b81e-be79ba0a96ba","local_time":"20190218181347","is_ascension_mode":true,"campfire_choices":[{"data":"Cloak And Dagger","floor":6.0,"key":"SMITH"},{"data":"Neutralize","floor":12.0,"key":"SMITH"},{"data":"Enlightenment","floor":15.0,"key":"SMITH"},{"floor":23.0,"key":"REST"},{"floor":27.0,"key":"REST"},{"floor":29.0,"key":"REST"},{"floor":32.0,"key":"REST"},{"floor":40,"key":"RECALL"}],"neow_cost":"NONE","seed_source_timestamp":9641785140626,"circlet_count":0,"master_deck":["AscendersBane","Defend_G+1","Defend_G","Defend_G","Defend_G+1","Defend_G","Strike_G","Strike_G","Strike_G","Strike_G","Survivor","Neutralize+1","Finisher","Cloak And Dagger+1","Endless Agony","Deflect+1","Dodge and Roll","Predator+1","Leg Sweep","Footwork","Enlightenment+1","Leg Sweep","Finisher","Malaise+1","Malaise","Cloak And Dagger","Leg Sweep","Die Die Die","Dagger Spray+1","Underhanded Strike+1","Reflex+1","Envenom+1","Well Laid Plans+1","Endless Agony","Envenom+1","Purity","Prepared","Terror+1","Adrenaline","Storm of Steel"],"special_seed":0,"relics":["Black Star","Singing Bowl","Old Coin","Darkstone Periapt","PreservedInsect","War Paint","Oddly Smooth Stone","Fusion Hammer","Frozen Egg 2","Blood Vial","Juzu Bracelet","Dead Branch","Whetstone","Coffee Dripper","Mango","Bag of Marbles","Pantograph","Potion Belt","Smiling Mask"],"potions_floor_usage":[38],"damage_taken":[{"damage":1.0,"enemies":"Cultist","floor":1.0,"turns":5.0},{"damage":16.0,"enemies":"Jaw Worm","floor":2.0,"turns":6.0},{"damage":4.0,"enemies":"Small Slimes","floor":5.0,"turns":4.0},{"damage":4.0,"enemies":"Blue Slaver","floor":7.0,"turns":5.0},{"damage":8.0,"enemies":"Lagavulin","floor":10.0,"turns":6.0},{"damage":6.0,"enemies":"Large Slime","floor":13.0,"turns":9.0},{"damage":7.0,"enemies":"Gremlin Nob","floor":14.0,"turns":3.0},{"damage":10.0,"enemies":"The Guardian","floor":16.0,"turns":21.0},{"damage":16.0,"enemies":"Spheric Guardian","floor":18.0,"turns":10.0},{"damage":12.0,"enemies":"Chosen","floor":19.0,"turns":10.0},{"damage":4.0,"enemies":"Centurion and Healer","floor":22.0,"turns":21.0},{"damage":0.0,"enemies":"Cultist and Chosen","floor":24.0,"turns":10.0},{"damage":36.0,"enemies":"Gremlin Leader","floor":25.0,"turns":8.0},{"damage":0.0,"enemies":"Slavers","floor":28.0,"turns":7.0},{"damage":2.0,"enemies":"Sentry and Sphere","floor":30.0,"turns":9.0},{"damage":52.0,"enemies":"Champ","floor":33.0,"turns":16.0},{"damage":6.0,"enemies":"3 Shapes","floor":35.0,"turns":9.0},{"damage":11,"enemies":"3 Darklings","floor":38,"turns":5},{"damage":34,"enemies":"Nemesis","floor":41,"turns":9},{"damage":20,"enemies":"Spire Growth","floor":42,"turns":7},{"damage":0,"enemies":"Giant Head","floor":47,"turns":4},{"damage":39,"enemies":"Donu and Deca","floor":50,"turns":9},{"damage":80,"enemies":"Awakened One","floor":51,"turns":10}],"seed_played":"-8072967479617655482","potions_obtained":[{"floor":1.0,"key":"EssenceOfSteel"},{"floor":5.0,"key":"Poison Potion"},{"floor":13.0,"key":"Swift Potion"},{"floor":16.0,"key":"Weak Potion"},{"floor":22.0,"key":"LiquidBronze"},{"floor":24.0,"key":"GamblersBrew"},{"floor":28.0,"key":"Strength Potion"},{"floor":30.0,"key":"Energy Potion"}],"is_trial":false,"path_per_floor":["M","M","$","?","M","R","M","?","T","E","$","R","M","E","R","B",null,"M","M","$","?","M","R","M","E","T","R","E","R","M","$","R","B",null,"M","?","?","M","?","R","E","M","T","R","$","R","E","?","R","B","B"],"character_chosen":"THE_SILENT","items_purchased":["Endless Agony","Deflect","Footwork","Enlightenment","PreservedInsect","Leg Sweep","Die Die Die","Well Laid Plans+1","Endless Agony","Adrenaline"],"campfire_rested":4,"item_purchase_floors":[3,3,11,11,11,11,20,31,31,45],"current_hp_per_floor":[58,42,42,22,18,18,14,36,36,28,28,28,22,15,15,5,51,35,23,23,23,19,38,38,2,2,21,25,45,45,45,65,15,55,53,53,53,44,44,44,28,10,10,10,10,10,12,71,71,32,0],"gold":33,"neow_bonus":"BOSS_RELIC","is_prod":false,"is_daily":false,"chose_seed":false,"campfire_upgraded":3,"win_rate":0,"timestamp":1550542427,"path_taken":["M","?","$","?","M","R","M","?","T","E","$","R","M","E","R","BOSS","M","M","$","?","M","R","M","E","T","R","E","R","M","$","R","BOSS","M","?","?","M","?","R","E","M","T","R","$","R","E","?","R","BOSS","BOSS"],"build_version":"2019-02-06","purchased_purges":0,"victory":false,"max_hp_per_floor":[66,66,66,66,66,66,66,66,66,66,66,66,66,66,66,66,66,66,66,66,66,66,66,66,66,66,66,68,68,68,68,68,68,68,70,70,70,70,70,70,86,86,86,86,86,86,86,71,71,71,71],"card_choices":[{"not_picked":["Caltrops","Calculated Gamble"],"picked":"Finisher","floor":1.0},{"not_picked":["Quick Slash","Flying Knee"],"picked":"Cloak And Dagger","floor":2.0},{"not_picked":["Flechettes","PiercingWail"],"picked":"Dodge and Roll","floor":5.0},{"not_picked":["Caltrops","Choke"],"picked":"Predator","floor":7.0},{"not_picked":["PiercingWail","Deflect"],"picked":"Leg Sweep","floor":10.0},{"not_picked":["Underhanded Strike","Dagger Spray"],"picked":"Finisher","floor":13.0},{"not_picked":["Deadly Poison","Poisoned Stab"],"picked":"Malaise","floor":14.0},{"not_picked":["Corpse Explosion","Phantasmal Killer"],"picked":"Malaise","floor":16.0},{"not_picked":["Outmaneuver","Expertise"],"picked":"Cloak And Dagger","floor":18.0},{"not_picked":["Deadly Poison","Dodge and Roll"],"picked":"Leg Sweep","floor":19.0},{"not_picked":["Concentrate","Sucker Punch"],"picked":"Dagger Spray","floor":22.0},{"not_picked":["Bane","Blade Dance"],"picked":"Underhanded Strike+1","floor":24.0},{"not_picked":["Bane","Blade Dance"],"picked":"Reflex+1","floor":25.0},{"not_picked":["Acrobatics","Underhanded Strike","Sucker Punch"],"picked":"Singing Bowl","floor":28.0},{"not_picked":["Underhanded Strike","Backflip"],"picked":"Envenom+1","floor":30.0},{"not_picked":["Bullet Time","Night Terror"],"picked":"Envenom+1","floor":33.0},{"not_picked":["Accuracy+1","Poisoned Stab","Quick Slash+1"],"picked":"Singing Bowl","floor":35.0},{"not_picked":["PanicButton","Good Instincts"],"picked":"Purity","floor":37.0},{"not_picked":["Sucker Punch","Deflect"],"picked":"Prepared","floor":38},{"not_picked":["Acrobatics","Dagger Spray","Underhanded Strike+1"],"picked":"Singing Bowl","floor":41},{"not_picked":["Dodge and Roll","Leg Sweep"],"picked":"Terror+1","floor":42},{"not_picked":["Acrobatics","Leg Sweep"],"picked":"Storm of Steel","floor":47}],"player_experience":1172128,"relics_obtained":[{"floor":9.0,"key":"Singing Bowl"},{"floor":10.0,"key":"Old Coin"},{"floor":10.0,"key":"Darkstone Periapt"},{"floor":14.0,"key":"War Paint"},{"floor":14.0,"key":"Oddly Smooth Stone"},{"floor":25.0,"key":"Frozen Egg 2"},{"floor":25.0,"key":"Blood Vial"},{"floor":26.0,"key":"Juzu Bracelet"},{"floor":28.0,"key":"Dead Branch"},{"floor":28.0,"key":"Whetstone"},{"floor":41,"key":"Mango"},{"floor":41,"key":"Bag of Marbles"},{"floor":43,"key":"Pantograph"},{"floor":47,"key":"Potion Belt"},{"floor":47,"key":"Smiling Mask"}],"event_choices":[{"damage_healed":0.0,"max_hp_gain":0.0,"max_hp_loss":0.0,"gold_gain":0.0,"event_name":"Shining Light","player_choice":"Entered Light","floor":4.0,"gold_loss":0.0,"damage_taken":20.0,"cards_upgraded":["Defend_G","Defend_G"]},{"damage_healed":22.0,"max_hp_gain":0.0,"max_hp_loss":0.0,"gold_gain":0.0,"event_name":"Big Fish","player_choice":"Banana","floor":8.0,"gold_loss":0.0,"damage_taken":0.0},{"damage_healed":0.0,"max_hp_gain":0.0,"max_hp_loss":0.0,"gold_gain":0.0,"event_name":"Ghosts","player_choice":"Ignored","floor":21.0,"gold_loss":0.0,"damage_taken":0.0},{"cards_removed":["Strike_G"],"damage_healed":0.0,"max_hp_gain":0.0,"max_hp_loss":0.0,"gold_gain":0.0,"event_name":"Falling","player_choice":"Removed Attack","floor":36.0,"gold_loss":0.0,"damage_taken":0.0},{"damage_healed":0.0,"max_hp_gain":0.0,"max_hp_loss":0.0,"gold_gain":0.0,"event_name":"SensoryStone","player_choice":"Memory 1","floor":37.0,"gold_loss":0.0,"damage_taken":0.0},{"damage_healed":0,"gold_gain":0,"player_choice":"Ignored","damage_taken":0,"max_hp_gain":0,"max_hp_loss":0,"event_name":"Mysterious Sphere","floor":39,"gold_loss":0},{"damage_healed":71,"gold_gain":0,"player_choice":"Heal","damage_taken":0,"max_hp_gain":0,"max_hp_loss":15,"event_name":"The Moai Head","floor":48,"gold_loss":0}],"is_beta":true,"boss_relics":[{"not_picked":["Lizard Tail","Astrolabe"],"picked":"Fusion Hammer"},{"not_picked":["Snecko Eye","Velvet Choker"],"picked":"Coffee Dripper"}],"items_purged_floors":[],"is_endless":false,"potions_floor_spawned":[1,5,13,16,22,24,28,30],"killed_by":"Awakened One","ascension_level":20}