{"gold_per_floor":[110,185,185,201,18,18,18,18,43,56,69,113,127,171,171,267,267,292,292,292,307,55,55,118,118,118,189,189,232,68,104,104,203,203,244,369,394,185,210,210,245,245,245,281,281,281,161,182,182,182,207],"floor_reached":52,"playtime":2363,"items_purged":[],"score":1987,"play_id":"5805b50c-4679-44ad-9e07-fc8fe835fa95","local_time":"20190221144902","is_ascension_mode":true,"campfire_choices":[{"floor":6.0,"key":"REST"},{"data":"Streamline","floor":8.0,"key":"SMITH"},{"data":"Hello World","floor":15.0,"key":"SMITH"},{"floor":23.0,"key":"REST"},{"data":"Reinforced Body","floor":28.0,"key":"SMITH"},{"floor":32.0,"key":"REST"},{"data":"Rainbow","floor":40.0,"key":"SMITH"},{"floor":42.0,"key":"RECALL"},{"floor":45.0,"key":"REST"},{"data":"Defragment","floor":49.0,"key":"SMITH"}],"neow_cost":"NONE","seed_source_timestamp":10433127116876,"circlet_count":0,"master_deck":["AscendersBane","Defend_B","Defend_B","Defend_B","Zap","Dualcast","Rebound","Streamline+1","Apotheosis","Reinforced Body+1","Cold Snap","Hello World+1","All For One","Conserve Battery","Writhe","Stack+1","HandOfGreed","Conserve Battery","Self Repair","Bite","Bite","Bite","Bite","Bite","Fusion","Meteor Strike","Thunder Strike","All For One","Stack","Ball Lightning+1","Rainbow+1","All For One","Glacier+1","Defragment+1","Reinforced Body","Stack+1"],"special_seed":0,"relics":["Snecko Eye","Golden Idol","Regal Pillow","Du-Vu Doll","Sozu","Enchiridion","PreservedInsect","Question Card","Symbiotic Virus","DataDisk","Darkstone Periapt","Eternal Feather","WingedGreaves","DollysMirror","Incense Burner","Happy Flower","Bottled Flame"],"potions_floor_usage":[],"damage_taken":[{"damage":3.0,"enemies":"2 Louse","floor":1.0,"turns":2.0},{"damage":14.0,"enemies":"Jaw Worm","floor":4.0,"turns":5.0},{"damage":0.0,"enemies":"Cultist","floor":10.0,"turns":2.0},{"damage":3.0,"enemies":"Blue Slaver","floor":11.0,"turns":2.0},{"damage":8.0,"enemies":"Gremlin Nob","floor":12.0,"turns":3.0},{"damage":1.0,"enemies":"Looter","floor":13.0,"turns":3.0},{"damage":1.0,"enemies":"3 Sentries","floor":14.0,"turns":5.0},{"damage":9.0,"enemies":"The Guardian","floor":16.0,"turns":10.0},{"damage":0.0,"enemies":"Chosen","floor":18.0,"turns":2.0},{"damage":2.0,"enemies":"3 Byrds","floor":21.0,"turns":6.0},{"damage":0.0,"enemies":"Cultist and Chosen","floor":24.0,"turns":5.0},{"damage":9.0,"enemies":"Centurion and Healer","floor":27.0,"turns":8.0},{"damage":13.0,"enemies":"Gremlin Leader","floor":29.0,"turns":5.0},{"damage":28.0,"enemies":"Book of Stabbing","floor":31.0,"turns":4.0},{"damage":34.0,"enemies":"Champ","floor":33.0,"turns":11.0},{"damage":0.0,"enemies":"3 Shapes","floor":35.0,"turns":4.0},{"damage":12.0,"enemies":"Mind Bloom Boss Battle","floor":36.0,"turns":8.0},{"damage":0.0,"enemies":"Orb Walker","floor":37.0,"turns":3.0},{"damage":32.0,"enemies":"Transient","floor":39.0,"turns":6.0},{"damage":0.0,"enemies":"Giant Head","floor":41.0,"turns":4.0},{"damage":48.0,"enemies":"Reptomancer","floor":44.0,"turns":5.0},{"damage":0.0,"enemies":"Writhing Mass","floor":48.0,"turns":6.0},{"damage":29,"enemies":"Awakened One","floor":50,"turns":14},{"damage":23,"enemies":"Donu and Deca","floor":51,"turns":7}],"seed_played":"2333956543624063077","potions_obtained":[{"floor":10.0,"key":"Energy Potion"},{"floor":11.0,"key":"Energy Potion"},{"floor":14.0,"key":"FearPotion"}],"is_trial":false,"path_per_floor":["M","?","?","M","$","R","$","R","T","M","M","E","M","E","R","B",null,"M","?","?","M","$","R","M","?","T","M","R","E","$","E","R","B",null,"M","?","M","$","M","R","E","R","T","E","R","?","$","M","R","B","B",null],"character_chosen":"DEFECT","items_purchased":["Apotheosis","HandOfGreed","Conserve Battery","DataDisk","DollysMirror","Defragment","Reinforced Body"],"campfire_rested":4,"item_purchase_floors":[5,22,22,30,38,47,47],"current_hp_per_floor":[61,50,50,36,36,55,55,55,55,55,52,44,43,42,42,35,57,59,38,38,38,38,64,64,64,64,64,64,64,64,40,64,40,58,64,64,64,64,42,60,64,64,64,23,64,64,64,64,64,48,57],"gold":207,"neow_bonus":"BOSS_RELIC","is_prod":false,"is_daily":false,"chose_seed":false,"campfire_upgraded":5,"win_rate":0,"timestamp":1550789342,"path_taken":["M","?","?","M","$","R","?","R","T","M","M","E","M","E","R","BOSS","M","?","?","?","?","R","M","?","T","M","R","E","$","E","R","BOSS","M","?","M","$","M","R","E","R","T","E","R","?","$","?","R","BOSS","BOSS"],"build_version":"2019-02-06","purchased_purges":0,"victory":true,"max_hp_per_floor":[71,71,64,64,64,64,64,64,64,64,64,64,64,64,64,64,64,64,64,64,64,64,64,64,64,64,64,64,64,64,64,64,64,64,64,64,64,64,64,64,64,64,64,64,64,64,64,64,64,64,64],"card_choices":[{"not_picked":["Beam Cell","Lockon"],"picked":"Rebound","floor":1.0},{"not_picked":["Turbo","Tempest"],"picked":"Streamline","floor":4.0},{"not_picked":["Lockon","Sweeping Beam"],"picked":"Reinforced Body","floor":10.0},{"not_picked":["Sweeping Beam","Biased Cognition"],"picked":"Cold Snap","floor":11.0},{"not_picked":["Steam","Barrage","Multi-Cast"],"picked":"SKIP","floor":12.0},{"not_picked":["Gash","Turbo"],"picked":"Hello World","floor":13.0},{"not_picked":["Tempest","Barrage","Sweeping Beam"],"picked":"SKIP","floor":14.0},{"not_picked":["Electrodynamics","Amplify"],"picked":"All For One","floor":16.0},{"not_picked":["Steam","Aggregate"],"picked":"Conserve Battery","floor":18.0},{"not_picked":["Sweeping Beam+1","Redo+1"],"picked":"Stack+1","floor":21.0},{"not_picked":["Stack","Turbo"],"picked":"Self Repair","floor":24.0},{"not_picked":["Genetic Algorithm","Streamline","Turbo+1"],"picked":"Fusion","floor":27.0},{"not_picked":["Self Repair","Amplify","Compile Driver+1"],"picked":"Meteor Strike","floor":29.0},{"not_picked":["Stack","Beam Cell","Steam"],"picked":"Thunder Strike","floor":31.0},{"not_picked":["Seek","Meteor Strike","Multi-Cast"],"picked":"All For One","floor":33.0},{"not_picked":["Compile Driver","Streamline","Capacitor"],"picked":"Stack","floor":35.0},{"not_picked":["FTL","Sweeping Beam","Rebound"],"picked":"Ball Lightning+1","floor":36.0},{"not_picked":["Rebound","Compile Driver","Force Field"],"picked":"Rainbow","floor":37.0},{"not_picked":["Rebound","Heatsinks","Genetic Algorithm","Sweeping Beam"],"picked":"SKIP","floor":39.0},{"not_picked":["Hologram","Blizzard","Streamline"],"picked":"Glacier+1","floor":41.0},{"not_picked":["Streamline+1","Ball Lightning","Sweeping Beam","Heatsinks+1"],"picked":"SKIP","floor":44.0},{"not_picked":["Barrage","Rebound","Streamline"],"picked":"Stack+1","floor":48.0}],"player_experience":1198557,"relics_obtained":[{"floor":9.0,"key":"Regal Pillow"},{"floor":12.0,"key":"Du-Vu Doll"},{"floor":14.0,"key":"Blood Vial"},{"floor":19.0,"key":"Enchiridion"},{"floor":26.0,"key":"Question Card"},{"floor":29.0,"key":"Symbiotic Virus"},{"floor":31.0,"key":"Darkstone Periapt"},{"floor":36.0,"key":"WingedGreaves"},{"floor":41.0,"key":"Incense Burner"},{"floor":43.0,"key":"Happy Flower"},{"floor":44.0,"key":"Bottled Flame"}],"event_choices":[{"damage_healed":0.0,"max_hp_gain":0.0,"max_hp_loss":0.0,"gold_gain":75.0,"event_name":"World of Goop","player_choice":"Gather Gold","floor":2.0,"gold_loss":0.0,"damage_taken":11.0},{"damage_healed":0.0,"max_hp_gain":0.0,"max_hp_loss":7.0,"gold_gain":0.0,"event_name":"Golden Idol","player_choice":"Lose Max HP","floor":3.0,"gold_loss":0.0,"damage_taken":0.0,"relics_obtained":["Golden Idol"]},{"damage_healed":0.0,"max_hp_gain":0.0,"max_hp_loss":0.0,"gold_gain":0.0,"event_name":"Cursed Tome","player_choice":"Obtained Book","floor":19.0,"gold_loss":0.0,"damage_taken":21.0},{"damage_healed":0.0,"max_hp_gain":0.0,"max_hp_loss":0.0,"gold_gain":0.0,"event_name":"The Mausoleum","player_choice":"Opened","floor":20.0,"gold_loss":0.0,"damage_taken":0.0,"relics_obtained":["PreservedInsect"],"cards_obtained":["Writhe"]},{"damage_healed":0.0,"max_hp_gain":0.0,"max_hp_loss":0.0,"gold_gain":0.0,"event_name":"Vampires","player_choice":"Became a vampire (Vial)","floor":25.0,"relics_lost":["Blood Vial"],"gold_loss":0.0,"damage_taken":0.0,"cards_obtained":["Bite","Bite","Bite","Bite","Bite"]},{"damage_healed":0.0,"max_hp_gain":0.0,"max_hp_loss":0.0,"gold_gain":0.0,"event_name":"MindBloom","player_choice":"Fight","floor":36.0,"gold_loss":0.0,"damage_taken":0.0},{"cards_removed":["Defend_B"],"damage_healed":0.0,"max_hp_gain":0.0,"max_hp_loss":0.0,"gold_gain":0.0,"event_name":"Purifier","player_choice":"Purged","floor":46.0,"gold_loss":0.0,"damage_taken":0.0}],"is_beta":true,"boss_relics":[{"not_picked":["Busted Crown","Astrolabe"],"picked":"Sozu"},{"not_picked":["Empty Cage","Inserter"],"picked":"Eternal Feather"}],"items_purged_floors":[],"is_endless":false,"potions_floor_spawned":[10,11,14,21,24,29,35,41,44],"ascension_level":20}