{"gold_per_floor":[110,32,32,46,46,72,92,92,92,92,92,105,105,132,132,234,234,246,246,259,273,29,55,55,80,80,80,46,60,86,104,104,199,199,209,254,271,371,125,125,25,59,59,76,105,105,132,144,144,144],"floor_reached":51,"playtime":2780,"items_purged":["Strike_G","Defend_G"],"score":896,"play_id":"2ae1a0c6-c8f6-4868-8781-a0ba3c6a9d42","local_time":"20190828150217","is_ascension_mode":true,"campfire_choices":[{"data":"Neutralize","floor":8,"key":"SMITH"},{"data":"Accuracy","floor":11,"key":"SMITH"},{"data":"Leg Sweep","floor":13,"key":"SMITH"},{"data":"Predator","floor":15,"key":"SMITH"},{"data":"A Thousand Cuts","floor":24,"key":"SMITH"},{"data":"Blur","floor":27,"key":"SMITH"},{"floor":32,"key":"RECALL"},{"data":"Cloak And Dagger","floor":40,"key":"SMITH"},{"data":"Choke","floor":49,"key":"SMITH"}],"neow_cost":"NONE","seed_source_timestamp":110823204931300,"circlet_count":0,"master_deck":["Strike_G+1","Defend_G+1","Defend_G","Defend_G","Defend_G","Survivor","Neutralize+1","Predator+1","Accuracy+1","Leg Sweep+1","A Thousand Cuts+1","Envenom+1","All Out Attack+1","Predator+1","Escape Plan+1","Blur+1","Dodge and Roll+1","Heel Hook+1","Heel Hook","Caltrops+1","Venomology","Catalyst+1","Choke","Footwork+1","Cloak And Dagger+1","Escape Plan","Doubt","Madness","Madness","Choke+1"],"relics":["Coffee Dripper","Anchor","Art of War","Pear","Dodecahedron","Astrolabe","Paper Crane","Unceasing Top","Mercury Hourglass","Frozen Egg 2","Bag of Preparation","Cursed Key","Turnip","Calipers","Strawberry","Kunai","Letter Opener","Omamori"],"potions_floor_usage":[14,16,23,23,25,31,35,36,42,42,45,45,45,45,45,47,48,48,50],"damage_taken":[{"damage":6,"enemies":"Jaw Worm","floor":1,"turns":5},{"damage":2,"enemies":"Small Slimes","floor":4,"turns":3},{"damage":26,"enemies":"Lagavulin","floor":6,"turns":8},{"damage":1,"enemies":"2 Louse","floor":7,"turns":3},{"damage":1,"enemies":"Red Slaver","floor":12,"turns":3},{"damage":8,"enemies":"Gremlin Nob","floor":14,"turns":5},{"damage":8,"enemies":"The Guardian","floor":16,"turns":12},{"damage":0,"enemies":"2 Thieves","floor":18,"turns":3},{"damage":0,"enemies":"Shell Parasite","floor":20,"turns":6},{"damage":0,"enemies":"Centurion and Healer","floor":21,"turns":7},{"damage":0,"enemies":"Gremlin Leader","floor":23,"turns":8},{"damage":31,"enemies":"Slavers","floor":25,"turns":4},{"damage":0,"enemies":"Cultist and Chosen","floor":29,"turns":5},{"damage":0,"enemies":"Snecko","floor":31,"turns":4},{"damage":7,"enemies":"Collector","floor":33,"turns":9},{"damage":13,"enemies":"Orb Walker","floor":35,"turns":4},{"damage":9,"enemies":"2 Orb Walkers","floor":36,"turns":4},{"damage":0,"enemies":"3 Shapes","floor":37,"turns":2},{"damage":6,"enemies":"Mind Bloom Boss Battle","floor":38,"turns":6},{"damage":0,"enemies":"Giant Head","floor":42,"turns":7},{"damage":6,"enemies":"Jaw Worm Horde","floor":44,"turns":4},{"damage":0,"enemies":"Reptomancer","floor":45,"turns":5},{"damage":2,"enemies":"Giant Head","floor":47,"turns":8},{"damage":0,"enemies":"Writhing Mass","floor":48,"turns":4},{"damage":20,"enemies":"Time Eater","floor":50,"turns":12}],"seed_played":"3930837477444817380","potions_obtained":[{"floor":12,"key":"PowerPotion"},{"floor":14,"key":"Explosive Potion"},{"floor":16,"key":"Block Potion"},{"floor":20,"key":"LiquidBronze"},{"floor":23,"key":"LiquidBronze"},{"floor":29,"key":"LiquidBronze"},{"floor":36,"key":"Ancient Potion"},{"floor":42,"key":"Ancient Potion"},{"floor":44,"key":"GhostInAJar"},{"floor":45,"key":"Weak Potion"}],"is_trial":false,"path_per_floor":["M","$","?","M","?","E","M","R","T","?","R","M","R","E","R","B",null,"M","?","M","M","$","E","R","E","T","R","$","M","T","M","R","B",null,"M","?","M","?","$","R","$","E","T","M","E","?","E","M","R","B",null],"character_chosen":"THE_SILENT","items_purchased":["Accuracy","Paper Crane","Heel Hook","Footwork+1","Cloak And Dagger","Escape Plan"],"campfire_rested":0,"item_purchase_floors":[2,22,28,39,39,39],"current_hp_per_floor":[64,64,64,62,48,22,21,21,31,31,31,30,30,22,22,14,80,80,80,80,80,80,80,80,49,49,49,49,49,49,49,49,42,80,72,63,63,57,57,57,57,64,64,58,58,47,45,45,45,25],"gold":144,"neow_bonus":"BOSS_RELIC","is_prod":false,"is_daily":false,"chose_seed":false,"campfire_upgraded":8,"win_rate":0,"timestamp":1567029737,"path_taken":["M","$","?","M","?","E","M","R","T","?","R","?","R","E","R","BOSS","M","?","M","M","$","E","R","E","T","R","?","M","?","M","R","BOSS","M","?","M","?","$","R","?","E","T","M","E","?","E","M","R","BOSS"],"build_version":"2019-07-17","purchased_purges":2,"victory":true,"max_hp_per_floor":[70,70,70,70,70,70,70,70,80,80,80,80,80,80,80,80,80,80,80,80,80,80,80,80,80,80,80,80,80,80,80,80,80,80,80,80,80,80,80,80,80,87,87,87,87,87,87,87,87,87],"card_choices":[{"not_picked":["Slice","Outmaneuver"],"picked":"Predator","floor":1},{"not_picked":["Bane","Poisoned Stab","Deadly Poison"],"picked":"SKIP","floor":4},{"not_picked":["Poisoned Stab","Riddle With Holes","PiercingWail"],"picked":"SKIP","floor":6},{"not_picked":["Sucker Punch","Underhanded Strike","PiercingWail"],"picked":"SKIP","floor":7},{"not_picked":["Sucker Punch","Deadly Poison"],"picked":"Leg Sweep","floor":12},{"not_picked":["Slice","Well Laid Plans","Glass Knife"],"picked":"SKIP","floor":14},{"not_picked":["Wraith Form v2","Glass Knife"],"picked":"A Thousand Cuts","floor":16},{"not_picked":["Outmaneuver+1","Quick Slash"],"picked":"Escape Plan+1","floor":18},{"not_picked":["Masterful Stab+1","Flechettes","Dagger Spray"],"picked":"SKIP","floor":20},{"not_picked":["Tactician","Blur"],"picked":"Dodge and Roll+1","floor":21},{"not_picked":["Quick Slash+1","Acrobatics+1","Blade Dance+1"],"picked":"SKIP","floor":23},{"not_picked":["Caltrops","PiercingWail"],"picked":"Heel Hook+1","floor":25},{"not_picked":["Terror","Prepared+1"],"picked":"Caltrops+1","floor":29},{"not_picked":["Catalyst","Dagger Throw+1","Deadly Poison"],"picked":"SKIP","floor":31},{"not_picked":["Wraith Form v2+1","Adrenaline"],"picked":"Venomology","floor":33},{"not_picked":["Quick Slash+1","Tactician"],"picked":"Catalyst+1","floor":35},{"not_picked":["Deadly Poison","Concentrate+1","Quick Slash"],"picked":"SKIP","floor":37},{"not_picked":["Crippling Poison","Bane+1"],"picked":"Choke","floor":38},{"not_picked":["Phantasmal Killer","Quick Slash","Dodge and Roll+1"],"picked":"SKIP","floor":42},{"not_picked":["Flying Knee+1","Backstab","Underhanded Strike+1"],"picked":"SKIP","floor":44},{"not_picked":["Slice+1","All Out Attack","Acrobatics"],"picked":"SKIP","floor":45},{"not_picked":["Terror","Dagger Throw+1"],"picked":"Choke","floor":47},{"not_picked":["Tactician","Dodge and Roll","Poisoned Stab+1"],"picked":"SKIP","floor":48}],"player_experience":136716,"relics_obtained":[{"floor":6,"key":"Art of War"},{"floor":9,"key":"Pear"},{"floor":14,"key":"Dodecahedron"},{"floor":23,"key":"Unceasing Top"},{"floor":25,"key":"Mercury Hourglass"},{"floor":26,"key":"Frozen Egg 2"},{"floor":30,"key":"Bag of Preparation"},{"floor":36,"key":"Turnip"},{"floor":38,"key":"Calipers"},{"floor":42,"key":"Strawberry"},{"floor":43,"key":"Kunai"},{"floor":45,"key":"Letter Opener"},{"floor":47,"key":"Omamori"}],"event_choices":[{"damage_healed":0,"gold_gain":0,"player_choice":"Box","damage_taken":0,"relics_obtained":["Anchor"],"max_hp_gain":0,"max_hp_loss":0,"event_name":"Big Fish","floor":3,"gold_loss":0,"cards_obtained":["Regret"]},{"damage_healed":0,"gold_gain":0,"player_choice":"Entered Light","damage_taken":14,"max_hp_gain":0,"max_hp_loss":0,"event_name":"Shining Light","floor":5,"gold_loss":0,"cards_upgraded":["Strike_G","Defend_G"]},{"cards_removed":["Regret"],"damage_healed":0,"gold_gain":0,"player_choice":"Removed Curses","damage_taken":0,"max_hp_gain":0,"max_hp_loss":0,"event_name":"Fountain of Cleansing","floor":10,"gold_loss":0},{"damage_healed":0,"gold_gain":0,"player_choice":"1 cards matched","damage_taken":0,"max_hp_gain":0,"max_hp_loss":0,"event_name":"Match and Keep!","floor":19,"gold_loss":0,"cards_obtained":["Blur"]},{"damage_healed":0,"gold_gain":0,"player_choice":"Fight","damage_taken":0,"max_hp_gain":0,"max_hp_loss":0,"event_name":"Mysterious Sphere","floor":36,"gold_loss":0},{"damage_healed":0,"gold_gain":0,"player_choice":"Fight","damage_taken":0,"max_hp_gain":0,"max_hp_loss":0,"event_name":"MindBloom","floor":38,"gold_loss":0},{"damage_healed":0,"gold_gain":0,"player_choice":"Embrace Madness","damage_taken":11,"max_hp_gain":0,"max_hp_loss":0,"event_name":"Winding Halls","floor":46,"gold_loss":0,"cards_obtained":["Madness","Madness"]}],"is_beta":false,"boss_relics":[{"not_picked":["Tiny House","Sozu"],"picked":"Astrolabe"},{"not_picked":["Empty Cage","Lizard Tail"],"picked":"Cursed Key"}],"items_purged_floors":[39,41],"is_endless":false,"potions_floor_spawned":[12,14,16,20,23,29,36,42,44,45],"ascension_level":1}