{"gold_per_floor":[17,17,33,48,48,92,105,105,105,129,95,95,113,127,127,127],"floor_reached":16,"playtime":1278,"items_purged":[],"score":166,"play_id":"cd864f56-eb84-4df3-bdee-073f9dcc71ab","local_time":"20190713000239","is_ascension_mode":true,"campfire_choices":[{"data":"Anger","floor":12,"key":"SMITH"},{"data":"Pommel Strike","floor":15,"key":"SMITH"}],"neow_cost":"NO_GOLD","seed_source_timestamp":239407732503456,"circlet_count":0,"master_deck":["AscendersBane","Strike_R","Strike_R","Defend_R","Defend_R","Defend_R","Defend_R","Bash","Anger+1","Iron Wave","Shrug It Off","Limit Break","Carnage","Metallicize","Flame Barrier","Pommel Strike+1"],"relics":["Burning Blood","Golden Idol","Oddly Smooth Stone","Bottled Flame"],"potions_floor_usage":[6,16,16],"damage_taken":[{"damage":11,"enemies":"Cultist","floor":1,"turns":4},{"damage":8,"enemies":"2 Louse","floor":3,"turns":3},{"damage":7,"enemies":"Small Slimes","floor":4,"turns":3},{"damage":29,"enemies":"3 Sentries","floor":6,"turns":12},{"damage":8,"enemies":"Gremlin Gang","floor":7,"turns":5},{"damage":6,"enemies":"Large Slime","floor":10,"turns":7},{"damage":0,"enemies":"3 Louse","floor":13,"turns":3},{"damage":5,"enemies":"Looter","floor":14,"turns":3},{"damage":55,"enemies":"Slime Boss","floor":16,"turns":7}],"seed_played":"4843201275859615327","potions_obtained":[{"floor":1,"key":"Swift Potion"},{"floor":6,"key":"SteroidPotion"},{"floor":13,"key":"Weak Potion"}],"is_trial":false,"path_per_floor":["M","?","M","M","?","E","M","?","T","M","$","R","M","M","R","B"],"character_chosen":"IRONCLAD","items_purchased":["Flame Barrier"],"campfire_rested":0,"item_purchase_floors":[11],"current_hp_per_floor":[67,47,45,44,70,47,45,45,45,45,45,45,51,52,52,0],"gold":127,"neow_bonus":"REMOVE_TWO","is_prod":false,"is_daily":false,"chose_seed":false,"campfire_upgraded":2,"win_rate":0,"timestamp":1562994159,"path_taken":["M","?","M","M","?","E","M","?","T","?","$","R","M","M","R","BOSS"],"build_version":"2019-07-05","purchased_purges":0,"victory":false,"max_hp_per_floor":[80,80,80,80,80,80,80,80,80,80,80,80,80,80,80,80],"card_choices":[{"not_picked":["Bloodletting","Clash"],"picked":"Anger","floor":1},{"not_picked":["Sword Boomerang","Clothesline"],"picked":"Iron Wave","floor":3},{"not_picked":["Burning Pact","Warcry"],"picked":"Shrug It Off","floor":4},{"not_picked":["Entrench","Clash"],"picked":"Limit Break","floor":6},{"not_picked":["Armaments","Warcry"],"picked":"Carnage","floor":7},{"not_picked":["Twin Strike","Rampage"],"picked":"Metallicize","floor":10},{"not_picked":["Flex","Iron Wave"],"picked":"Pommel Strike","floor":13},{"not_picked":["Dark Embrace","Hemokinesis","Shockwave"],"picked":"SKIP","floor":14}],"player_experience":862431,"relics_obtained":[{"floor":6,"key":"Oddly Smooth Stone"},{"floor":9,"key":"Bottled Flame"}],"event_choices":[{"damage_healed":0,"gold_gain":0,"player_choice":"Take Damage","damage_taken":20,"relics_obtained":["Golden Idol"],"max_hp_gain":0,"max_hp_loss":0,"event_name":"Golden Idol","floor":2,"gold_loss":0},{"damage_healed":26,"gold_gain":0,"player_choice":"Banana","damage_taken":0,"max_hp_gain":0,"max_hp_loss":0,"event_name":"Big Fish","floor":5,"gold_loss":0},{"cards_removed":["Strike_R"],"damage_healed":0,"gold_gain":0,"player_choice":"Purged","damage_taken":0,"max_hp_gain":0,"max_hp_loss":0,"event_name":"Purifier","floor":8,"gold_loss":0}],"is_beta":false,"boss_relics":[],"items_purged_floors":[],"is_endless":false,"potions_floor_spawned":[1,6,13],"killed_by":"Slime Boss","ascension_level":12}