{"gold_per_floor":[110,125,125,0,11,11,21,21,45,70,70,88,88,138,138,215,215,227,227],"floor_reached":19,"playtime":414,"items_purged":[],"score":334,"play_id":"51e96ff5-ea68-4609-83bf-79d12275579d","local_time":"20190323151500","is_ascension_mode":true,"campfire_choices":[{"data":"Defragment","floor":6,"key":"SMITH"},{"data":"Hello World","floor":11,"key":"SMITH"},{"floor":13,"key":"REST"},{"data":"Zap","floor":15,"key":"SMITH"}],"neow_cost":"NONE","seed_source_timestamp":0,"circlet_count":0,"master_deck":["AscendersBane","Strike_B","Strike_B+1","Strike_B+1","Strike_B","Defend_B","Defend_B","Defend_B","Defend_B","Zap+1","Dualcast","Rebound","Defragment+1","Auto Shields","Leap","Hello World+1","Ball Lightning","Rebound","Biased Cognition","Streamline","Stack","Sweeping Beam","Biased Cognition"],"special_seed":0,"relics":["Busted Crown","Boot","Smiling Mask","Art of War","Orrery"],"potions_floor_usage":[10,10,18],"damage_taken":[{"damage":7,"enemies":"Jaw Worm","floor":1,"turns":4},{"damage":0,"enemies":"2 Louse","floor":2,"turns":2},{"damage":7,"enemies":"Small Slimes","floor":5,"turns":5},{"damage":3,"enemies":"Red Slaver","floor":7,"turns":4},{"damage":11,"enemies":"3 Sentries","floor":10,"turns":8},{"damage":6,"enemies":"Looter","floor":12,"turns":3},{"damage":33,"enemies":"Slime Boss","floor":16,"turns":8},{"damage":3,"enemies":"Spheric Guardian","floor":18,"turns":3},{"damage":0,"enemies":"2 Thieves","floor":19,"turns":1}],"seed_played":"4402887863889767644","potions_obtained":[{"floor":5,"key":"Regen Potion"},{"floor":7,"key":"GamblersBrew"},{"floor":16,"key":"Fire Potion"},{"floor":18,"key":"GamblersBrew"}],"is_trial":false,"path_per_floor":["M","M","?","$","M","R","M","?","T","E","R","M","R","?","R","B",null,"M","M"],"character_chosen":"DEFECT","items_purchased":["Defragment","Auto Shields"],"campfire_rested":1,"item_purchase_floors":[4,4],"current_hp_per_floor":[57,57,46,46,39,39,36,15,15,19,19,13,34,34,34,1,54,51,51],"gold":227,"neow_bonus":"BOSS_RELIC","is_prod":false,"is_daily":false,"chose_seed":false,"campfire_upgraded":3,"win_rate":0,"timestamp":1553379300,"path_taken":["M","M","?","$","M","R","M","?","T","E","R","?","R","?","R","BOSS","M","M"],"build_version":"2019-03-15","purchased_purges":0,"victory":false,"max_hp_per_floor":[71,71,71,71,71,71,71,71,71,71,71,71,71,71,71,71,71,71,71],"card_choices":[{"not_picked":[],"picked":"Rebound","floor":1},{"not_picked":[],"picked":"Leap","floor":5},{"not_picked":[],"picked":"Hello World","floor":7},{"not_picked":[],"picked":"Ball Lightning","floor":10},{"not_picked":[],"picked":"Rebound","floor":12},{"not_picked":[],"picked":"Biased Cognition","floor":16},{"not_picked":[],"picked":"Streamline","floor":17},{"not_picked":[],"picked":"Stack","floor":17},{"not_picked":[],"picked":"Sweeping Beam","floor":17},{"not_picked":[],"picked":"Biased Cognition","floor":18}],"player_experience":1352241,"relics_obtained":[{"floor":9,"key":"Smiling Mask"},{"floor":10,"key":"Art of War"}],"event_choices":[{"damage_healed":0,"gold_gain":0,"player_choice":"Success","damage_taken":11,"relics_obtained":["Boot"],"max_hp_gain":0,"max_hp_loss":0,"event_name":"Scrap Ooze","floor":3,"gold_loss":0},{"damage_healed":0,"gold_gain":0,"player_choice":"Entered Light","damage_taken":21,"max_hp_gain":0,"max_hp_loss":0,"event_name":"Shining Light","floor":8,"gold_loss":0,"cards_upgraded":["Strike_B","Strike_B"]},{"damage_healed":0,"gold_gain":50,"player_choice":"Pray","damage_taken":0,"max_hp_gain":0,"max_hp_loss":0,"event_name":"Golden Shrine","floor":14,"gold_loss":0}],"is_beta":true,"boss_relics":[{"not_picked":["Nuclear Battery","Lizard Tail"],"picked":"Orrery"}],"items_purged_floors":[],"is_endless":false,"potions_floor_spawned":[5,7,16,18],"killed_by":"2 Thieves","ascension_level":20}