{"gold_per_floor":[119,119,129,143,123,123,153,185,197,220,262,274,299,331,343,355],"floor_reached":16,"playtime":526,"items_purged":[],"score":228,"play_id":"9f71f751-d462-4f79-9ce9-58dc02eb062e","local_time":"20190321141120","is_ascension_mode":true,"campfire_choices":[{"data":"Armaments","floor":6,"key":"SMITH"},{"data":"Bash","floor":12,"key":"SMITH"},{"data":"True Grit","floor":15,"key":"SMITH"}],"neow_cost":"NONE","seed_source_timestamp":14706034133526,"circlet_count":0,"master_deck":["AscendersBane","Strike_R","Strike_R","Strike_R","Strike_R","Defend_R","Defend_R","Defend_R","Defend_R","Bash+1","Clothesline","Armaments+1","Shrug It Off","Evolve","Cleave","Clash","Armaments","Ghostly Armor","True Grit+1","Clothesline"],"relics":["Burning Blood","NeowsBlessing","MawBank","Pantograph","Question Card"],"potions_floor_usage":[7,10,11,16],"damage_taken":[{"damage":0,"enemies":"2 Louse","floor":1,"turns":1},{"damage":0,"enemies":"Cultist","floor":3,"turns":1},{"damage":0,"enemies":"Small Slimes","floor":4,"turns":1},{"damage":32,"enemies":"Lagavulin","floor":7,"turns":10},{"damage":21,"enemies":"Red Slaver","floor":8,"turns":4},{"damage":6,"enemies":"Lots of Slimes","floor":10,"turns":4},{"damage":24,"enemies":"3 Sentries","floor":11,"turns":9},{"damage":2,"enemies":"Exordium Wildlife","floor":13,"turns":6},{"damage":11,"enemies":"Exordium Thugs","floor":14,"turns":4},{"damage":14,"enemies":"Hexaghost","floor":16,"turns":11}],"seed_played":"-2625420564812194222","potions_obtained":[{"floor":3,"key":"Regen Potion"},{"floor":5,"key":"BloodPotion"},{"floor":8,"key":"Fire Potion"},{"floor":11,"key":"PowerPotion"}],"is_trial":false,"path_per_floor":["M","?","M","M","?","R","E","M","T","M","E","R","M","M","R","B"],"character_chosen":"IRONCLAD","items_purchased":[],"campfire_rested":0,"item_purchase_floors":[],"current_hp_per_floor":[74,74,75,75,75,75,56,41,41,41,38,38,42,37,37,48],"gold":355,"neow_bonus":"THREE_ENEMY_KILL","is_prod":false,"is_daily":false,"chose_seed":false,"campfire_upgraded":3,"win_rate":0,"timestamp":1553202680,"path_taken":["M","?","M","?","?","R","E","M","T","M","E","R","?","?","R","BOSS"],"build_version":"2019-03-15","purchased_purges":0,"victory":false,"max_hp_per_floor":[75,75,75,75,75,75,75,75,75,75,75,75,75,75,75,75],"card_choices":[{"not_picked":["True Grit","Pommel Strike"],"picked":"Clothesline","floor":1},{"not_picked":["Clash","Inflame"],"picked":"Shrug It Off","floor":3},{"not_picked":["Warcry","Heavy Blade"],"picked":"Evolve","floor":4},{"not_picked":["Fire Breathing","Combust"],"picked":"Cleave","floor":7},{"not_picked":["Headbutt","Heavy Blade"],"picked":"Clash","floor":8},{"not_picked":["Burning Pact","True Grit"],"picked":"Armaments","floor":10},{"not_picked":["True Grit","Reckless Charge"],"picked":"Ghostly Armor","floor":11},{"not_picked":["Berserk","Cleave","Flex"],"picked":"True Grit","floor":13},{"not_picked":["Cleave","Wild Strike","Heavy Blade"],"picked":"Clothesline","floor":14}],"player_experience":1347704,"relics_obtained":[{"floor":7,"key":"MawBank"},{"floor":9,"key":"Pantograph"},{"floor":11,"key":"Question Card"}],"event_choices":[{"damage_healed":0,"gold_gain":0,"cards_transformed":["Strike_R"],"player_choice":"Transformed","damage_taken":0,"max_hp_gain":0,"max_hp_loss":0,"event_name":"Transmorgrifier","floor":2,"gold_loss":0,"cards_obtained":["Armaments"]},{"damage_healed":0,"gold_gain":0,"player_choice":"Bought 1 Potion","damage_taken":0,"max_hp_gain":0,"max_hp_loss":0,"event_name":"The Woman in Blue","floor":5,"gold_loss":0}],"is_beta":true,"boss_relics":[],"items_purged_floors":[],"is_endless":false,"potions_floor_spawned":[3,8,11],"killed_by":"Hexaghost","ascension_level":20}