{"gold_per_floor":[116,135,13,13,29,29,62,62,115,115,115,140,140,140,140,214,214,230,247,247,497,511,511,511],"floor_reached":24,"playtime":621,"items_purged":[],"score":354,"play_id":"b28a13d1-bfde-4a52-bd86-a61f8b3234ba","local_time":"20180715222051","is_ascension_mode":true,"campfire_choices":[{"data":"Go for the Eyes","floor":6,"key":"SMITH"},{"data":"Loop","floor":8,"key":"SMITH"},{"data":"Hello World","floor":10,"key":"SMITH"},{"data":"Loop","floor":13,"key":"SMITH"},{"data":"Coolheaded","floor":15,"key":"SMITH"},{"data":"Coolheaded","floor":23,"key":"SMITH"}],"neow_cost":"","seed_source_timestamp":334119255633870,"circlet_count":0,"master_deck":["Strike_B","Strike_B","Strike_B","Strike_B","Defend_B","Defend_B","Defend_B","Defend_B","Zap","Dualcast","AscendersBane","Ball Lightning","Coolheaded+1","Loop+1","Go for the Eyes+1","Leap","Hello World+1","Loop+1","Creative AI","Coolheaded+1","Regret","Cold Snap"],"relics":["Cracked Core","Pen Nib","Juzu Bracelet","Letter Opener","Sozu"],"potions_floor_usage":[16,16,18],"damage_taken":[{"damage":1,"enemies":"Cultist","floor":1,"turns":4},{"damage":0,"enemies":"Small Slimes","floor":2,"turns":2},{"damage":2,"enemies":"Jaw Worm","floor":5,"turns":2},{"damage":20,"enemies":"Gremlin Nob","floor":7,"turns":4},{"damage":6,"enemies":"Lagavulin","floor":12,"turns":7},{"damage":2,"enemies":"Slime Boss","floor":16,"turns":11},{"damage":19,"enemies":"2 Thieves","floor":18,"turns":4},{"damage":0,"enemies":"Chosen","floor":19,"turns":4},{"damage":9,"enemies":"Snecko","floor":22,"turns":6},{"damage":1,"enemies":"Gremlin Leader","floor":24,"turns":2}],"seed_played":"7083809247951800103","potions_obtained":[{"floor":2,"key":"SpeedPotion"},{"floor":7,"key":"SkillPotion"},{"floor":16,"key":"GamblersBrew"}],"is_trial":false,"path_per_floor":["M","M","$","?","M","R","E","R","T","R","?","E","R","?","R","B",null,"M","M","?","?","M","R"],"character_chosen":"DEFECT","items_purchased":["Loop","Go for the Eyes"],"campfire_rested":0,"item_purchase_floors":[3,3],"current_hp_per_floor":[63,63,63,63,61,61,41,41,41,41,46,40,40,40,40,38,67,48,48,48,48,39,39,38],"gold":511,"neow_bonus":"","is_prod":false,"is_daily":false,"chose_seed":false,"campfire_upgraded":6,"win_rate":0,"timestamp":1531718451,"path_taken":["M","?","$","?","M","R","E","R","T","R","?","E","R","?","R","BOSS","M","M","?","?","M","R","E"],"build_version":"2018-07-13","purchased_purges":0,"victory":false,"max_hp_per_floor":[71,71,71,71,71,71,71,71,71,71,76,76,76,76,76,76,76,76,76,76,76,76,76,76],"card_choices":[{"not_picked":["Compile Driver","Undo"],"picked":"Ball Lightning","floor":1},{"not_picked":["Gash","Lockon"],"picked":"Coolheaded","floor":2},{"not_picked":["FTL","Static Discharge"],"picked":"Leap","floor":5},{"not_picked":["Turbo","Fusion"],"picked":"Hello World","floor":7},{"not_picked":["BootSequence","Static Discharge"],"picked":"Loop","floor":12},{"not_picked":["Reboot","Hyperbeam"],"picked":"Creative AI","floor":16},{"not_picked":["Redo","Storm"],"picked":"Coolheaded","floor":19},{"not_picked":["Go for the Eyes","Barrage"],"picked":"Cold Snap","floor":22}],"player_experience":652870,"relics_obtained":[{"floor":7,"key":"Pen Nib"},{"floor":9,"key":"Juzu Bracelet"},{"floor":12,"key":"Letter Opener"}],"event_choices":[{"event_name":"The Cleric","player_choice":"Leave","floor":4,"damage_taken":0},{"event_name":"Big Fish","player_choice":"Donut","floor":11,"damage_taken":0},{"event_name":"Liars Game","player_choice":"disagreed","floor":14,"damage_taken":0},{"event_name":"Drug Dealer","player_choice":"Ignored","floor":20,"damage_taken":0},{"event_name":"Golden Shrine","player_choice":"Desecrate","floor":21,"damage_taken":0}],"boss_relics":[{"not_picked":["Orrery","Black Star"],"picked":"Sozu"}],"items_purged_floors":[],"is_endless":false,"potions_floor_spawned":[2,7,16,19,22],"killed_by":"Gremlin Leader","ascension_level":15}