{"gold_per_floor":[110,6,6,20,20,20,48,59,113,129,159,159,190,42,42,118,118,133,61,61,85,95,95,108,108,134,46,46,71,71,88,88,162,162,182,182,18,18,36,65,65,81,81,47,47,47,57,90,90,90],"floor_reached":51,"playtime":2292,"items_purged":["Scrape","Decay"],"score":1475,"play_id":"5ba42da4-8e37-4559-95c0-6bed2e9ef7e2","local_time":"20180808164042","is_ascension_mode":true,"campfire_choices":[{"data":"Chill","floor":6.0,"key":"SMITH"},{"data":"Go for the Eyes","floor":12.0,"key":"SMITH"},{"data":"Beam Cell","floor":15.0,"key":"SMITH"},{"data":"Defragment","floor":23.0,"key":"SMITH"},{"data":"Hologram","floor":25.0,"key":"SMITH"},{"data":"Creative AI","floor":28.0,"key":"SMITH"},{"data":"Zap","floor":32.0,"key":"SMITH"},{"floor":41.0,"key":"REST"},{"data":"Blizzard","floor":45.0,"key":"SMITH"},{"floor":49.0,"key":"REST"}],"neow_cost":"NONE","seed_source_timestamp":795195293414546,"circlet_count":0,"master_deck":["Zap+1","Dualcast","AscendersBane","Chill+1","Beam Cell+1","Rebound+1","Go for the Eyes+1","Compile Driver","Defragment+1","Conserve Battery","Chill","Chill","Glacier","Cold Snap","FTL","Creative AI+1","Blizzard+1","Lockon+1","Beam Cell+1","Hologram+1","Defragment+1","Cold Snap+1","Amplify","Fission","Discovery","Panache","Reboot","White Noise","Fission","Fusion","Blizzard+1","Capacitor","Consume+1","Buffer"],"special_seed":0,"relics":["Pandora\u0027s Box","Oddly Smooth Stone","Orichalcum","Anchor","Mercury Hourglass","Astrolabe","Regal Pillow","MawBank","Gambling Chip","Sozu","Whetstone","Ornamental Fan","Vajra"],"potions_floor_usage":[],"damage_taken":[{"damage":7.0,"enemies":"Jaw Worm","floor":1.0,"turns":2.0},{"damage":0.0,"enemies":"Cultist","floor":4.0,"turns":3.0},{"damage":10.0,"enemies":"Lagavulin","floor":7.0,"turns":6.0},{"damage":0.0,"enemies":"2 Louse","floor":8.0,"turns":3.0},{"damage":0.0,"enemies":"Exordium Thugs","floor":10.0,"turns":4.0},{"damage":7.0,"enemies":"Gremlin Nob","floor":11.0,"turns":4.0},{"damage":0.0,"enemies":"3 Sentries","floor":13.0,"turns":6.0},{"damage":0.0,"enemies":"Slime Boss","floor":16.0,"turns":10.0},{"damage":0.0,"enemies":"2 Thieves","floor":18.0,"turns":3.0},{"damage":0.0,"enemies":"Chosen","floor":22.0,"turns":4.0},{"damage":0.0,"enemies":"3 Cultists","floor":24.0,"turns":5.0},{"damage":2.0,"enemies":"Gremlin Leader","floor":29.0,"turns":8.0},{"damage":0.0,"enemies":"Snecko","floor":31.0,"turns":4.0},{"damage":0.0,"enemies":"Collector","floor":33.0,"turns":12.0},{"damage":7.0,"enemies":"3 Darklings","floor":35.0,"turns":6.0},{"damage":0.0,"enemies":"3 Shapes","floor":39.0,"turns":4.0},{"damage":26.0,"enemies":"2 Orb Walkers","floor":40.0,"turns":6.0},{"damage":9.0,"enemies":"3 Darklings","floor":42.0,"turns":5.0},{"damage":1.0,"enemies":"Spire Growth","floor":47.0,"turns":7.0},{"damage":26.0,"enemies":"Nemesis","floor":48.0,"turns":8.0},{"damage":17,"enemies":"Time Eater","floor":50,"turns":28}],"seed_played":"-5347162005476271343","potions_obtained":[{"floor":1.0,"key":"Poison Potion"},{"floor":4.0,"key":"Explosive Potion"},{"floor":13.0,"key":"Swift Potion"}],"is_trial":false,"path_per_floor":["M","$","?","M","?","R","E","M","T","M","E","R","E","$","R","B",null,"M","$","?","T","M","R","M","R","T","$","R","E","$","M","R","B",null,"M","?","$","?","M","E","R","M","T","$","R","?","M","E","R","B"],"character_chosen":"DEFECT","items_purchased":["Conserve Battery","Chill","Rip and Tear","Defragment","Reboot","Blizzard"],"campfire_rested":2,"item_purchase_floors":[2,2,14,19,37,44],"current_hp_per_floor":[57,57,57,57,57,57,47,47,47,47,40,40,40,40,40,40,63,63,63,63,63,63,63,63,63,63,63,63,61,61,61,61,61,69,62,52,52,52,52,26,62,53,53,53,53,53,52,26,62,52],"gold":90,"neow_bonus":"BOSS_RELIC","is_prod":false,"is_daily":false,"chose_seed":false,"campfire_upgraded":8,"win_rate":0,"timestamp":1533771642,"path_taken":["M","$","?","M","?","R","E","M","T","M","E","R","E","$","R","BOSS","M","$","?","?","M","R","M","R","T","?","R","E","$","M","R","BOSS","M","?","$","?","M","E","R","M","T","?","R","?","M","E","R","BOSS"],"build_version":"2018-08-07v3","purchased_purges":2,"victory":true,"max_hp_per_floor":[71,71,71,71,71,71,71,71,71,71,71,71,71,71,71,71,71,71,71,71,71,71,71,71,71,71,71,71,71,71,71,71,71,71,71,71,71,71,71,71,71,71,71,71,71,71,71,71,71,71],"card_choices":[{"not_picked":["Turbo","FTL"],"picked":"Defragment","floor":1.0},{"not_picked":["Storm","Beam Cell"],"picked":"Gash","floor":4.0},{"not_picked":["Compile Driver","Sunder"],"picked":"Chill","floor":7.0},{"not_picked":["Ball Lightning","Double Energy"],"picked":"Glacier","floor":10.0},{"not_picked":["Leap","Streamline"],"picked":"Cold Snap","floor":11.0},{"not_picked":["Conserve Battery","Meteor Strike"],"picked":"FTL","floor":13.0},{"not_picked":["Rainbow","Biased Cognition"],"picked":"Creative AI","floor":16.0},{"not_picked":["Beam Cell","Coolheaded"],"picked":"Hologram","floor":18.0},{"not_picked":["Auto Shields","Sweeping Beam"],"picked":"Cold Snap","floor":22.0},{"not_picked":["Consume","Redo"],"picked":"Amplify","floor":31.0},{"not_picked":["Biased Cognition","Core Surge"],"picked":"Fission","floor":33.0},{"not_picked":["Purity","Impatience"],"picked":"Discovery","floor":36.0},{"not_picked":["Mind Blast","Purity"],"picked":"Panache","floor":36.0},{"not_picked":["Steam+1","Tempest+1"],"picked":"White Noise","floor":39.0},{"not_picked":["Steam","Stack"],"picked":"Fission","floor":40.0},{"not_picked":["Hello World","Sweeping Beam"],"picked":"Fusion","floor":42.0},{"not_picked":["Gash+1","Capacitor"],"picked":"Consume+1","floor":47.0},{"not_picked":["Ball Lightning+1","Static Discharge"],"picked":"Buffer","floor":48.0}],"player_experience":767894,"relics_obtained":[{"floor":7.0,"key":"Oddly Smooth Stone"},{"floor":9.0,"key":"Orichalcum"},{"floor":11.0,"key":"Anchor"},{"floor":13.0,"key":"Mercury Hourglass"},{"floor":21.0,"key":"Regal Pillow"},{"floor":26.0,"key":"MawBank"},{"floor":29.0,"key":"Gambling Chip"},{"floor":40.0,"key":"Whetstone"},{"floor":43.0,"key":"Ornamental Fan"},{"floor":48.0,"key":"Vajra"}],"event_choices":[{"event_name":"Accursed Blacksmith","player_choice":"Forge","floor":3.0,"damage_taken":0.0},{"event_name":"Fountain of Cleansing","player_choice":"Removed Curse","floor":5.0,"damage_taken":0.0},{"event_name":"Forgotten Altar","player_choice":"Smashed Altar","floor":20.0,"damage_taken":0.0},{"event_name":"SensoryStone","player_choice":"Memory 3","floor":36.0,"damage_taken":0.0},{"event_name":"Purifier","player_choice":"One Purge","floor":38.0,"damage_taken":0.0},{"event_name":"Match and Keep!","player_choice":"1 cards matched","floor":46.0,"damage_taken":0.0}],"is_beta":true,"boss_relics":[{"not_picked":["Black Star","Tiny House"],"picked":"Astrolabe"},{"not_picked":["Calling Bell","Empty Cage"],"picked":"Sozu"}],"items_purged_floors":[14,27],"is_endless":false,"potions_floor_spawned":[1,4,7,13,22,31,42,47],"ascension_level":15}