{"gold_per_floor":[110,127,52,102,115,115,142,194,194,214,214,214,228,42,42,113,113,128,138,158,158,158,158],"floor_reached":23,"playtime":1189,"items_purged":["Strike_G","Strike_G"],"score":344,"play_id":"7f68551d-278e-415f-8682-47ed2d54b23b","local_time":"20190723221138","is_ascension_mode":true,"campfire_choices":[{"data":"Bouncing Flask","floor":6,"key":"SMITH"},{"data":"Backflip","floor":11,"key":"SMITH"},{"floor":15,"key":"REST"}],"neow_cost":"NONE","seed_source_timestamp":1183238668509393,"circlet_count":0,"master_deck":["AscendersBane","Strike_G","Strike_G","Defend_G","Defend_G","Defend_G","Defend_G","Defend_G","Survivor","Neutralize+1","Bouncing Flask+1","Dagger Spray","Backflip+1","Deflect","Dagger Spray","Caltrops","Footwork","Bullet Time","Catalyst","Masterful Stab+1"],"relics":["Ring of the Snake","Omamori","Juzu Bracelet","Boot","Velvet Choker","Sundial"],"potions_floor_usage":[16,20,23],"damage_taken":[{"damage":3,"enemies":"Jaw Worm","floor":1,"turns":5},{"damage":0,"enemies":"Cultist","floor":2,"turns":3},{"damage":0,"enemies":"2 Louse","floor":5,"turns":4},{"damage":15,"enemies":"Lagavulin","floor":7,"turns":5},{"damage":0,"enemies":"Blue Slaver","floor":10,"turns":3},{"damage":7,"enemies":"Large Slime","floor":13,"turns":7},{"damage":28,"enemies":"Slime Boss","floor":16,"turns":11},{"damage":1,"enemies":"Chosen","floor":18,"turns":4},{"damage":16,"enemies":"2 Thieves","floor":19,"turns":5},{"damage":11,"enemies":"Cultist and Chosen","floor":20,"turns":7},{"damage":29,"enemies":"Book of Stabbing","floor":23,"turns":6}],"seed_played":"8761670642734437834","potions_obtained":[{"floor":13,"key":"Block Potion"},{"floor":16,"key":"EssenceOfSteel"},{"floor":19,"key":"PowerPotion"},{"floor":20,"key":"Ancient Potion"}],"is_trial":false,"path_per_floor":["M","M","$","?","M","R","E","T","T","M","R","?","M","$","R","B",null,"M","M","M","?","?","E"],"character_chosen":"THE_SILENT","items_purchased":["Footwork"],"campfire_rested":1,"item_purchase_floors":[14],"current_hp_per_floor":[56,56,56,50,50,50,35,35,35,35,35,35,28,28,47,19,54,53,37,26,26,26,0],"gold":158,"neow_bonus":"UPGRADE_CARD","is_prod":false,"is_daily":false,"chose_seed":false,"campfire_upgraded":2,"win_rate":0,"timestamp":1563937898,"path_taken":["M","M","$","?","?","R","E","?","T","M","R","?","M","$","R","BOSS","M","M","M","?","?","E"],"build_version":"2019-07-17","purchased_purges":2,"victory":false,"max_hp_per_floor":[66,66,66,66,66,66,66,66,66,66,66,66,66,66,66,66,66,66,66,66,66,66,66],"card_choices":[{"not_picked":["Quick Slash","Dagger Throw"],"picked":"Bouncing Flask","floor":1},{"not_picked":["Backflip","Underhanded Strike"],"picked":"Dagger Spray","floor":2},{"not_picked":["Bane","Crippling Poison"],"picked":"Backflip","floor":5},{"not_picked":["Grand Finale","Dodge and Roll"],"picked":"Deflect","floor":7},{"not_picked":["Backstab","Sucker Punch"],"picked":"Dagger Spray","floor":10},{"not_picked":["Prepared","Dodge and Roll"],"picked":"Caltrops","floor":13},{"not_picked":["Storm of Steel","Night Terror"],"picked":"Bullet Time","floor":16},{"not_picked":["Sucker Punch","Blade Dance","All Out Attack"],"picked":"SKIP","floor":18},{"not_picked":["Backflip","Underhanded Strike"],"picked":"Catalyst","floor":19},{"not_picked":["Distraction","Slice"],"picked":"Masterful Stab+1","floor":20}],"player_experience":870578,"relics_obtained":[{"floor":7,"key":"Omamori"},{"floor":8,"key":"Juzu Bracelet"},{"floor":9,"key":"Boot"}],"event_choices":[{"damage_healed":0,"gold_gain":50,"player_choice":"Touch","damage_taken":6,"max_hp_gain":0,"max_hp_loss":0,"event_name":"FaceTrader","floor":4,"gold_loss":0},{"cards_removed":["Strike_G"],"damage_healed":0,"gold_gain":0,"player_choice":"Forget","damage_taken":0,"max_hp_gain":0,"max_hp_loss":0,"event_name":"Living Wall","floor":12,"gold_loss":0},{"damage_healed":0,"gold_gain":0,"player_choice":"Ignored","damage_taken":0,"max_hp_gain":0,"max_hp_loss":0,"event_name":"Vampires","floor":21,"gold_loss":0},{"damage_healed":0,"gold_gain":0,"player_choice":"Opened","damage_taken":0,"relics_obtained":["Sundial"],"max_hp_gain":0,"max_hp_loss":0,"event_name":"The Mausoleum","floor":22,"gold_loss":0,"cards_obtained":["Writhe"]}],"is_beta":false,"boss_relics":[{"not_picked":["Empty Cage","WristBlade"],"picked":"Velvet Choker"}],"items_purged_floors":[3,14],"is_endless":false,"potions_floor_spawned":[13,16,19,20],"killed_by":"Book of Stabbing","ascension_level":16}