{"gold_per_floor":[119,134,149,149,225,253,253,284,359,359,409,429,449,468,468,547,547,567,567,493,493,543,543,575,594,594,308,308,308,308,327,327,327],"floor_reached":33,"playtime":642,"items_purged":[],"score":522,"play_id":"2fb317db-59ca-4e60-8128-5ffc7289c911","local_time":"20180726154536","is_ascension_mode":true,"campfire_choices":[{"data":"Bash","floor":7,"key":"SMITH"},{"data":"Perfected Strike","floor":10,"key":"SMITH"},{"data":"Cleave","floor":15,"key":"SMITH"},{"data":"Armaments","floor":23,"key":"SMITH"},{"data":"True Grit","floor":28,"key":"SMITH"},{"floor":30,"key":"REST"},{"data":"Panacea","floor":32,"key":"SMITH"}],"neow_cost":"NONE","seed_source_timestamp":290895786700650,"circlet_count":0,"master_deck":["Strike_R","Strike_R","Strike_R","Strike_R","Strike_R","Defend_R","Defend_R","Defend_R","Defend_R","Bash+1","AscendersBane","Uppercut+1","Headbutt","Feel No Pain","Perfected Strike+1","Cleave+1","Shrug It Off","Impervious","Offering","Armaments+1","Shockwave","Writhe","Iron Wave+1","Evolve","True Grit+1","Panacea+1","Offering"],"relics":["Burning Blood","NeowsBlessing","Gremlin Horn","Mercury Hourglass","Bronze Scales","Question Card","Snecko Eye","Darkstone Periapt","Sundial","Anchor","Blood Vial","Turnip"],"potions_floor_usage":[8,12,18],"damage_taken":[{"damage":0,"enemies":"Cultist","floor":1,"turns":1},{"damage":0,"enemies":"Small Slimes","floor":2,"turns":1},{"damage":0,"enemies":"2 Louse","floor":3,"turns":1},{"damage":33,"enemies":"Lagavulin","floor":6,"turns":9},{"damage":0,"enemies":"Gremlin Nob","floor":8,"turns":2},{"damage":3,"enemies":"Blue Slaver","floor":12,"turns":2},{"damage":2,"enemies":"Exordium Wildlife","floor":13,"turns":2},{"damage":3,"enemies":"Looter","floor":14,"turns":3},{"damage":13,"enemies":"Slime Boss","floor":16,"turns":7},{"damage":13,"enemies":"2 Thieves","floor":18,"turns":2},{"damage":34,"enemies":"Slavers","floor":24,"turns":6},{"damage":4,"enemies":"3 Byrds","floor":25,"turns":3},{"damage":5,"enemies":"Cultist and Chosen","floor":31,"turns":5},{"damage":7,"enemies":"Champ","floor":33,"turns":3}],"seed_played":"-673831609559478524","potions_obtained":[{"floor":1,"key":"AttackPotion"},{"floor":3,"key":"Block Potion"},{"floor":8,"key":"GamblersBrew"},{"floor":31,"key":"Regen Potion"}],"is_trial":false,"path_per_floor":["M","M","M","?","T","E","R","E","T","R","?","M","M","M","R","B",null,"M","?","$","?","?","R","E","M","T","$","R","T","R","M","R"],"character_chosen":"IRONCLAD","items_purchased":["Shockwave","True Grit","Panacea","Blood Vial"],"campfire_rested":1,"item_purchase_floors":[20,27,27,27],"current_hp_per_floor":[74,75,75,75,75,48,48,54,54,54,54,57,61,64,64,57,71,64,64,64,70,70,70,42,44,44,44,44,44,68,71,71,66],"gold":327,"neow_bonus":"THREE_ENEMY_KILL","is_prod":false,"is_daily":false,"chose_seed":false,"campfire_upgraded":6,"win_rate":0,"timestamp":1532645136,"path_taken":["M","M","?","?","?","E","R","E","T","R","?","M","M","M","R","BOSS","M","?","$","?","?","R","E","?","T","$","R","?","R","M","R","BOSS"],"build_version":"2018-07-26","purchased_purges":0,"victory":false,"max_hp_per_floor":[75,75,75,75,75,75,75,75,75,75,75,75,75,75,75,75,75,75,75,75,81,81,81,81,81,81,81,81,81,81,81,81,81],"card_choices":[{"not_picked":["Carnage","Intimidate"],"picked":"Uppercut","floor":2},{"not_picked":["Clothesline","Body Slam"],"picked":"Headbutt","floor":3},{"not_picked":["Fire Breathing","Pommel Strike"],"picked":"Feel No Pain","floor":6},{"not_picked":["Searing Blow","Battle Trance"],"picked":"Perfected Strike","floor":8},{"not_picked":["Uppercut","Rupture","Whirlwind"],"picked":"Cleave","floor":12},{"not_picked":["Clothesline","Thunderclap","Power Through"],"picked":"Shrug It Off","floor":13},{"not_picked":["Intimidate","Flex","Seeing Red"],"picked":"Impervious","floor":14},{"not_picked":["Exhume","Impervious","Reaper"],"picked":"Offering","floor":16},{"not_picked":["Warcry","Clothesline","Reckless Charge+1"],"picked":"Armaments","floor":18},{"not_picked":["Hemokinesis","Infernal Blade","Burning Pact"],"picked":"Iron Wave+1","floor":24},{"not_picked":["Anger","Pommel Strike+1","Dropkick+1"],"picked":"Evolve","floor":25},{"not_picked":["Warcry","Wild Strike","Anger"],"picked":"Offering","floor":31}],"player_experience":687953,"relics_obtained":[{"floor":5,"key":"Gremlin Horn"},{"floor":6,"key":"Mercury Hourglass"},{"floor":8,"key":"Bronze Scales"},{"floor":9,"key":"Question Card"},{"floor":24,"key":"Sundial"},{"floor":26,"key":"Anchor"},{"floor":29,"key":"Turnip"}],"event_choices":[{"event_name":"Living Wall","player_choice":"Grow","floor":4,"damage_taken":0},{"event_name":"Golden Shrine","player_choice":"Pray","floor":11,"damage_taken":0},{"event_name":"Ghosts","player_choice":"Ignored","floor":19,"damage_taken":0},{"event_name":"The Mausoleum","player_choice":"Yes","floor":21,"damage_taken":0},{"event_name":"Nest","player_choice":"Stole From Cult","floor":22,"damage_taken":0}],"is_beta":true,"boss_relics":[{"not_picked":["Pandora\u0027s Box","Ectoplasm"],"picked":"Snecko Eye"}],"items_purged_floors":[],"is_endless":false,"potions_floor_spawned":[1,3,8,31],"killed_by":"Champ","ascension_level":15}