{"gold_per_floor":[109,109,127,137,156,156,156,28,28,56,56,56,87,101,101,227,227,252,272,295,314,335,335,53,94,94,94,219,219,253,272,272,272],"floor_reached":33,"playtime":1692,"items_purged":["Impatience","Defend_R"],"score":372,"play_id":"f1626813-0396-4e35-8525-6b2f22177db8","local_time":"20190615132012","is_ascension_mode":false,"campfire_choices":[{"data":"Feed","floor":6,"key":"SMITH"},{"floor":12,"key":"RECALL"},{"floor":15,"key":"REST"},{"floor":23,"key":"REST"},{"data":"Metallicize","floor":32,"key":"SMITH"}],"neow_cost":"PERCENT_DAMAGE","seed_source_timestamp":309187662794994,"circlet_count":0,"master_deck":["Strike_R","Strike_R","Strike_R","Strike_R+1","Strike_R+1","Defend_R","Defend_R","Defend_R","Bash","Feed+1","Inflame","Thunderclap","Perfected Strike","Perfected Strike","Shrug It Off","Shrug It Off","Double Tap","Twin Strike+1","Whirlwind","Wild Strike","Twin Strike","Shrug It Off","Metallicize+1","Flame Barrier"],"relics":["Burning Blood","Bottled Tornado","Golden Idol","Dream Catcher","Cursed Key","Membership Card","Dodecahedron","Ancient Tea Set","Turnip","Bottled Lightning","Anchor"],"potions_floor_usage":[10,28,33,33],"damage_taken":[{"damage":0,"enemies":"2 Louse","floor":1,"turns":3},{"damage":1,"enemies":"Cultist","floor":3,"turns":3},{"damage":0,"enemies":"Small Slimes","floor":4,"turns":2},{"damage":2,"enemies":"3 Louse","floor":5,"turns":3},{"damage":24,"enemies":"Lagavulin","floor":10,"turns":4},{"damage":19,"enemies":"3 Sentries","floor":13,"turns":7},{"damage":10,"enemies":"Looter","floor":14,"turns":2},{"damage":28,"enemies":"Slime Boss","floor":16,"turns":11},{"damage":6,"enemies":"Shell Parasite","floor":18,"turns":3},{"damage":14,"enemies":"2 Thieves","floor":19,"turns":3},{"damage":47,"enemies":"Shelled Parasite and Fungi","floor":20,"turns":4},{"damage":16,"enemies":"Snake Plant","floor":21,"turns":4},{"damage":5,"enemies":"3 Cultists","floor":22,"turns":4},{"damage":0,"enemies":"Gremlin Leader","floor":25,"turns":4},{"damage":7,"enemies":"Colosseum Slavers","floor":28,"turns":2},{"damage":22,"enemies":"Colosseum Nobs","floor":28,"turns":4},{"damage":22,"enemies":"Book of Stabbing","floor":30,"turns":4},{"damage":7,"enemies":"Centurion and Healer","floor":31,"turns":4},{"damage":77,"enemies":"Collector","floor":33,"turns":7}],"seed_played":"5776894133863726623","potions_obtained":[{"floor":5,"key":"Block Potion"},{"floor":10,"key":"SteroidPotion"},{"floor":14,"key":"SteroidPotion"},{"floor":20,"key":"Poison Potion"}],"is_trial":false,"path_per_floor":["M","?","M","M","M","R","?","$","T","E","?","R","E","M","R","B",null,"M","M","M","M","M","R","$","E","T","?","?","?","E","M","R","B"],"character_chosen":"IRONCLAD","items_purchased":["Shrug It Off","Membership Card","Twin Strike","Shrug It Off"],"campfire_rested":2,"item_purchase_floors":[8,24,24,24],"current_hp_per_floor":[65,65,73,82,89,89,71,71,71,57,57,57,48,44,71,49,93,97,89,52,46,51,83,83,89,89,89,72,72,60,63,63,0],"gold":272,"neow_bonus":"THREE_RARE_CARDS","is_prod":false,"is_daily":false,"chose_seed":false,"campfire_upgraded":2,"win_rate":0,"timestamp":1560622812,"path_taken":["M","?","M","M","?","R","?","$","T","E","?","R","E","M","R","BOSS","M","M","M","M","M","R","$","E","T","?","?","?","E","M","R","BOSS"],"build_version":"2019-01-23","purchased_purges":2,"victory":false,"max_hp_per_floor":[83,83,86,89,92,92,92,92,92,96,89,89,93,93,93,93,93,97,97,101,105,109,109,109,109,109,109,109,109,113,117,117,117],"card_choices":[{"not_picked":["Immolate","Demon Form"],"picked":"Feed","floor":0},{"not_picked":["Body Slam","Clothesline"],"picked":"Inflame","floor":1},{"not_picked":["Shrug It Off","Dual Wield"],"picked":"Perfected Strike","floor":3},{"not_picked":["Clash","Heavy Blade"],"picked":"Perfected Strike","floor":4},{"not_picked":["Second Wind","Sword Boomerang","Flex"],"picked":"SKIP","floor":5},{"not_picked":["True Grit","Blood for Blood","Armaments"],"picked":"SKIP","floor":10},{"not_picked":["Body Slam","Iron Wave","Havoc"],"picked":"SKIP","floor":13},{"not_picked":["Flex","Second Wind"],"picked":"Shrug It Off","floor":14},{"not_picked":["Berserk","Demon Form"],"picked":"Double Tap","floor":16},{"not_picked":["Perfected Strike","Shrug It Off"],"picked":"Twin Strike+1","floor":18},{"not_picked":["Iron Wave","Clash","Dropkick+1"],"picked":"SKIP","floor":19},{"not_picked":["Rupture","Battle Trance+1","Bloodletting"],"picked":"SKIP","floor":20},{"not_picked":["Body Slam","Burning Pact"],"picked":"Whirlwind","floor":21},{"not_picked":["Clash","Feed"],"picked":"Wild Strike","floor":22},{"not_picked":["Hemokinesis+1","Clothesline"],"picked":"Metallicize","floor":25},{"not_picked":["Havoc","Spot Weakness"],"picked":"Flame Barrier","floor":30},{"not_picked":["Corruption+1","Heavy Blade","Warcry"],"picked":"SKIP","floor":31}],"player_experience":817402,"relics_obtained":[{"floor":10,"key":"Bottled Tornado"},{"floor":13,"key":"Dream Catcher"},{"floor":25,"key":"Dodecahedron"},{"floor":26,"key":"Ancient Tea Set"},{"floor":28,"key":"Turnip"},{"floor":28,"key":"Bottled Lightning"},{"floor":30,"key":"Anchor"}],"event_choices":[{"damage_healed":0,"gold_gain":0,"player_choice":"2 cards matched","damage_taken":0,"max_hp_gain":0,"max_hp_loss":0,"event_name":"Match and Keep!","floor":2,"gold_loss":0,"cards_obtained":["Impatience","Thunderclap"]},{"damage_healed":0,"gold_gain":0,"player_choice":"Entered Light","damage_taken":18,"max_hp_gain":0,"max_hp_loss":0,"event_name":"Shining Light","floor":7,"gold_loss":0,"cards_upgraded":["Strike_R","Strike_R"]},{"damage_healed":0,"gold_gain":0,"player_choice":"Lose Max HP","damage_taken":0,"relics_obtained":["Golden Idol"],"max_hp_gain":0,"max_hp_loss":7,"event_name":"Golden Idol","floor":11,"gold_loss":0},{"damage_healed":0,"gold_gain":0,"player_choice":"Ignored","damage_taken":0,"max_hp_gain":0,"max_hp_loss":0,"event_name":"Ghosts","floor":27,"gold_loss":0},{"damage_healed":0,"gold_gain":0,"player_choice":"Fight","damage_taken":0,"max_hp_gain":0,"max_hp_loss":0,"event_name":"Colosseum","floor":28,"gold_loss":0},{"damage_healed":0,"gold_gain":0,"player_choice":"Fought Nobs","damage_taken":0,"max_hp_gain":0,"max_hp_loss":0,"event_name":"Colosseum","floor":28,"gold_loss":0},{"cards_removed":["Normality"],"damage_healed":0,"gold_gain":0,"player_choice":"Elegance","damage_taken":0,"max_hp_gain":0,"max_hp_loss":0,"event_name":"Back to Basics","floor":29,"gold_loss":0}],"is_beta":false,"boss_relics":[{"not_picked":["Empty Cage","Calling Bell"],"picked":"Cursed Key"}],"items_purged_floors":[8,24],"is_endless":false,"potions_floor_spawned":[5,10,14,20,21,28],"killed_by":"Collector","ascension_level":0}