{"gold_per_floor":[116,132,12,25,1,1,34,34,88,88,0,21,55,71,71,170,170,185,199,199,215,234,234,264,264,339,25,25,124,54,85,85,186,186,202,202,202,257,272,272,306,306,333,343,343,343,343,353,353,353],"floor_reached":51,"playtime":2394,"items_purged":["Writhe"],"score":1545,"play_id":"bc98621b-4ed3-4ecf-806a-1328ec73e6df","local_time":"20180704154533","is_ascension_mode":true,"campfire_choices":[{"data":"Streamline","floor":6,"key":"SMITH"},{"data":"Beam Cell","floor":8,"key":"SMITH"},{"data":"Ball Lightning","floor":10,"key":"SMITH"},{"data":"Buffer","floor":15,"key":"SMITH"},{"data":"Coolheaded","floor":23,"key":"SMITH"},{"data":"Mayhem","floor":28,"key":"SMITH"},{"data":"Defragment","floor":32,"key":"SMITH"},{"floor":40,"key":"DIG"},{"data":"Blizzard","floor":42,"key":"SMITH"},{"floor":46,"key":"DIG"},{"floor":49,"key":"DIG"}],"neow_cost":"NONE","seed_source_timestamp":122698549229948,"circlet_count":0,"master_deck":["Strike_B","Strike_B+1","Strike_B","Defend_B","Defend_B","Defend_B","Zap","Dualcast","AscendersBane","Streamline+1","Cold Snap+1","Self Repair","Conserve Battery","Ball Lightning+1","Beam Cell+1","FTL","Undo","Sweeping Beam","Redo","Buffer+1","Echo Form","Leap","Glacier+1","Necronomicurse","Coolheaded+1","White Noise","Mayhem+1","Steam","Hello World","Defragment+1","Meteor Strike","Self Repair","Chill+1","Blizzard+1","Leap+1","Hologram+1","Barrage","Conserve Battery+1"],"relics":["Eternal Feather","Happy Flower","Dream Catcher","Odd Mushroom","Bag of Marbles","Runic Dome","Necronomicon","Pantograph","Unceasing Top","Pear","Darkstone Periapt","Coffee Dripper","Shovel","Bird Faced Urn","Anchor","Turnip","Whetstone","Symbiotic Virus","Lantern","Vajra"],"potions_floor_usage":[7,16,22,33,50,50],"damage_taken":[{"damage":5,"enemies":"Cultist","floor":1,"turns":4},{"damage":0,"enemies":"Small Slimes","floor":2,"turns":3},{"damage":1,"enemies":"2 Louse","floor":4,"turns":4},{"damage":17,"enemies":"3 Sentries","floor":7,"turns":7},{"damage":14,"floor":12,"turns":4},{"damage":21,"enemies":"Lagavulin","floor":13,"turns":5},{"damage":7,"enemies":"Lots of Slimes","floor":14,"turns":2},{"damage":5,"enemies":"Slime Boss","floor":16,"turns":10},{"damage":7,"enemies":"Chosen","floor":18,"turns":4},{"damage":11,"enemies":"Shell Parasite","floor":19,"turns":5},{"damage":0,"enemies":"Snecko","floor":21,"turns":5},{"damage":2,"enemies":"Chosen and Byrds","floor":22,"turns":7},{"damage":27,"enemies":"Slavers","floor":24,"turns":8},{"damage":29,"enemies":"Book of Stabbing","floor":31,"turns":6},{"damage":24,"enemies":"Automaton","floor":33,"turns":12},{"damage":1,"enemies":"Flame Bruiser 1 Orb","floor":35,"turns":3},{"damage":0,"floor":36,"turns":6},{"damage":67,"floor":38,"turns":4},{"damage":0,"enemies":"3 Shapes","floor":39,"turns":4},{"damage":22,"enemies":"2 Orb Walkers","floor":41,"turns":6},{"damage":0,"enemies":"Sphere and 2 Shapes","floor":44,"turns":8},{"damage":3,"enemies":"Maw","floor":48,"turns":9},{"damage":51,"enemies":"Awakened One","floor":50,"turns":17}],"seed_played":"-3199949242774270118","potions_obtained":[{"floor":2,"key":"FocusPotion"},{"floor":4,"key":"LiquidBronze"},{"floor":16,"key":"SpeedPotion"},{"floor":19,"key":"FearPotion"},{"floor":24,"key":"SteroidPotion"},{"floor":44,"key":"SkillPotion"}],"is_trial":false,"path_per_floor":["M","M","$","M","$","R","E","R","T","R","$","?","E","M","R","B",null,"M","M","?","M","M","R","E","?","T","$","R","?","$","E","R","B",null,"M","?","?","?","M","R","E","R","T","M","T","R","?","M","R","B"],"character_chosen":"DEFECT","items_purchased":["Self Repair","Conserve Battery","Beam Cell","Undo","Sweeping Beam","Mayhem","Steam","Hello World"],"campfire_rested":0,"item_purchase_floors":[3,3,5,11,11,27,27,30],"current_hp_per_floor":[63,63,63,69,69,75,65,71,71,75,75,68,54,47,55,50,69,69,65,49,56,61,71,44,44,54,54,66,66,66,44,56,64,80,79,85,85,25,58,72,80,85,85,85,85,85,85,85,85,66],"gold":353,"neow_bonus":"BOSS_RELIC","is_prod":false,"is_daily":false,"chose_seed":false,"campfire_upgraded":8,"win_rate":0,"timestamp":1530744333,"path_taken":["M","M","$","M","?","R","E","R","T","R","$","?","E","M","R","BOSS","M","?","?","M","?","R","E","?","T","$","R","?","$","E","R","BOSS","M","?","?","?","?","R","E","R","T","M","?","R","?","M","R","BOSS"],"build_version":"2018-07-03","purchased_purges":1,"victory":true,"max_hp_per_floor":[75,75,75,75,75,75,75,75,75,75,75,75,75,75,75,75,75,75,75,75,75,75,75,75,75,85,85,85,85,85,85,85,85,85,85,85,85,85,85,85,85,85,85,85,85,85,85,85,85,85],"card_choices":[{"not_picked":["Barrage","Stack"],"picked":"Streamline","floor":1},{"not_picked":["Ball Lightning","Darkness"],"picked":"Cold Snap","floor":2},{"not_picked":["Storm","Blizzard"],"picked":"Ball Lightning","floor":4},{"not_picked":["Turbo","Blizzard"],"picked":"FTL","floor":7},{"not_picked":["Coolheaded","Stack"],"picked":"Redo","floor":12},{"not_picked":["Heatsinks","Multi-Cast"],"picked":"Buffer","floor":13},{"not_picked":["Rainbow","Creative AI"],"picked":"Echo Form","floor":16},{"not_picked":["Compile Driver","Conserve Battery"],"picked":"Leap","floor":18},{"not_picked":["Steam","Force Field"],"picked":"Glacier+1","floor":19},{"not_picked":["Rip and Tear","Conserve Battery"],"picked":"Coolheaded","floor":21},{"not_picked":["Sweeping Beam","Rebound","Compile Driver"],"picked":"SKIP","floor":22},{"not_picked":["Rip and Tear","Stack"],"picked":"White Noise","floor":24},{"not_picked":["Turbo+1","Barrage"],"picked":"Defragment","floor":31},{"not_picked":["Electrodynamics","Fission"],"picked":"Meteor Strike","floor":33},{"not_picked":["Rebound","Chaos"],"picked":"Self Repair","floor":35},{"not_picked":["Barrage","Coolheaded"],"picked":"Chill+1","floor":36},{"not_picked":["Barrage+1","Compile Driver"],"picked":"Blizzard","floor":38},{"not_picked":["Barrage","Static Discharge","Sweeping Beam+1"],"picked":"SKIP","floor":39},{"not_picked":["Ball Lightning","Go for the Eyes"],"picked":"Leap+1","floor":41},{"not_picked":["Turbo","Beam Cell"],"picked":"Hologram+1","floor":44},{"not_picked":["Consume+1","Self Repair"],"picked":"Conserve Battery+1","floor":48}],"player_experience":494987,"relics_obtained":[{"floor":7,"key":"Happy Flower"},{"floor":9,"key":"Dream Catcher"},{"floor":12,"key":"Odd Mushroom"},{"floor":13,"key":"Bag of Marbles"},{"floor":20,"key":"Necronomicon"},{"floor":24,"key":"Pantograph"},{"floor":26,"key":"Pear"},{"floor":31,"key":"Darkstone Periapt"},{"floor":36,"key":"Shovel"},{"floor":38,"key":"Bird Faced Urn"},{"floor":40,"key":"Anchor"},{"floor":41,"key":"Turnip"},{"floor":43,"key":"Whetstone"},{"floor":45,"key":"Symbiotic Virus"},{"floor":46,"key":"Lantern"},{"floor":49,"key":"Vajra"}],"event_choices":[{"event_name":"Mushrooms","player_choice":"Fought Mushrooms","floor":12,"damage_taken":0},{"event_name":"Cursed Tome","player_choice":"Obtained Book","floor":20,"damage_taken":0},{"event_name":"The Mausoleum","player_choice":"Yes","floor":25,"damage_taken":0},{"event_name":"Nest","player_choice":"Stole From Cult","floor":29,"damage_taken":0},{"event_name":"MindBloom","player_choice":"Fight","floor":36,"damage_taken":0},{"event_name":"Falling","player_choice":"Removed Attack","floor":37,"damage_taken":0},{"event_name":"Mysterious Sphere","player_choice":"Fight","floor":38,"damage_taken":0},{"event_name":"Transmorgrifier","player_choice":"Transform","floor":47,"damage_taken":0}],"boss_relics":[{"not_picked":["Inserter","White Beast Statue"],"picked":"Runic Dome"},{"not_picked":["Orrery","Cursed Key"],"picked":"Coffee Dripper"}],"items_purged_floors":[27],"is_endless":false,"potions_floor_spawned":[2,4,16,19,24,31,44,48],"ascension_level":12}