{"gold_per_floor":[115,115,133,133,58,88,106,141,141,141,156,169,200,220,220,317,317,331,256,47,47,47,75,75,109,109,133,145,168,198,228,240,357,369,396,427,453,482,506,544,556,595,634,387,387,387,387,387,387,387,387,387,212,240,240],"floor_reached":55,"playtime":3399,"items_purged":["Strike_R","Strike_R","Strike_R+1","Infernal Blade+1"],"score":934,"play_id":"a1085636-03c0-4e8d-a663-8a90473aded7","local_time":"20190711002739","is_ascension_mode":true,"campfire_choices":[{"data":"Infernal Blade","floor":10.0,"key":"SMITH"},{"data":"Heavy Blade","floor":15.0,"key":"SMITH"},{"data":"Limit Break","floor":24.0,"key":"SMITH"},{"data":"Heavy Blade","floor":28.0,"key":"SMITH"},{"data":"True Grit","floor":32.0,"key":"SMITH"},{"data":"Trip","floor":41.0,"key":"SMITH"},{"data":"Enlightenment","floor":46.0,"key":"SMITH"},{"floor":49.0,"key":"RECALL"},{"data":"Double Tap","floor":52.0,"key":"SMITH"}],"neow_cost":"NONE","seed_source_timestamp":859390334306200,"circlet_count":0,"master_deck":["Defend_R+1","Defend_R+1","Defend_R+1","Defend_R+1","Bash","Battle Trance+1","Disarm","Sentinel","Spot Weakness+1","Heavy Blade+1","Limit Break+1","True Grit+1","Trip+1","Heavy Blade+1","Inflame","Ghostly Armor","Evolve","Double Tap+1","Sentinel+1","Spot Weakness","Cleave+1","Body Slam+1","Enlightenment+1","Armaments","Finesse","Bandage Up","Secret Technique","Sword Boomerang"],"special_seed":0,"relics":["Burning Blood","NeowsBlessing","Dodecahedron","Gremlin Horn","Shuriken","Magic Flower","Coffee Dripper","Blue Candle","Incense Burner","MawBank","Black Star","Blood Vial","Oddly Smooth Stone","War Paint","Red Skull","Lantern","Self Forming Clay"],"potions_floor_usage":[55],"damage_taken":[{"damage":1.0,"enemies":"Small Slimes","floor":1.0,"turns":2.0},{"damage":0.0,"enemies":"Cultist","floor":3.0,"turns":1.0},{"damage":0.0,"enemies":"3 Sentries","floor":6.0,"turns":2.0},{"damage":3.0,"enemies":"Jaw Worm","floor":7.0,"turns":4.0},{"damage":44.0,"enemies":"Gremlin Nob","floor":8.0,"turns":5.0},{"damage":16.0,"enemies":"Exordium Wildlife","floor":11.0,"turns":4.0},{"damage":0.0,"enemies":"Large Slime","floor":12.0,"turns":3.0},{"damage":28.0,"enemies":"Lagavulin","floor":13.0,"turns":8.0},{"damage":4.0,"enemies":"3 Louse","floor":14.0,"turns":3.0},{"damage":12.0,"enemies":"The Guardian","floor":16.0,"turns":9.0},{"damage":15.0,"enemies":"Shell Parasite","floor":18.0,"turns":3.0},{"damage":17.0,"enemies":"Gremlin Leader","floor":23.0,"turns":4.0},{"damage":33.0,"enemies":"Slavers","floor":25.0,"turns":5.0},{"damage":19.0,"enemies":"Spheric Guardian","floor":27.0,"turns":4.0},{"damage":20.0,"enemies":"3 Cultists","floor":29.0,"turns":4.0},{"damage":12.0,"enemies":"Shelled Parasite and Fungi","floor":30.0,"turns":5.0},{"damage":15.0,"enemies":"Centurion and Healer","floor":31.0,"turns":4.0},{"damage":22.0,"enemies":"Collector","floor":33.0,"turns":6.0},{"damage":26.0,"enemies":"3 Darklings","floor":35.0,"turns":6.0},{"damage":0.0,"enemies":"3 Shapes","floor":36.0,"turns":4.0},{"damage":38.0,"enemies":"Writhing Mass","floor":37.0,"turns":5.0},{"damage":21.0,"enemies":"Maw","floor":38.0,"turns":5.0},{"damage":1.0,"enemies":"4 Shapes","floor":39.0,"turns":5.0},{"damage":0.0,"enemies":"Reptomancer","floor":40.0,"turns":3.0},{"damage":2.0,"enemies":"Giant Head","floor":42.0,"turns":5.0},{"damage":30.0,"enemies":"Awakened One","floor":50.0,"turns":8.0},{"damage":21.0,"enemies":"Shield and Spear","floor":54.0,"turns":5.0},{"damage":72,"enemies":"The Heart","floor":55,"turns":8}],"seed_played":"3611937054342231126","potions_obtained":[{"floor":11.0,"key":"FearPotion"},{"floor":12.0,"key":"Dexterity Potion"},{"floor":13.0,"key":"Swift Potion"},{"floor":14.0,"key":"LiquidBronze"},{"floor":22.0,"key":"Strength Potion"},{"floor":22.0,"key":"BloodPotion"},{"floor":31.0,"key":"Poison Potion"},{"floor":33.0,"key":"GamblersBrew"},{"floor":36.0,"key":"PowerPotion"},{"floor":37.0,"key":"AttackPotion"},{"floor":40.0,"key":"Block Potion"},{"floor":54.0,"key":"Weak Potion"}],"is_trial":false,"path_per_floor":["M","?","M","?","$","E","M","E","T","R","M","M","E","M","R","B",null,"M","?","$","?","?","E","R","E","T","M","R","M","M","M","R","B",null,"M","M","M","M","M","E","R","E","T","$","?","R","?","?","R","B",null,"R","$","E","B"],"character_chosen":"IRONCLAD","items_purchased":["Trip","Heavy Blade","Enlightenment","Armaments","Sword Boomerang"],"campfire_rested":0,"item_purchase_floors":[20,20,44,44,53],"current_hp_per_floor":[80,80,80,80,80,80,80,42,42,42,32,38,16,21,21,18,80,74,74,74,74,74,66,66,72,72,62,62,51,48,42,42,29,80,63,72,43,31,39,48,48,58,58,58,58,58,48,48,48,36,76,76,76,64,1],"gold":240,"neow_bonus":"THREE_ENEMY_KILL","is_prod":false,"is_daily":false,"chose_seed":false,"campfire_upgraded":8,"win_rate":0,"timestamp":1562822859,"path_taken":["M","?","?","?","$","E","M","E","T","R","M","M","E","M","R","BOSS","M","?","$","?","?","E","R","E","T","M","R","M","M","M","R","BOSS","M","M","?","M","M","E","R","E","T","$","?","R","?","?","R","BOSS","R","$","E","BOSS"],"build_version":"2019-07-05","purchased_purges":4,"victory":false,"max_hp_per_floor":[80,80,80,80,80,80,80,80,80,80,80,80,80,80,80,80,80,80,80,80,80,80,80,80,80,80,80,80,80,80,80,80,80,80,80,80,80,80,80,80,80,80,80,80,76,76,76,76,76,76,76,76,76,76,76],"card_choices":[{"not_picked":["Havoc","Rupture","Rampage"],"picked":"SKIP","floor":1.0},{"not_picked":["Perfected Strike","Metallicize","Warcry"],"picked":"SKIP","floor":3.0},{"not_picked":["Uppercut","Clash","Flex"],"picked":"SKIP","floor":6.0},{"not_picked":["Clothesline","Warcry"],"picked":"Battle Trance","floor":7.0},{"not_picked":["Rupture","Pommel Strike","Infernal Blade"],"picked":"SKIP","floor":8.0},{"not_picked":["Sword Boomerang","Juggernaut"],"picked":"Disarm","floor":11.0},{"not_picked":["Fire Breathing","Combust"],"picked":"Sentinel","floor":12.0},{"not_picked":["Sentinel","Headbutt"],"picked":"Spot Weakness","floor":13.0},{"not_picked":["Second Wind","Headbutt"],"picked":"Heavy Blade","floor":14.0},{"not_picked":["Berserk","Immolate"],"picked":"Limit Break","floor":16.0},{"not_picked":["Perfected Strike","Whirlwind"],"picked":"True Grit","floor":18.0},{"not_picked":["Pommel Strike","Second Wind","Body Slam"],"picked":"SKIP","floor":23.0},{"not_picked":["Headbutt+1","Fire Breathing"],"picked":"Inflame","floor":25.0},{"not_picked":["Battle Trance","Infernal Blade"],"picked":"Ghostly Armor","floor":27.0},{"not_picked":["Carnage","True Grit","Bludgeon"],"picked":"SKIP","floor":29.0},{"not_picked":["Feel No Pain","Twin Strike","Clothesline"],"picked":"SKIP","floor":30.0},{"not_picked":["Sword Boomerang","Headbutt"],"picked":"Evolve","floor":31.0},{"not_picked":["Juggernaut","Feed"],"picked":"Double Tap","floor":33.0},{"not_picked":["Intimidate","Rupture+1"],"picked":"Sentinel+1","floor":35.0},{"not_picked":["Dual Wield+1","Clash+1"],"picked":"Spot Weakness","floor":36.0},{"not_picked":["Uppercut","Pommel Strike+1","Flex"],"picked":"SKIP","floor":37.0},{"not_picked":["Flex","Pommel Strike+1"],"picked":"Cleave+1","floor":38.0},{"not_picked":["Bloodletting","Whirlwind","Anger+1"],"picked":"SKIP","floor":39.0},{"not_picked":["Fire Breathing","Combust","Entrench+1"],"picked":"SKIP","floor":40.0},{"not_picked":["Second Wind","Feel No Pain+1"],"picked":"Body Slam+1","floor":42.0},{"not_picked":["Magnetism","Apotheosis"],"picked":"Finesse","floor":47.0},{"not_picked":["The Bomb","Purity"],"picked":"Bandage Up","floor":47.0},{"not_picked":["Bandage Up","Madness"],"picked":"Secret Technique","floor":47.0},{"not_picked":["Twin Strike+1","Havoc+1","Rupture+1"],"picked":"SKIP","floor":54.0}],"player_experience":360257,"relics_obtained":[{"floor":6.0,"key":"Dodecahedron"},{"floor":8.0,"key":"Gremlin Horn"},{"floor":9.0,"key":"Shuriken"},{"floor":13.0,"key":"Magic Flower"},{"floor":23.0,"key":"Blue Candle"},{"floor":25.0,"key":"Incense Burner"},{"floor":26.0,"key":"MawBank"},{"floor":40.0,"key":"Blood Vial"},{"floor":40.0,"key":"Oddly Smooth Stone"},{"floor":42.0,"key":"War Paint"},{"floor":42.0,"key":"Red Skull"},{"floor":54.0,"key":"Lantern"},{"floor":54.0,"key":"Self Forming Clay"}],"event_choices":[{"damage_healed":0.0,"max_hp_gain":0.0,"max_hp_loss":0.0,"gold_gain":0.0,"cards_transformed":["Strike_R"],"event_name":"Transmorgrifier","player_choice":"Transformed","floor":2.0,"gold_loss":0.0,"damage_taken":0.0,"cards_obtained":["Infernal Blade"]},{"damage_healed":0.0,"max_hp_gain":0.0,"max_hp_loss":0.0,"gold_gain":0.0,"event_name":"Liars Game","player_choice":"Ignored","floor":4.0,"gold_loss":0.0,"damage_taken":0.0},{"cards_removed":["Strike_R"],"damage_healed":0.0,"max_hp_gain":0.0,"max_hp_loss":0.0,"gold_gain":0.0,"event_name":"Beggar","player_choice":"Gave Gold","floor":19.0,"gold_loss":75.0,"damage_taken":0.0},{"damage_healed":0.0,"max_hp_gain":0.0,"max_hp_loss":0.0,"gold_gain":0.0,"event_name":"Back to Basics","player_choice":"Simplicity","floor":21.0,"gold_loss":0.0,"damage_taken":0.0,"cards_upgraded":["Strike_R","Defend_R","Defend_R","Defend_R","Defend_R"]},{"damage_healed":0.0,"max_hp_gain":0.0,"max_hp_loss":0.0,"gold_gain":0.0,"event_name":"Lab","player_choice":"Got Potions","floor":22.0,"gold_loss":0.0,"damage_taken":0.0},{"damage_healed":0.0,"max_hp_gain":0.0,"max_hp_loss":4.0,"gold_gain":0.0,"event_name":"Winding Halls","player_choice":"Max HP","floor":45.0,"gold_loss":0.0,"damage_taken":0.0},{"damage_healed":0.0,"max_hp_gain":0.0,"max_hp_loss":0.0,"gold_gain":0.0,"event_name":"SensoryStone","player_choice":"Memory 3","floor":47.0,"gold_loss":0.0,"damage_taken":10.0},{"damage_healed":0.0,"max_hp_gain":0.0,"max_hp_loss":0.0,"gold_gain":0.0,"event_name":"Tomb of Lord Red Mask","player_choice":"Ignored","floor":48.0,"gold_loss":0.0,"damage_taken":0.0}],"is_beta":false,"boss_relics":[{"not_picked":["Velvet Choker","Eternal Feather"],"picked":"Coffee Dripper"},{"not_picked":["Calling Bell","Cursed Key"],"picked":"Black Star"}],"items_purged_floors":[5,20,44,53],"is_endless":false,"potions_floor_spawned":[11,12,13,14,23,31,33,36,37,40,54],"killed_by":"The Heart","ascension_level":3}