{"gold_per_floor":[111,111,121,135,135,135,135,168,168,203,213,231,231,231,231,231],"floor_reached":16,"playtime":966,"items_purged":[],"score":135,"play_id":"ef8dff8f-fe19-4ba4-b700-58624c1d1015","local_time":"20180821155003","is_ascension_mode":false,"campfire_choices":[{"data":"Cloak And Dagger","floor":6,"key":"SMITH"},{"data":"Footwork","floor":13,"key":"SMITH"},{"data":"Bullet Time","floor":15,"key":"SMITH"}],"neow_cost":"NONE","seed_source_timestamp":353184836724432,"circlet_count":0,"master_deck":["Defend_G+1","Defend_G","Defend_G","Defend_G","Defend_G","Strike_G","Strike_G","Strike_G","Strike_G","Strike_G","Survivor+1","Neutralize+1","Blur","Cloak And Dagger+1","Bullet Time+1","Footwork+1"],"relics":["Ring of the Snake","FaceOfCleric","Ninja Scroll","Matryoshka","Strawberry","Blue Candle","War Paint"],"potions_floor_usage":[8],"damage_taken":[{"damage":0,"enemies":"Small Slimes","floor":1,"turns":4},{"damage":0,"enemies":"2 Louse","floor":3,"turns":2},{"damage":0,"enemies":"Cultist","floor":4,"turns":4},{"damage":12,"enemies":"Lagavulin","floor":8,"turns":9},{"damage":15,"enemies":"Gremlin Nob","floor":10,"turns":6},{"damage":1,"enemies":"3 Louse","floor":11,"turns":5},{"damage":0,"enemies":"Blue Slaver","floor":12,"turns":3},{"damage":44,"enemies":"Hexaghost","floor":16,"turns":16}],"seed_played":"-8915487809360731725","potions_obtained":[{"floor":3,"key":"SkillPotion"},{"floor":11,"key":"Weak Potion"}],"is_trial":false,"path_per_floor":["M","?","M","M","?","R","?","E","T","E","M","M","R","$","R"],"character_chosen":"THE_SILENT","items_purchased":[],"campfire_rested":0,"item_purchase_floors":[],"current_hp_per_floor":[70,75,75,75,75,75,57,46,53,39,39,40,40,40,40,0],"gold":231,"neow_bonus":"UPGRADE_CARD","is_prod":false,"is_daily":false,"chose_seed":false,"campfire_upgraded":3,"win_rate":0,"timestamp":1534881003,"path_taken":["M","?","M","M","?","R","?","E","T","E","M","M","R","$","R","BOSS"],"build_version":"2018-08-20","purchased_purges":0,"victory":false,"max_hp_per_floor":[70,75,75,75,75,75,75,76,83,84,85,86,86,86,86,86],"card_choices":[{"not_picked":["Slice","Poisoned Stab","Bane"],"picked":"SKIP","floor":1},{"not_picked":["Acrobatics","Riddle With Holes"],"picked":"Blur","floor":3},{"not_picked":["Quick Slash","Dagger Throw"],"picked":"Cloak And Dagger","floor":4},{"not_picked":["Slice","Dagger Throw","Bane"],"picked":"SKIP","floor":8},{"not_picked":["Backflip","Caltrops"],"picked":"Bullet Time","floor":10},{"not_picked":["Underhanded Strike","Flying Knee","Acrobatics"],"picked":"SKIP","floor":11},{"not_picked":["Distraction","PiercingWail"],"picked":"Footwork","floor":12}],"player_experience":314050,"relics_obtained":[{"floor":8,"key":"Matryoshka"},{"floor":9,"key":"Strawberry"},{"floor":9,"key":"Blue Candle"},{"floor":10,"key":"War Paint"}],"event_choices":[{"event_name":"Big Fish","player_choice":"Donut","floor":2,"damage_taken":0},{"event_name":"FaceTrader","player_choice":"Trade","floor":5,"damage_taken":0},{"event_name":"Scrap Ooze","player_choice":"success","floor":7,"damage_taken":18}],"is_beta":true,"boss_relics":[],"items_purged_floors":[],"is_endless":false,"potions_floor_spawned":[3,11],"killed_by":"Hexaghost","ascension_level":0}