{"gold_per_floor":[117,130,55,0,0,0,27,27,27,39,58,71,71,89,89,163,163,179,73,73,73,84,84,84],"floor_reached":24,"playtime":928,"items_purged":[],"score":442,"play_id":"95f7b0ad-0b0d-49fd-8889-c1eaed192140","local_time":"20190824023158","is_ascension_mode":true,"campfire_choices":[{"data":"Zap","floor":6,"key":"SMITH"},{"data":"Loop","floor":13,"key":"SMITH"},{"floor":15,"key":"REST"},{"data":"Capacitor","floor":23,"key":"SMITH"}],"neow_cost":"NONE","seed_source_timestamp":539771876909000,"circlet_count":0,"master_deck":["AscendersBane","Strike_B","Strike_B","Defend_B","Defend_B","Defend_B","Defend_B","Zap+1","Dualcast","Genetic Algorithm","Ball Lightning","Conserve Battery","Genetic Algorithm","Scrape","Genetic Algorithm+1","Loop+1","Ball Lightning","Steam+1","Core Surge","Self Repair","Capacitor+1","Steam+1","Cold Snap"],"relics":["Cracked Core","NeowsBlessing","Pear","Toxic Egg 2","Philosopher\u0027s Stone","Sundial"],"potions_floor_usage":[],"damage_taken":[{"damage":0,"enemies":"Cultist","floor":1,"turns":1},{"damage":0,"enemies":"Small Slimes","floor":2,"turns":1},{"damage":0,"enemies":"Gremlin Nob","floor":7,"turns":1},{"damage":7,"enemies":"2 Louse","floor":10,"turns":3},{"damage":10,"enemies":"Looter","floor":11,"turns":4},{"damage":16,"enemies":"Red Slaver","floor":12,"turns":4},{"damage":8,"enemies":"Lots of Slimes","floor":14,"turns":4},{"damage":53,"enemies":"Slime Boss","floor":16,"turns":11},{"damage":19,"enemies":"Chosen","floor":18,"turns":6},{"damage":27,"enemies":"3 Byrds","floor":22,"turns":5},{"damage":39,"enemies":"Gremlin Leader","floor":24,"turns":5}],"seed_played":"3785749651513439144","potions_obtained":[{"floor":10,"key":"EssenceOfSteel"},{"floor":11,"key":"Energy Potion"}],"is_trial":false,"path_per_floor":["M","M","?","$","?","R","E","?","T","M","M","M","R","M","R","B",null,"M","$","T","?","M","R","E"],"character_chosen":"DEFECT","items_purchased":["Conserve Battery","Capacitor","Steam+1"],"campfire_rested":1,"item_purchase_floors":[4,19,19],"current_hp_per_floor":[64,64,64,64,69,69,79,79,79,72,62,46,46,38,63,10,67,48,48,48,48,28,28,0],"gold":84,"neow_bonus":"THREE_ENEMY_KILL","is_prod":false,"is_daily":false,"chose_seed":false,"campfire_upgraded":3,"win_rate":0,"timestamp":1566628318,"path_taken":["M","?","?","$","?","R","E","?","T","?","M","M","R","M","R","BOSS","M","$","?","?","M","R","E"],"build_version":"2019-07-17","purchased_purges":0,"victory":false,"max_hp_per_floor":[71,71,71,71,76,76,86,86,86,86,86,86,86,86,86,86,86,86,86,86,86,86,86,86],"card_choices":[{"not_picked":["Leap","Conserve Battery"],"picked":"Genetic Algorithm","floor":1},{"not_picked":["Gash","Leap"],"picked":"Ball Lightning","floor":2},{"not_picked":["BootSequence","Rebound"],"picked":"Genetic Algorithm","floor":7},{"not_picked":["Recycle+1","Tempest+1"],"picked":"Genetic Algorithm+1","floor":10},{"not_picked":["Rebound","Compile Driver"],"picked":"Loop","floor":11},{"not_picked":["Leap+1","Redo+1"],"picked":"Ball Lightning","floor":12},{"not_picked":["Rip and Tear","Lockon"],"picked":"Steam+1","floor":14},{"not_picked":["Thunder Strike","Reboot+1"],"picked":"Core Surge","floor":16},{"not_picked":["Storm","Hologram+1"],"picked":"Self Repair","floor":18},{"not_picked":["Gash","Rebound","Stack+1"],"picked":"SKIP","floor":22}],"player_experience":2702367,"relics_obtained":[{"floor":7,"key":"Pear"},{"floor":9,"key":"Toxic Egg 2"},{"floor":20,"key":"Sundial"}],"event_choices":[{"cards_removed":["Strike_B"],"damage_healed":0,"gold_gain":0,"player_choice":"Card Removal","damage_taken":0,"max_hp_gain":0,"max_hp_loss":0,"event_name":"The Cleric","floor":3,"gold_loss":75},{"damage_healed":0,"gold_gain":0,"player_choice":"Donut","damage_taken":0,"max_hp_gain":5,"max_hp_loss":0,"event_name":"Big Fish","floor":5,"gold_loss":0},{"damage_healed":0,"gold_gain":0,"cards_transformed":["Strike_B"],"player_choice":"Transformed","damage_taken":0,"max_hp_gain":0,"max_hp_loss":0,"event_name":"Transmorgrifier","floor":8,"gold_loss":0,"cards_obtained":["Scrape"]},{"damage_healed":0,"gold_gain":0,"player_choice":"Read","damage_taken":0,"max_hp_gain":0,"max_hp_loss":0,"event_name":"The Library","floor":21,"gold_loss":0,"cards_obtained":["Cold Snap"]}],"is_beta":false,"boss_relics":[{"not_picked":["Tiny House","Eternal Feather"],"picked":"Philosopher\u0027s Stone"}],"items_purged_floors":[],"is_endless":false,"potions_floor_spawned":[10,11,14,18],"killed_by":"Gremlin Leader","ascension_level":20}