{"gold_per_floor":[117,137,152,6,106,106,65,82,82,111,131,131,144,156,156,228,228,228],"floor_reached":18,"playtime":613,"items_purged":[],"score":428,"play_id":"213b41e0-134f-4618-9107-3f99a8c4f162","local_time":"20190318124623","is_ascension_mode":true,"campfire_choices":[{"data":"Neutralize","floor":6,"key":"SMITH"},{"floor":12,"key":"REST"},{"data":"Wraith Form v2","floor":15,"key":"SMITH"}],"neow_cost":"NONE","seed_source_timestamp":3360553622295,"circlet_count":0,"master_deck":["AscendersBane","Defend_G","Defend_G","Defend_G","Defend_G","Defend_G","Strike_G","Strike_G","Strike_G","Strike_G","Strike_G","Survivor","Neutralize+1","Footwork","Deflect","Dodge and Roll","Deadly Poison","Bouncing Flask","Flying Knee","Wraith Form v2+1","Deadly Poison","Footwork","Dodge and Roll","Escape Plan","Crippling Poison","Quick Slash+1","Wraith Form v2","All Out Attack+1","Blur","Glass Knife+1"],"relics":["Orrery","Molten Egg 2","The Courier","Sozu"],"potions_floor_usage":[10,13,13,16],"damage_taken":[{"damage":7,"enemies":"2 Louse","floor":1,"turns":3},{"damage":2,"enemies":"Cultist","floor":2,"turns":5},{"damage":0,"enemies":"Small Slimes","floor":3,"turns":5},{"damage":5,"enemies":"3 Louse","floor":8,"turns":4},{"damage":17,"enemies":"Lagavulin","floor":10,"turns":9},{"damage":10,"enemies":"2 Fungi Beasts","floor":11,"turns":4},{"damage":15,"enemies":"Gremlin Gang","floor":13,"turns":6},{"damage":5,"enemies":"Exordium Thugs","floor":14,"turns":4},{"damage":0,"enemies":"The Guardian","floor":16,"turns":12},{"damage":0,"enemies":"2 Thieves","floor":18,"turns":1}],"seed_played":"-1429137376689120011","potions_obtained":[{"floor":1,"key":"SpeedPotion"},{"floor":8,"key":"SteroidPotion"},{"floor":10,"key":"Weak Potion"},{"floor":13,"key":"PowerPotion"},{"floor":14,"key":"LiquidBronze"}],"is_trial":false,"path_per_floor":["M","M","M","$","?","R","$","M","T","E","M","R","M","M","R","B",null,"M"],"character_chosen":"THE_SILENT","items_purchased":["Footwork","Dodge and Roll","Escape Plan"],"campfire_rested":1,"item_purchase_floors":[4,4,7],"current_hp_per_floor":[52,50,50,50,50,50,50,45,45,28,18,37,22,17,17,17,54,54],"gold":228,"neow_bonus":"BOSS_RELIC","is_prod":false,"is_daily":false,"chose_seed":false,"campfire_upgraded":2,"win_rate":0,"timestamp":1552938383,"path_taken":["M","M","M","$","?","R","$","M","T","E","?","R","M","M","R","BOSS","M"],"build_version":"2019-03-15","purchased_purges":0,"victory":false,"max_hp_per_floor":[66,66,66,66,66,66,66,66,66,66,66,66,66,66,66,66,66,66],"card_choices":[{"not_picked":["Outmaneuver","Quick Slash"],"picked":"Footwork","floor":0},{"not_picked":["Slice","Flechettes"],"picked":"Deflect","floor":0},{"not_picked":["Eviscerate","Acrobatics"],"picked":"Dodge and Roll","floor":0},{"not_picked":["Underhanded Strike","Blade Dance"],"picked":"Deadly Poison","floor":0},{"not_picked":["Eviscerate","Terror"],"picked":"Bouncing Flask","floor":0},{"not_picked":["Slice","Quick Slash"],"picked":"Flying Knee","floor":1},{"not_picked":["Skewer","Deflect"],"picked":"Wraith Form v2","floor":2},{"not_picked":["Endless Agony","Escape Plan"],"picked":"Deadly Poison","floor":3},{"not_picked":["Deflect","Prepared"],"picked":"Crippling Poison","floor":8},{"not_picked":["Finisher+1","Acrobatics"],"picked":"Quick Slash+1","floor":10},{"not_picked":["Flying Knee+1","Caltrops"],"picked":"Wraith Form v2","floor":11},{"not_picked":["Poisoned Stab+1","Sucker Punch+1"],"picked":"All Out Attack+1","floor":13},{"not_picked":["Cloak And Dagger","Slice+1"],"picked":"Blur","floor":14},{"not_picked":["Envenom","Adrenaline"],"picked":"Glass Knife+1","floor":16}],"player_experience":1315153,"relics_obtained":[{"floor":9,"key":"Molten Egg 2"},{"floor":10,"key":"The Courier"}],"event_choices":[{"damage_healed":0,"gold_gain":100,"player_choice":"Gold","damage_taken":0,"max_hp_gain":0,"max_hp_loss":0,"event_name":"Wheel of Change","floor":5,"gold_loss":0}],"is_beta":true,"boss_relics":[{"not_picked":["Velvet Choker","Empty Cage"],"picked":"Sozu"}],"items_purged_floors":[],"is_endless":false,"potions_floor_spawned":[1,8,10,13,14],"killed_by":"2 Thieves","ascension_level":20}