{"gold_per_floor":[113,133,151,151,45,45,76,95,95,121,121,140,150,182,182,259,259,269,369,369,384,230,230,260,260,260,279,279,299,37,37,37,109,109,123,174,185,199,99,99,133,133,133,133,166,186,213,213,213,213,213],"floor_reached":52,"playtime":2591,"items_purged":["Strike_B+1","Strike_B+1"],"score":2206,"play_id":"ad75d65f-f715-4a82-ab69-accbe924b750","local_time":"20190411161740","is_ascension_mode":true,"campfire_choices":[{"data":"Zap","floor":6.0,"key":"SMITH"},{"data":"Defragment","floor":11.0,"key":"SMITH"},{"data":"Hologram","floor":15.0,"key":"SMITH"},{"floor":23.0,"key":"REST"},{"floor":25,"key":"REST"},{"data":"Defragment","floor":32,"key":"SMITH"},{"floor":40,"key":"REST"},{"floor":42,"key":"RECALL"},{"floor":49,"key":"REST"}],"neow_cost":"NONE","seed_source_timestamp":246925902367,"circlet_count":0,"master_deck":["AscendersBane","Strike_B+1","Strike_B+1","Defend_B+1","Defend_B+1","Defend_B+1","Defend_B+1","Zap+1","Dualcast","Hologram+1","Rip and Tear","Ball Lightning+1","Coolheaded","Defragment+1","Skim","Glacier","Echo Form","Leap","Hologram","Echo Form","Defragment+1","Redo","Turbo","Hello World","Echo Form","BootSequence","Stack","Electrodynamics","Compile Driver+1","Fusion","Conserve Battery","Hologram+1","Undo+1","Conserve Battery"],"special_seed":0,"relics":["Cracked Core","NeowsBlessing","PreservedInsect","FossilizedHelix","Dodecahedron","Whetstone","Regal Pillow","Nuclear Battery","Incense Burner","Matryoshka","Letter Opener","Pear","Meat on the Bone","Bronze Scales","Molten Egg 2","Fusion Hammer","Ginger","Blue Candle","StoneCalendar","Prayer Wheel","Bottled Tornado"],"potions_floor_usage":[24,29,50,51],"damage_taken":[{"damage":0.0,"enemies":"Jaw Worm","floor":1.0,"turns":1.0},{"damage":0.0,"enemies":"Cultist","floor":2.0,"turns":1.0},{"damage":0.0,"enemies":"2 Louse","floor":3.0,"turns":1.0},{"damage":7.0,"enemies":"Gremlin Nob","floor":7.0,"turns":3.0},{"damage":2.0,"enemies":"Blue Slaver","floor":8.0,"turns":4.0},{"damage":8.0,"enemies":"Lagavulin","floor":10.0,"turns":5.0},{"damage":6.0,"enemies":"Lots of Slimes","floor":12.0,"turns":3.0},{"damage":0.0,"enemies":"Exordium Thugs","floor":13.0,"turns":3.0},{"damage":0.0,"enemies":"Gremlin Nob","floor":14.0,"turns":4.0},{"damage":20.0,"enemies":"Hexaghost","floor":16.0,"turns":10.0},{"damage":18.0,"enemies":"2 Thieves","floor":18.0,"turns":4.0},{"damage":19.0,"enemies":"Colosseum Slavers","floor":19.0,"turns":5.0},{"damage":0.0,"enemies":"Colosseum Nobs","floor":19.0,"turns":4.0},{"damage":5.0,"enemies":"Shell Parasite","floor":21.0,"turns":4.0},{"damage":53,"enemies":"Slavers","floor":24,"turns":5},{"damage":0,"enemies":"Snecko","floor":27,"turns":6},{"damage":0,"enemies":"Cultist and Chosen","floor":29,"turns":5},{"damage":45,"enemies":"Champ","floor":33,"turns":10},{"damage":0,"enemies":"3 Shapes","floor":35,"turns":3},{"damage":0,"enemies":"2 Orb Walkers","floor":36,"turns":5},{"damage":0,"enemies":"3 Darklings","floor":37,"turns":3},{"damage":0,"enemies":"Maw","floor":38,"turns":7},{"damage":0,"enemies":"Giant Head","floor":41,"turns":7},{"damage":0,"enemies":"Reptomancer","floor":45,"turns":3},{"damage":0,"enemies":"Writhing Mass","floor":46,"turns":5},{"damage":0,"enemies":"Giant Head","floor":47,"turns":7},{"damage":0,"enemies":"Time Eater","floor":50,"turns":14},{"damage":8,"enemies":"Donu and Deca","floor":51,"turns":11}],"seed_played":"177027294240792989","potions_obtained":[{"floor":2.0,"key":"Ancient Potion"},{"floor":8.0,"key":"Fire Potion"},{"floor":12.0,"key":"Ancient Potion"},{"floor":13.0,"key":"Regen Potion"},{"floor":14.0,"key":"GamblersBrew"},{"floor":19.0,"key":"Energy Potion"},{"floor":33,"key":"Block Potion"},{"floor":35,"key":"GamblersBrew"},{"floor":38,"key":"Swift Potion"}],"is_trial":false,"path_per_floor":["M","M","M","?","$","R","E","M","T","E","R","M","M","E","R","B",null,"M","?","?","M","$","R","E","R","T","M","T","M","$","?","R","B",null,"M","?","M","M","$","R","E","R","T","?","E","M","E","?","R","B","B",null],"character_chosen":"DEFECT","items_purchased":["Ball Lightning","Coolheaded","Hello World","Molten Egg 2"],"campfire_rested":4,"item_purchase_floors":[5,5,22,30],"current_hp_per_floor":[64,64,64,64,64,64,57,55,55,47,47,41,41,53,53,33,62,44,25,25,20,20,56,3,39,49,49,49,49,49,49,49,16,65,65,65,65,65,65,81,81,81,81,81,81,81,81,77,77,77,69],"gold":213,"neow_bonus":"THREE_ENEMY_KILL","is_prod":false,"is_daily":false,"chose_seed":false,"campfire_upgraded":4,"win_rate":0,"timestamp":1555024660,"path_taken":["M","M","M","?","$","R","E","M","T","E","R","M","?","E","R","BOSS","M","?","?","M","$","R","E","R","T","M","?","?","$","?","R","BOSS","M","?","M","M","$","R","E","R","T","?","E","M","E","?","R","BOSS","BOSS"],"build_version":"2019-04-04","purchased_purges":2,"victory":true,"max_hp_per_floor":[71,71,71,71,71,71,71,71,71,71,71,71,71,71,71,71,71,71,71,71,71,71,71,71,71,81,81,81,81,81,81,81,81,81,81,81,81,81,81,81,81,81,81,81,81,81,81,77,77,77,77],"card_choices":[{"not_picked":["Sweeping Beam","Redo"],"picked":"Hologram","floor":1.0},{"not_picked":["Rebound","Coolheaded"],"picked":"Gash","floor":2.0},{"not_picked":["Go for the Eyes","Recycle"],"picked":"Rip and Tear","floor":3.0},{"not_picked":["Conserve Battery","Reinforced Body"],"picked":"Defragment","floor":7.0},{"not_picked":["Barrage","Rebound"],"picked":"Skim","floor":8.0},{"not_picked":["Scrape","Steam Power"],"picked":"Glacier","floor":10.0},{"not_picked":["Steam","FTL"],"picked":"Echo Form","floor":12.0},{"not_picked":["Heatsinks","Chaos"],"picked":"Leap","floor":13.0},{"not_picked":["Stack","Gash"],"picked":"Hologram","floor":14.0},{"not_picked":["Creative AI","Meteor Strike"],"picked":"Echo Form","floor":16.0},{"not_picked":["Compile Driver+1","Scrape"],"picked":"Defragment","floor":18.0},{"not_picked":["Leap","Go for the Eyes"],"picked":"Redo","floor":19.0},{"not_picked":["Aggregate","Chaos"],"picked":"Turbo","floor":21.0},{"not_picked":["Turbo","Barrage"],"picked":"Echo Form","floor":24},{"not_picked":["Steam","Skim"],"picked":"BootSequence","floor":27},{"not_picked":["Aggregate","Streamline"],"picked":"Stack","floor":29},{"not_picked":["Meteor Strike+1","Core Surge+1"],"picked":"Electrodynamics","floor":33},{"not_picked":["Streamline+1","Scrape+1"],"picked":"Compile Driver+1","floor":35},{"not_picked":["Rebound+1","Chaos"],"picked":"Fusion","floor":36},{"not_picked":["Undo","Creative AI"],"picked":"Conserve Battery","floor":37},{"not_picked":["Rebound+1","Steam","Tempest"],"picked":"SKIP","floor":41},{"not_picked":["Ball Lightning+1","Sweeping Beam+1","Reprogram+1"],"picked":"SKIP","floor":45},{"not_picked":["Ball Lightning+1","Stack"],"picked":"Hologram+1","floor":46},{"not_picked":["Turbo","Gash+1"],"picked":"Undo+1","floor":46},{"not_picked":["Compile Driver+1","Hyperbeam+1"],"picked":"Conserve Battery","floor":47}],"player_experience":1409529,"relics_obtained":[{"floor":7.0,"key":"FossilizedHelix"},{"floor":9.0,"key":"Dodecahedron"},{"floor":10.0,"key":"Whetstone"},{"floor":14.0,"key":"Regal Pillow"},{"floor":19.0,"key":"Incense Burner"},{"floor":19.0,"key":"Matryoshka"},{"floor":24,"key":"Letter Opener"},{"floor":26,"key":"Pear"},{"floor":26,"key":"Meat on the Bone"},{"floor":28,"key":"Bronze Scales"},{"floor":36,"key":"Ginger"},{"floor":41,"key":"Blue Candle"},{"floor":43,"key":"StoneCalendar"},{"floor":45,"key":"Prayer Wheel"},{"floor":47,"key":"Bottled Tornado"}],"event_choices":[{"damage_healed":0.0,"max_hp_gain":0.0,"max_hp_loss":0.0,"gold_gain":0.0,"event_name":"WeMeetAgain","player_choice":"Gave Potion","floor":4.0,"gold_loss":0.0,"damage_taken":0.0,"relics_obtained":["PreservedInsect"]},{"damage_healed":0.0,"max_hp_gain":0.0,"max_hp_loss":0.0,"gold_gain":0.0,"event_name":"Colosseum","player_choice":"Fight","floor":19.0,"gold_loss":0.0,"damage_taken":0.0},{"damage_healed":0.0,"max_hp_gain":0.0,"max_hp_loss":0.0,"gold_gain":0.0,"event_name":"Colosseum","player_choice":"Fought Nobs","floor":19.0,"gold_loss":0.0,"damage_taken":0.0},{"damage_healed":0.0,"max_hp_gain":0.0,"max_hp_loss":0.0,"gold_gain":0.0,"event_name":"Back to Basics","player_choice":"Simplicity","floor":20.0,"gold_loss":0.0,"damage_taken":0.0,"cards_upgraded":["Strike_B","Strike_B","Strike_B","Defend_B","Defend_B","Defend_B","Defend_B"]},{"damage_healed":0,"gold_gain":0,"player_choice":"Ignored","damage_taken":0,"max_hp_gain":0,"max_hp_loss":0,"event_name":"The Mausoleum","floor":31,"gold_loss":0},{"damage_healed":0,"gold_gain":0,"player_choice":"Fight","damage_taken":0,"max_hp_gain":0,"max_hp_loss":0,"event_name":"Mysterious Sphere","floor":36,"gold_loss":0},{"cards_removed":["Gash"],"damage_healed":0,"gold_gain":0,"player_choice":"Removed Attack","damage_taken":0,"max_hp_gain":0,"max_hp_loss":0,"event_name":"Falling","floor":44,"gold_loss":0},{"damage_healed":0,"gold_gain":0,"player_choice":"Max HP","damage_taken":0,"max_hp_gain":0,"max_hp_loss":4,"event_name":"Winding Halls","floor":48,"gold_loss":0}],"is_beta":true,"boss_relics":[{"not_picked":["Astrolabe","FrozenCore"],"picked":"Nuclear Battery"},{"not_picked":["Calling Bell","Tiny House"],"picked":"Fusion Hammer"}],"items_purged_floors":[22,39],"is_endless":false,"potions_floor_spawned":[2,8,12,13,14,19,33,35,38,45,46],"ascension_level":20}