{"gold_per_floor":[117,117,67,91,91,16,16,16,16,55,68,83,83,117,117,237,237,258,158,194,319,319,319,363,363,390,390,414,428,428,449,449,575,575,599,599,615,299,314,314,536,550,550,179,202,202,202,38,38,38,38,38,14,53,53],"floor_reached":56,"playtime":3604,"items_purged":["Strike_G","Doubt","Strike_G","Doubt"],"score":1146,"play_id":"26705dfe-5200-42ba-b5cf-12deb380515b","local_time":"20190613185825","is_ascension_mode":false,"campfire_choices":[{"floor":13,"key":"REST"},{"floor":15,"key":"REST"},{"floor":23,"key":"REST"},{"floor":25,"key":"RECALL"},{"data":"Normality","floor":27,"key":"PURGE"},{"floor":32,"key":"REST"},{"data":"Malaise","floor":40,"key":"SMITH"},{"data":"Burst","floor":47,"key":"SMITH"},{"floor":49,"key":"REST"},{"data":"Strike_G","floor":52,"key":"PURGE"}],"neow_cost":"NONE","seed_source_timestamp":154740268646705,"circlet_count":0,"master_deck":["Defend_G+1","Defend_G","Defend_G","Defend_G","Defend_G","Neutralize","Poisoned Stab","Riddle With Holes","Dash","Quick Slash","Malaise+1","Poisoned Stab","Envenom","Dagger Spray","Dash","Sucker Punch","Dagger Spray+1","Accuracy+1","Sucker Punch+1","Footwork+1","Blade Dance+1","Glass Knife","Deflect","Footwork+1","Backflip","Dodge and Roll+1","Burst+1","Dash","Cloak And Dagger","Infinite Blades+1","Finesse","Noxious Fumes+1","Blade Dance","Wraith Form v2+1"],"relics":["Cursed Key","Golden Idol","Potion Belt","Shuriken","Paper Crane","Sundial","Orrery","Red Mask","Peace Pipe","Frozen Egg 2","Darkstone Periapt","Lizard Tail","Membership Card","Lantern","Anchor","OrangePellets","Snake Skull","FossilizedHelix"],"potions_floor_usage":[10,20,21,33,45,50,54,54,55,55,55],"damage_taken":[{"damage":1,"enemies":"Jaw Worm","floor":1,"turns":4},{"damage":0,"enemies":"2 Louse","floor":4,"turns":3},{"damage":25,"enemies":"Lagavulin","floor":10,"turns":11},{"damage":0,"enemies":"Small Slimes","floor":11,"turns":3},{"damage":0,"enemies":"Blue Slaver","floor":12,"turns":2},{"damage":0,"enemies":"Gremlin Nob","floor":14,"turns":5},{"damage":14,"enemies":"Hexaghost","floor":16,"turns":10},{"damage":7,"enemies":"Spheric Guardian","floor":18,"turns":7},{"damage":9,"enemies":"Masked Bandits","floor":20,"turns":3},{"damage":10,"enemies":"Colosseum Slavers","floor":21,"turns":5},{"damage":12,"enemies":"Colosseum Nobs","floor":21,"turns":6},{"damage":16,"enemies":"Book of Stabbing","floor":24,"turns":7},{"damage":5,"enemies":"Shell Parasite","floor":28,"turns":4},{"damage":24,"enemies":"Sentry and Sphere","floor":29,"turns":6},{"damage":7,"enemies":"Snake Plant","floor":31,"turns":5},{"damage":47,"enemies":"Automaton","floor":33,"turns":9},{"damage":10,"enemies":"3 Darklings","floor":35,"turns":6},{"damage":16,"enemies":"Orb Walker","floor":37,"turns":3},{"damage":14,"enemies":"Maw","floor":39,"turns":8},{"damage":0,"enemies":"Transient","floor":42,"turns":5},{"damage":13,"enemies":"Sphere and 2 Shapes","floor":45,"turns":5},{"damage":55,"enemies":"Donu and Deca","floor":50,"turns":9},{"damage":45,"enemies":"Shield and Spear","floor":54,"turns":6},{"damage":71,"enemies":"The Heart","floor":55,"turns":14}],"seed_played":"-5585333230163498798","potions_obtained":[{"floor":4,"key":"Regen Potion"},{"floor":14,"key":"SteroidPotion"},{"floor":16,"key":"Swift Potion"},{"floor":24,"key":"SteroidPotion"},{"floor":29,"key":"Ancient Potion"},{"floor":31,"key":"SpeedPotion"},{"floor":37,"key":"Strength Potion"},{"floor":42,"key":"Fire Potion"}],"is_trial":false,"path_per_floor":["M","?","?","M","?","$","?","?","T","E","M","M","R","E","R","B",null,"M","$","?","?","?","R","E","R","T","R","M","M","?","M","R","B",null,"M","?","M","$","M","R","?","M","T","$","M","?","R","$","R","B",null,"R","$","E","B",null],"character_chosen":"THE_SILENT","items_purchased":["Membership Card","Footwork+1","Backflip","Regen Potion","Anchor","Dash","Cloak And Dagger","Infinite Blades+1","OrangePellets","GhostInAJar","Noxious Fumes+1","Snake Skull","Blade Dance","Block Potion"],"campfire_rested":5,"item_purchase_floors":[38,38,38,44,44,44,44,44,44,48,48,48,48,53],"current_hp_per_floor":[69,52,52,52,45,45,31,24,24,14,14,14,35,35,56,42,70,63,63,54,32,32,53,37,37,43,43,38,14,39,32,54,7,76,66,66,50,50,36,36,36,36,42,42,38,38,38,38,62,7,82,82,82,37,34],"gold":53,"neow_bonus":"BOSS_RELIC","is_prod":false,"is_daily":false,"chose_seed":false,"campfire_upgraded":2,"win_rate":0,"timestamp":1560470305,"path_taken":["M","?","?","M","?","$","?","?","T","E","M","M","R","E","R","BOSS","M","$","?","?","?","R","E","R","T","R","M","M","?","M","R","BOSS","M","?","M","$","M","R","?","M","T","$","M","?","R","$","R","BOSS","R","$","E","BOSS"],"build_version":"2019-01-23","purchased_purges":4,"victory":true,"max_hp_per_floor":[70,70,70,70,70,70,70,70,70,70,70,70,70,70,70,70,70,70,70,70,70,70,70,70,70,76,76,76,76,76,76,76,76,76,76,76,76,76,76,76,76,76,82,82,82,82,82,82,82,82,82,82,82,82,82],"card_choices":[{"not_picked":["Outmaneuver","Crippling Poison"],"picked":"Poisoned Stab","floor":1},{"not_picked":["Quick Slash","Deflect"],"picked":"Riddle With Holes","floor":4},{"not_picked":["Noxious Fumes","Blade Dance"],"picked":"Dash","floor":10},{"not_picked":["Sucker Punch","Masterful Stab"],"picked":"Quick Slash","floor":11},{"not_picked":["Deflect","Tactician"],"picked":"Malaise","floor":12},{"not_picked":["Flying Knee","Backflip"],"picked":"Poisoned Stab","floor":14},{"not_picked":["Bullet Time","Night Terror"],"picked":"Envenom","floor":16},{"not_picked":["Choke","PiercingWail"],"picked":"Dagger Spray","floor":17},{"not_picked":["Eviscerate","Outmaneuver"],"picked":"Dash","floor":17},{"not_picked":["Reflex","All Out Attack"],"picked":"Sucker Punch","floor":17},{"not_picked":["Prepared","Caltrops+1"],"picked":"Dagger Spray+1","floor":18},{"not_picked":["Dodge and Roll","All Out Attack"],"picked":"Accuracy+1","floor":20},{"not_picked":["Storm of Steel","Distraction"],"picked":"Sucker Punch+1","floor":24},{"not_picked":["Outmaneuver","Backflip+1"],"picked":"Footwork+1","floor":28},{"not_picked":["PiercingWail+1","A Thousand Cuts+1"],"picked":"Blade Dance+1","floor":29},{"not_picked":["Underhanded Strike","All Out Attack+1","Expertise"],"picked":"SKIP","floor":31},{"not_picked":["Bullet Time","Wraith Form v2+1"],"picked":"Glass Knife","floor":33},{"not_picked":["Deadly Poison+1","Underhanded Strike"],"picked":"Deflect","floor":35},{"not_picked":["Expertise+1","Setup+1","Acrobatics+1"],"picked":"SKIP","floor":37},{"not_picked":["Underhanded Strike+1","Acrobatics+1"],"picked":"Dodge and Roll+1","floor":39},{"not_picked":["Slice","Dagger Spray"],"picked":"Burst","floor":42},{"not_picked":["Flying Knee","Deadly Poison+1","Heel Hook+1"],"picked":"SKIP","floor":45},{"not_picked":["Bandage Up","Madness"],"picked":"Finesse","floor":46},{"not_picked":["Cloak And Dagger+1","Catalyst"],"picked":"Wraith Form v2+1","floor":54}],"player_experience":781658,"relics_obtained":[{"floor":9,"key":"Shuriken"},{"floor":10,"key":"Paper Crane"},{"floor":14,"key":"Sundial"},{"floor":20,"key":"Red Mask"},{"floor":21,"key":"Peace Pipe"},{"floor":21,"key":"Frozen Egg 2"},{"floor":24,"key":"Darkstone Periapt"},{"floor":43,"key":"Lantern"},{"floor":54,"key":"FossilizedHelix"}],"event_choices":[{"damage_healed":0,"gold_gain":0,"player_choice":"Take Damage","damage_taken":17,"relics_obtained":["Golden Idol"],"max_hp_gain":0,"max_hp_loss":0,"event_name":"Golden Idol","floor":2,"gold_loss":0},{"cards_removed":["Strike_G"],"damage_healed":0,"gold_gain":0,"player_choice":"Card Removal","damage_taken":0,"max_hp_gain":0,"max_hp_loss":0,"event_name":"The Cleric","floor":3,"gold_loss":50},{"cards_removed":["Strike_G"],"damage_healed":0,"gold_gain":0,"player_choice":"Card Removal","damage_taken":7,"max_hp_gain":0,"max_hp_loss":0,"event_name":"Golden Wing","floor":5,"gold_loss":0},{"damage_healed":0,"gold_gain":0,"player_choice":"Entered Light","damage_taken":14,"max_hp_gain":0,"max_hp_loss":0,"event_name":"Shining Light","floor":7,"gold_loss":0,"cards_upgraded":["Survivor","Defend_G"]},{"damage_healed":0,"gold_gain":0,"player_choice":"Success","damage_taken":7,"relics_obtained":["Potion Belt"],"max_hp_gain":0,"max_hp_loss":0,"event_name":"Scrap Ooze","floor":8,"gold_loss":0},{"damage_healed":0,"gold_gain":0,"player_choice":"Fought Bandits","damage_taken":0,"max_hp_gain":0,"max_hp_loss":0,"event_name":"Masked Bandits","floor":20,"gold_loss":0},{"damage_healed":0,"gold_gain":0,"player_choice":"Fight","damage_taken":0,"max_hp_gain":0,"max_hp_loss":0,"event_name":"Colosseum","floor":21,"gold_loss":0},{"damage_healed":0,"gold_gain":0,"player_choice":"Fought Nobs","damage_taken":0,"max_hp_gain":0,"max_hp_loss":0,"event_name":"Colosseum","floor":21,"gold_loss":0},{"damage_healed":0,"gold_gain":0,"player_choice":"Ignored","damage_taken":0,"max_hp_gain":0,"max_hp_loss":0,"event_name":"Vampires","floor":22,"gold_loss":0},{"damage_healed":25,"gold_gain":0,"player_choice":"Heal","damage_taken":0,"max_hp_gain":0,"max_hp_loss":0,"event_name":"The Library","floor":30,"gold_loss":0},{"cards_removed":["Survivor"],"damage_healed":0,"gold_gain":0,"player_choice":"Removed Skill","damage_taken":0,"max_hp_gain":0,"max_hp_loss":0,"event_name":"Falling","floor":36,"gold_loss":0},{"damage_healed":0,"gold_gain":222,"player_choice":"Wore Mask","damage_taken":0,"max_hp_gain":0,"max_hp_loss":0,"event_name":"Tomb of Lord Red Mask","floor":41,"gold_loss":0},{"damage_healed":0,"gold_gain":0,"player_choice":"Memory 1","damage_taken":0,"max_hp_gain":0,"max_hp_loss":0,"event_name":"SensoryStone","floor":46,"gold_loss":0}],"is_beta":false,"boss_relics":[{"not_picked":["Runic Pyramid","Astrolabe"],"picked":"Orrery"},{"not_picked":["Fusion Hammer","Snecko Eye"],"picked":"Lizard Tail"}],"items_purged_floors":[6,19,38,44],"is_endless":false,"potions_floor_spawned":[4,14,16,21,24,29,31,37,42],"ascension_level":0}