{"gold_per_floor":[109,109,125,225,245,245,245,277,277,202,216,216,216,249,249,323,323,323,323,323,138,138,138,138,138,138,138,138,138,138,138,138,138],"floor_reached":33,"playtime":1085,"items_purged":["Defend_R","Defend_R"],"score":590,"play_id":"62b4adfa-cedc-4057-bbb1-d478dd384cb1","local_time":"20190827225516","is_ascension_mode":true,"campfire_choices":[{"data":"Uppercut","floor":7.0,"key":"SMITH"},{"data":"Shockwave","floor":12.0,"key":"SMITH"},{"data":"Clash","floor":13.0,"key":"SMITH"},{"data":"Shrug It Off","floor":15.0,"key":"SMITH"},{"data":"Disarm","floor":23,"key":"SMITH"},{"data":"Whirlwind","floor":25,"key":"SMITH"},{"data":"Shrug It Off","floor":27,"key":"SMITH"},{"floor":32,"key":"REST"}],"neow_cost":"NONE","seed_source_timestamp":5699795495850,"circlet_count":0,"master_deck":["AscendersBane","Strike_R","Strike_R","Strike_R","Strike_R","Strike_R","Defend_R+1","Defend_R+1","Bash","Clash+1","Shrug It Off+1","Uppercut+1","Shockwave+1","Anger","Shrug It Off+1","Iron Wave+1","Disarm+1","Whirlwind+1","Battle Trance","Clash"],"special_seed":0,"relics":["Burning Blood","NeowsBlessing","Gremlin Horn","War Paint","WingedGreaves","Mercury Hourglass","Lantern","Ectoplasm","Darkstone Periapt","Bottled Lightning","Mummified Hand"],"potions_floor_usage":[22,33],"damage_taken":[{"damage":0.0,"enemies":"Jaw Worm","floor":1.0,"turns":1.0},{"damage":0.0,"enemies":"Small Slimes","floor":3.0,"turns":1.0},{"damage":0.0,"enemies":"Cultist","floor":5.0,"turns":1.0},{"damage":37.0,"enemies":"Lagavulin","floor":8.0,"turns":7.0},{"damage":9.0,"enemies":"Blue Slaver","floor":11.0,"turns":3.0},{"damage":11.0,"enemies":"3 Sentries","floor":14.0,"turns":4.0},{"damage":33.0,"enemies":"The Guardian","floor":16.0,"turns":8.0},{"damage":4,"enemies":"Chosen","floor":18,"turns":4},{"damage":16,"enemies":"3 Byrds","floor":19,"turns":5},{"damage":0,"enemies":"3 Cultists","floor":20,"turns":4},{"damage":7,"enemies":"Sentry and Sphere","floor":22,"turns":6},{"damage":15,"enemies":"Book of Stabbing","floor":24,"turns":6},{"damage":0,"enemies":"Chosen and Byrds","floor":29,"turns":4},{"damage":5,"enemies":"Gremlin Leader","floor":30,"turns":5},{"damage":6,"enemies":"Shelled Parasite and Fungi","floor":31,"turns":4},{"damage":107,"enemies":"Champ","floor":33,"turns":12}],"seed_played":"-886280206169261573","potions_obtained":[{"floor":3.0,"key":"Regen Potion"},{"floor":8.0,"key":"Dexterity Potion"},{"floor":14.0,"key":"SkillPotion"},{"floor":16.0,"key":"Energy Potion"},{"floor":22,"key":"SpeedPotion"},{"floor":30,"key":"Explosive Potion"}],"is_trial":false,"path_per_floor":["M","?","M","?","M","?","R","E","T","$","M","R","R","E","R","B",null,"M","M","M","$","M","R","E","R","T","R","?","M","E","M","R","B"],"character_chosen":"IRONCLAD","items_purchased":["Disarm"],"campfire_rested":1,"item_purchase_floors":[21],"current_hp_per_floor":[74,69,75,75,75,75,75,44,44,44,41,41,41,36,36,9,59,61,51,57,57,56,56,47,47,47,47,47,53,54,54,75,0],"gold":138,"neow_bonus":"THREE_ENEMY_KILL","is_prod":false,"is_daily":false,"chose_seed":false,"campfire_upgraded":7,"win_rate":0,"timestamp":1566971716,"path_taken":["M","?","M","?","?","?","R","E","T","$","?","R","R","E","R","BOSS","M","M","M","$","M","R","E","R","T","R","?","?","E","M","R","BOSS"],"build_version":"2019-08-23","purchased_purges":2,"victory":false,"max_hp_per_floor":[75,75,75,75,75,75,75,75,75,75,75,75,75,75,75,75,75,75,75,75,75,75,75,75,75,75,75,75,75,75,75,75,75],"card_choices":[{"not_picked":["Thunderclap","Armaments"],"picked":"Clash","floor":1.0},{"not_picked":["Anger","Warcry"],"picked":"Shrug It Off","floor":3.0},{"not_picked":["Reckless Charge","Flex"],"picked":"Uppercut","floor":5.0},{"not_picked":["Reaper","Pummel"],"picked":"Shockwave","floor":8.0},{"not_picked":["Warcry","Wild Strike"],"picked":"Anger","floor":11.0},{"not_picked":["Warcry","Bloodletting","Seeing Red"],"picked":"SKIP","floor":18},{"not_picked":["Perfected Strike","Warcry"],"picked":"Shrug It Off","floor":19},{"not_picked":["Pummel","Flex"],"picked":"Iron Wave+1","floor":20},{"not_picked":["Twin Strike","Demon Form"],"picked":"Whirlwind","floor":24},{"not_picked":["Perfected Strike","Twin Strike"],"picked":"Battle Trance","floor":29},{"not_picked":["Double Tap","Armaments"],"picked":"Clash","floor":30},{"not_picked":["Battle Trance","Anger","Twin Strike"],"picked":"SKIP","floor":31}],"player_experience":1461631,"relics_obtained":[{"floor":8.0,"key":"WingedGreaves"},{"floor":9.0,"key":"Mercury Hourglass"},{"floor":14.0,"key":"Lantern"},{"floor":24,"key":"Darkstone Periapt"},{"floor":26,"key":"Bottled Lightning"},{"floor":30,"key":"Mummified Hand"}],"event_choices":[{"damage_healed":0.0,"max_hp_gain":0.0,"max_hp_loss":0.0,"gold_gain":0.0,"event_name":"Scrap Ooze","player_choice":"Success","floor":2.0,"gold_loss":0.0,"damage_taken":5.0,"relics_obtained":["Gremlin Horn"]},{"damage_healed":0.0,"max_hp_gain":0.0,"max_hp_loss":0.0,"gold_gain":100.0,"event_name":"Wheel of Change","player_choice":"Gold","floor":4.0,"gold_loss":0.0,"damage_taken":0.0},{"damage_healed":0.0,"max_hp_gain":0.0,"max_hp_loss":0.0,"gold_gain":0.0,"event_name":"WeMeetAgain","player_choice":"Gave Potion","floor":6.0,"gold_loss":0.0,"damage_taken":0.0,"relics_obtained":["War Paint"]},{"damage_healed":0,"gold_gain":200,"player_choice":"Gold","damage_taken":0,"max_hp_gain":0,"max_hp_loss":0,"event_name":"Wheel of Change","floor":28,"gold_loss":0}],"is_beta":true,"boss_relics":[{"not_picked":["Busted Crown","Astrolabe"],"picked":"Ectoplasm"}],"items_purged_floors":[10,21],"is_endless":false,"potions_floor_spawned":[3,8,14,16,22,30,31],"killed_by":"Champ","ascension_level":20}