{"path_per_floor":["M","M","M","?","$","E","R","M","T","$","R","M","?","M","R","B",null,"M","?","M","$","?"],"character_chosen":"THE_SILENT","items_purchased":["Catalyst","Backstab"],"gold_per_floor":[111,123,139,139,64,103,103,123,123,6,6,24,24,39,39,159,159,148,148,164,114,114,114],"floor_reached":23,"campfire_rested":2,"playtime":1691,"item_purchase_floors":[10,10],"current_hp_per_floor":[65,65,65,65,65,57,57,42,42,42,65,54,54,53,76,37,77,55,55,63,63,63,0],"items_purged":["Injury","Strike_G+1"],"gold":114,"score":191,"play_id":"bc784dc3-d038-402b-89f6-7073e810c1f3","local_time":"20180614103354","is_prod":false,"is_daily":false,"chose_seed":false,"is_ascension_mode":false,"campfire_upgraded":1,"win_rate":0.0,"timestamp":1528986834,"campfire_choices":[{"data":"Wraith Form v2","floor":7,"key":"SMITH"},{"floor":11,"key":"REST"},{"floor":15,"key":"REST"}],"path_taken":["M","M","M","?","?","E","R","M","T","$","R","M","?","M","R","BOSS","M","?","M","$","?","E"],"build_version":"2018-06-07v3","seed_source_timestamp":46784531121274,"purchased_purges":2,"victory":false,"master_deck":["Defend_G+1","Defend_G+1","Defend_G+1","Defend_G+1","Defend_G+1","Strike_G+1","Strike_G+1","Strike_G+1","Survivor","Neutralize","Poisoned Stab","Poisoned Stab","Backflip","Wraith Form v2+1","Predator","Acrobatics","PiercingWail","Dash","Prepared","Catalyst+1","Backstab","Terror","Burst","Tools of the Trade","Bane+1","Dash"],"max_hp_per_floor":[70,70,70,70,70,77,77,77,77,77,77,77,77,77,77,77,77,77,77,77,77,77,77],"relics":["Orrery","Golden Idol","Strawberry","Smiling Mask","Black Star"],"card_choices":[{"not_picked":["Heel Hook","Backflip"],"picked":"Poisoned Stab","floor":0},{"not_picked":["Malaise","Masterful Stab"],"picked":"Poisoned Stab","floor":0},{"not_picked":["Dodge and Roll","Masterful Stab"],"picked":"Backflip","floor":0},{"not_picked":["Poisoned Stab","Dodge and Roll"],"picked":"Wraith Form v2","floor":0},{"not_picked":["Cloak And Dagger","Acrobatics"],"picked":"Predator","floor":1},{"not_picked":["Endless Agony","Cloak And Dagger"],"picked":"Acrobatics","floor":2},{"not_picked":["Riddle With Holes","Finisher"],"picked":"PiercingWail","floor":3},{"not_picked":["Cloak And Dagger","Escape Plan"],"picked":"Dash","floor":6},{"not_picked":["Deflect","Malaise"],"picked":"Prepared","floor":8},{"not_picked":["Accuracy","Dagger Spray"],"picked":"Terror","floor":12},{"not_picked":["Prepared","PiercingWail"],"picked":"Burst","floor":14},{"not_picked":["Phantasmal Killer","Burst"],"picked":"Tools of the Trade","floor":16},{"not_picked":["Endless Agony","Dodge and Roll"],"picked":"Bane+1","floor":18},{"not_picked":["Backflip+1","Deadly Poison+1"],"picked":"Dash","floor":20}],"player_experience":92062,"potions_floor_usage":[6,20,20,23],"damage_taken":[{"damage":5,"enemies":"Jaw Worm","floor":1,"turns":4},{"damage":0,"enemies":"Small Slimes","floor":2,"turns":3},{"damage":0,"enemies":"2 Louse","floor":3,"turns":2},{"damage":15,"enemies":"3 Sentries","floor":6,"turns":9},{"damage":15,"enemies":"Exordium Thugs","floor":8,"turns":6},{"damage":11,"enemies":"3 Louse","floor":12,"turns":2},{"damage":1,"enemies":"2 Fungi Beasts","floor":14,"turns":3},{"damage":39,"enemies":"Hexaghost","floor":16,"turns":11},{"damage":22,"enemies":"2 Thieves","floor":18,"turns":4},{"damage":6,"enemies":"Shell Parasite","floor":20,"turns":5},{"damage":63,"enemies":"Slavers","floor":23,"turns":11}],"relics_obtained":[{"floor":6,"key":"Strawberry"},{"floor":9,"key":"Smiling Mask"}],"event_choices":[{"event_name":"Golden Idol","player_choice":"Take Wound","floor":4,"damage_taken":0},{"event_name":"Purifier","player_choice":"One Purge","floor":13,"damage_taken":0},{"event_name":"Back to Basics","player_choice":"Simplicity","floor":19,"damage_taken":0},{"event_name":"Upgrade Shrine","player_choice":"Upgraded","floor":22,"damage_taken":0}],"boss_relics":[{"not_picked":["Tiny House","Velvet Choker"],"picked":"Black Star"}],"items_purged_floors":[5,21],"potions_floor_spawned":[1,3,14,16,18],"seed_played":"4807208659069723711","killed_by":"Slavers","ascension_level":0,"potions_obtained":[{"floor":1,"key":"Fire Potion"},{"floor":3,"key":"Ancient Potion"},{"floor":14,"key":"Regen Potion"},{"floor":16,"key":"GamblersBrew"},{"floor":18,"key":"LiquidBronze"}],"is_trial":false}