{"gold_per_floor":[115,115,126,23,38,38,64,25,106,134,134,134,153,216,216,216],"floor_reached":16,"playtime":305,"items_purged":[],"score":216,"play_id":"f9e2241f-05d6-4613-9fdd-c0795a381adc","local_time":"20190321101513","is_ascension_mode":true,"campfire_choices":[{"data":"Uppercut","floor":6,"key":"SMITH"},{"data":"True Grit","floor":11,"key":"SMITH"},{"data":"Inflame","floor":15,"key":"SMITH"}],"neow_cost":"NONE","seed_source_timestamp":758711768274,"circlet_count":0,"master_deck":["AscendersBane","Strike_R","Strike_R","Strike_R","Strike_R","Strike_R","Defend_R","Defend_R","Defend_R","Defend_R","Bash+1","True Grit+1","Pommel Strike","Thunderclap","Cleave","Uppercut+1","Fiend Fire","Inflame+1","Impervious","Infernal Blade","Ghostly Armor"],"relics":["Burning Blood","NeowsBlessing","Happy Flower","Dodecahedron","PreservedInsect","Oddly Smooth Stone"],"potions_floor_usage":[7,7,7,7,10,14],"damage_taken":[{"damage":0,"enemies":"Jaw Worm","floor":1,"turns":1},{"damage":0,"enemies":"Cultist","floor":3,"turns":1},{"damage":0,"enemies":"2 Louse","floor":5,"turns":1},{"damage":18,"enemies":"Lagavulin","floor":7,"turns":4},{"damage":26,"enemies":"3 Sentries","floor":10,"turns":7},{"damage":17,"enemies":"Gremlin Gang","floor":13,"turns":2},{"damage":27,"enemies":"Lagavulin Event","floor":14,"turns":5},{"damage":6,"enemies":"Slime Boss","floor":16,"turns":5}],"seed_played":"-6028002110843316313","potions_obtained":[{"floor":1,"key":"EntropicBrew"},{"floor":2,"key":"AttackPotion"},{"floor":7,"key":"AttackPotion"},{"floor":13,"key":"GamblersBrew"}],"is_trial":false,"path_per_floor":["M","?","M","$","M","R","E","$","T","E","R","?","M","?","R","B"],"character_chosen":"IRONCLAD","items_purchased":["Thunderclap","Cleave","Inflame"],"campfire_rested":0,"item_purchase_floors":[4,4,8],"current_hp_per_floor":[74,74,75,75,75,75,63,63,63,43,43,43,32,11,11,5],"gold":216,"neow_bonus":"THREE_ENEMY_KILL","is_prod":false,"is_daily":false,"chose_seed":false,"campfire_upgraded":3,"win_rate":0,"timestamp":1553188513,"path_taken":["M","?","?","$","M","R","E","$","T","E","R","?","?","?","R","BOSS"],"build_version":"2019-03-15","purchased_purges":0,"victory":false,"max_hp_per_floor":[75,75,75,75,75,75,75,75,75,75,75,75,75,75,75,75],"card_choices":[{"not_picked":["Sentinel","Sever Soul"],"picked":"True Grit","floor":1},{"not_picked":["Rampage","Iron Wave"],"picked":"Pommel Strike","floor":3},{"not_picked":["Searing Blow","Havoc"],"picked":"Uppercut","floor":5},{"not_picked":["Warcry","Whirlwind"],"picked":"Fiend Fire","floor":7},{"not_picked":["True Grit","Havoc"],"picked":"Impervious","floor":10},{"not_picked":["Bloodletting","Rage"],"picked":"Infernal Blade","floor":13},{"not_picked":["Anger","Heavy Blade"],"picked":"Ghostly Armor","floor":14}],"player_experience":1340101,"relics_obtained":[{"floor":7,"key":"Happy Flower"},{"floor":9,"key":"Dodecahedron"},{"floor":10,"key":"PreservedInsect"},{"floor":14,"key":"Oddly Smooth Stone"}],"event_choices":[{"damage_healed":0,"gold_gain":0,"player_choice":"Got Potions","damage_taken":0,"max_hp_gain":0,"max_hp_loss":0,"event_name":"Lab","floor":2,"gold_loss":0},{"damage_healed":0,"gold_gain":0,"player_choice":"Upgraded","damage_taken":0,"max_hp_gain":0,"max_hp_loss":0,"event_name":"Upgrade Shrine","floor":12,"gold_loss":0,"cards_upgraded":["Bash"]},{"damage_healed":0,"gold_gain":30,"player_choice":"Searched \u00272\u0027 times","damage_taken":0,"max_hp_gain":0,"max_hp_loss":0,"event_name":"Dead Adventurer","floor":14,"gold_loss":0}],"is_beta":true,"boss_relics":[],"items_purged_floors":[],"is_endless":false,"potions_floor_spawned":[1,3,7,13],"killed_by":"Slime Boss","ascension_level":20}