{"gold_per_floor":[113,188,188,113,13,13,13,30,30,41,61,86,86,86,86,86],"floor_reached":16,"playtime":153,"items_purged":["Defend_G","Defend_G"],"score":98,"play_id":"7548657c-e12b-4c18-b67a-01e7c3c56dd4","local_time":"20190807235033","is_ascension_mode":false,"campfire_choices":[{"data":"Neutralize","floor":7,"key":"SMITH"},{"floor":13,"key":"REST"},{"floor":15,"key":"REST"}],"neow_cost":"NONE","seed_source_timestamp":4549533352898,"circlet_count":0,"master_deck":["Strike_G","Strike_G","Strike_G","Strike_G","Strike_G","Defend_G","Defend_G","Survivor","Neutralize+1"],"relics":["Ring of the Snake","NeowsBlessing","Bronze Scales","Toxic Egg 2","Meat on the Bone"],"potions_floor_usage":[12,16],"damage_taken":[{"damage":0,"enemies":"Small Slimes","floor":1,"turns":1},{"damage":0,"enemies":"2 Louse","floor":8,"turns":1},{"damage":0,"enemies":"Jaw Worm","floor":10,"turns":1},{"damage":1,"enemies":"2 Fungi Beasts","floor":11,"turns":3},{"damage":28,"enemies":"Lagavulin","floor":12,"turns":7},{"damage":0,"enemies":"The Guardian","floor":16,"turns":1}],"seed_played":"-180481548601677733","potions_obtained":[{"floor":1,"key":"Energy Potion"},{"floor":8,"key":"FairyPotion"},{"floor":12,"key":"SteroidPotion"}],"is_trial":false,"path_per_floor":["M","?","?","$","$","?","R","M","T","M","M","E","R","$","R","B"],"character_chosen":"THE_SILENT","items_purchased":[],"campfire_rested":2,"item_purchase_floors":[],"current_hp_per_floor":[70,59,52,52,52,45,45,45,45,45,44,16,37,37,58,58],"gold":86,"neow_bonus":"THREE_ENEMY_KILL","is_prod":false,"is_daily":false,"chose_seed":false,"campfire_upgraded":1,"win_rate":0,"timestamp":1565247033,"path_taken":["M","?","?","?","$","?","R","?","T","M","M","E","R","$","R","BOSS"],"build_version":"2019-07-18","purchased_purges":2,"victory":false,"max_hp_per_floor":[70,70,70,70,70,70,70,70,70,70,70,70,70,70,70,70],"card_choices":[{"not_picked":["Deflect+1","Escape Plan+1","Blur+1"],"picked":"SKIP","floor":11},{"not_picked":["Acrobatics+1","Quick Slash","Noxious Fumes"],"picked":"SKIP","floor":12}],"player_experience":1389567,"relics_obtained":[{"floor":9,"key":"Toxic Egg 2"},{"floor":12,"key":"Meat on the Bone"}],"event_choices":[{"damage_healed":0,"gold_gain":75,"player_choice":"Gather Gold","damage_taken":11,"max_hp_gain":0,"max_hp_loss":0,"event_name":"World of Goop","floor":2,"gold_loss":0},{"cards_removed":["Defend_G"],"damage_healed":0,"gold_gain":0,"player_choice":"Card Removal","damage_taken":7,"max_hp_gain":0,"max_hp_loss":0,"event_name":"Golden Wing","floor":3,"gold_loss":0},{"damage_healed":0,"gold_gain":0,"player_choice":"Success","damage_taken":7,"relics_obtained":["Bronze Scales"],"max_hp_gain":0,"max_hp_loss":0,"event_name":"Scrap Ooze","floor":6,"gold_loss":0}],"is_beta":true,"boss_relics":[],"items_purged_floors":[4,5],"is_endless":false,"potions_floor_spawned":[1,8,12],"killed_by":"The Guardian","ascension_level":0}