{"gold_per_floor":[116,68,83,83,83,116,116,156,156,156,231,231,252,267,267,363,363,379,404,27,27,27,27,48,48,48,86,86,86,104,104,104,104],"floor_reached":33,"playtime":880,"items_purged":[],"score":606,"play_id":"4aa248aa-5850-49ea-bcfb-de4c2e22111e","local_time":"20180709224837","is_ascension_mode":true,"campfire_choices":[{"data":"Malaise","floor":7,"key":"SMITH"},{"data":"Neutralize","floor":10,"key":"SMITH"},{"floor":12,"key":"REST"},{"data":"Blade Dance","floor":15,"key":"SMITH"},{"data":"Well Laid Plans","floor":23,"key":"SMITH"},{"data":"Storm of Steel","floor":25,"key":"SMITH"},{"data":"Quick Slash","floor":29,"key":"SMITH"},{"data":"Good Instincts","floor":32,"key":"SMITH"}],"neow_cost":"NONE","seed_source_timestamp":148856492186240,"circlet_count":0,"master_deck":["Defend_G","Defend_G","Defend_G","Defend_G","Defend_G","Strike_G","Strike_G","Strike_G","Strike_G","Strike_G","Survivor","Neutralize+1","AscendersBane","Quick Slash+1","Backstab","Malaise+1","Blade Dance+1","Storm of Steel+1","Quick Slash+1","Backflip","Good Instincts+1","Well Laid Plans+1","Dagger Throw+1"],"relics":["Ring of the Snake","NeowsBlessing","Bloody Idol","Ginger","Matryoshka","Pantograph","Shuriken","Busted Crown","Bag of Preparation","Bottled Tornado","Toxic Egg 2","Orichalcum"],"potions_floor_usage":[16,33,33],"damage_taken":[{"damage":0,"enemies":"Small Slimes","floor":1,"turns":1},{"damage":0,"enemies":"Jaw Worm","floor":3,"turns":1},{"damage":0,"enemies":"Lagavulin","floor":6,"turns":1},{"damage":26,"enemies":"3 Sentries","floor":8,"turns":12},{"damage":3,"enemies":"2 Louse","floor":13,"turns":3},{"damage":6,"enemies":"Exordium Wildlife","floor":14,"turns":4},{"damage":0,"enemies":"Slime Boss","floor":16,"turns":9},{"damage":1,"enemies":"Chosen","floor":18,"turns":5},{"damage":7,"enemies":"Shell Parasite","floor":19,"turns":5},{"damage":0,"enemies":"Centurion and Healer","floor":24,"turns":5},{"damage":9,"enemies":"Gremlin Leader","floor":27,"turns":7},{"damage":12,"enemies":"Snake Plant","floor":30,"turns":5},{"damage":62,"enemies":"Automaton","floor":33,"turns":6}],"seed_played":"-3742931075345023934","potions_obtained":[{"floor":1,"key":"Strength Potion"},{"floor":8,"key":"Poison Potion"},{"floor":16,"key":"Dexterity Potion"}],"is_trial":false,"path_per_floor":["M","$","M","?","?","E","R","E","T","R","?","R","M","M","R","B",null,"M","M","$","?","$","R","M","R","T","E","?","R","M","?","R"],"character_chosen":"THE_SILENT","items_purchased":["Quick Slash","Backflip","Bag of Preparation","Good Instincts","Well Laid Plans"],"campfire_rested":1,"item_purchase_floors":[2,20,20,20,20],"current_hp_per_floor":[59,59,59,59,59,59,59,33,33,33,22,40,37,31,31,56,59,58,51,51,51,51,51,51,51,51,42,42,42,35,35,35,0],"gold":104,"neow_bonus":"THREE_ENEMY_KILL","is_prod":false,"is_daily":false,"chose_seed":false,"campfire_upgraded":7,"win_rate":0,"timestamp":1531201717,"path_taken":["M","$","M","?","?","E","R","E","T","R","?","R","M","M","R","BOSS","M","M","$","?","?","R","M","R","T","E","?","R","M","?","R","BOSS"],"build_version":"2018-07-05","purchased_purges":0,"victory":false,"max_hp_per_floor":[66,66,66,60,60,60,60,60,60,60,60,60,60,60,60,60,60,60,60,60,60,60,60,60,60,60,60,60,60,60,60,60,60],"card_choices":[{"not_picked":["PiercingWail","Deadly Poison"],"picked":"Backstab","floor":3},{"not_picked":["Prepared","Well Laid Plans"],"picked":"Malaise","floor":6},{"not_picked":["Accuracy","Deadly Poison"],"picked":"Blade Dance","floor":14},{"not_picked":["Grand Finale","Bullet Time"],"picked":"Storm of Steel","floor":16},{"not_picked":[],"picked":"Quick Slash+1","floor":18},{"not_picked":["Deadly Poison"],"picked":"SKIP","floor":19},{"not_picked":["Bane"],"picked":"SKIP","floor":24},{"not_picked":[],"picked":"Dagger Throw+1","floor":27},{"not_picked":["Flechettes"],"picked":"SKIP","floor":30}],"player_experience":559587,"relics_obtained":[{"floor":6,"key":"Ginger"},{"floor":8,"key":"Matryoshka"},{"floor":9,"key":"Pantograph"},{"floor":9,"key":"Shuriken"},{"floor":26,"key":"Bottled Tornado"},{"floor":26,"key":"Toxic Egg 2"},{"floor":27,"key":"Orichalcum"}],"event_choices":[{"event_name":"Golden Idol","player_choice":"Lose Max HP","floor":4,"damage_taken":0},{"event_name":"Liars Game","player_choice":"disagreed","floor":5,"damage_taken":0},{"event_name":"World of Goop","player_choice":"Gather Gold","floor":11,"damage_taken":0},{"event_name":"Drug Dealer","player_choice":"Ignored","floor":21,"damage_taken":0},{"event_name":"Forgotten Altar","player_choice":"Gave Idol","floor":28,"damage_taken":0},{"event_name":"Ghosts","player_choice":"Ignored","floor":31,"damage_taken":0}],"boss_relics":[{"not_picked":["Coffee Dripper","White Beast Statue"],"picked":"Busted Crown"}],"items_purged_floors":[],"is_endless":false,"potions_floor_spawned":[1,8,16,19,30],"killed_by":"Automaton","ascension_level":15}