{"gold_per_floor":[113,113,30,30,30,58,58,58,81,112,262,282,5,20,20,97,97,116,116,37,37,37,37,57,89,138,164,182,182,51,129,129,129],"floor_reached":33,"playtime":573,"items_purged":["Doubt","Combust"],"score":705,"play_id":"13fefab4-2c1a-40fb-acd2-15acf494068f","local_time":"20190407144108","is_ascension_mode":true,"campfire_choices":[{"data":"Armaments","floor":15.0,"key":"SMITH"},{"floor":23.0,"key":"REST"},{"data":"Armaments","floor":29,"key":"SMITH"},{"data":"Armaments","floor":32,"key":"SMITH"}],"neow_cost":"NONE","seed_source_timestamp":11428657444553,"circlet_count":0,"master_deck":["AscendersBane","Bash","Clash","Armaments+1","Anger","Flame Barrier","Clash","Anger","True Grit","Ghostly Armor","Offering","Double Tap","Immolate","Pummel","Whirlwind+1","Anger","Reckless Charge","Flame Barrier","Thunderclap+1","Shrug It Off","Necronomicurse","Armaments+1","Anger","Clash","Armaments+1"],"special_seed":0,"relics":["Burning Blood","NeowsBlessing","PreservedInsect","Strawberry","Juzu Bracelet","Odd Mushroom","Membership Card","Pandora\u0027s Box","Necronomicon","Red Mask","Dream Catcher","Red Skull","PrismaticShard","Tiny Chest"],"potions_floor_usage":[],"damage_taken":[{"damage":0.0,"enemies":"Jaw Worm","floor":1.0,"turns":1.0},{"damage":0.0,"enemies":"Lagavulin","floor":6.0,"turns":1.0},{"damage":0.0,"enemies":"3 Sentries","floor":10.0,"turns":2.0},{"damage":6.0,"enemies":"The Mushroom Lair","floor":12.0,"turns":5.0},{"damage":1.0,"enemies":"2 Louse","floor":14.0,"turns":2.0},{"damage":86.0,"enemies":"Hexaghost","floor":16.0,"turns":10.0},{"damage":7.0,"enemies":"Chosen","floor":18.0,"turns":3.0},{"damage":0.0,"enemies":"Spheric Guardian","floor":24.0,"turns":2.0},{"damage":6.0,"enemies":"Masked Bandits","floor":25.0,"turns":1.0},{"damage":0,"enemies":"Slavers","floor":27,"turns":1},{"damage":28,"enemies":"Centurion and Healer","floor":28,"turns":5},{"damage":66,"enemies":"Collector","floor":33,"turns":9}],"seed_played":"3300873325623483244","potions_obtained":[{"floor":6.0,"key":"Energy Potion"},{"floor":14.0,"key":"PowerPotion"}],"is_trial":false,"path_per_floor":["M","?","$","?","$","E","$","?","T","E","?","?","$","M","R","B",null,"M","?","$","?","?","R","M","?","T","E","M","R","$","T","R","B"],"character_chosen":"IRONCLAD","items_purchased":["Armaments","Anger","Membership Card","True Grit","Shrug It Off","PrismaticShard","Armaments"],"campfire_rested":1,"item_purchase_floors":[3,3,13,13,20,30,30],"current_hp_per_floor":[74,74,74,79,79,80,80,80,87,87,87,87,87,87,87,7,67,66,66,66,66,45,71,77,77,77,83,61,61,61,61,61,0],"gold":129,"neow_bonus":"THREE_ENEMY_KILL","is_prod":false,"is_daily":false,"chose_seed":false,"campfire_upgraded":3,"win_rate":0,"timestamp":1554673268,"path_taken":["M","?","$","?","$","E","?","?","T","E","?","?","$","M","R","BOSS","M","?","$","?","?","R","M","?","T","E","M","R","$","?","R","BOSS"],"build_version":"2019-03-15","purchased_purges":2,"victory":false,"max_hp_per_floor":[75,75,75,80,80,80,80,80,87,87,87,87,87,87,87,87,87,87,87,87,87,87,87,87,87,87,87,87,87,87,87,87,87],"card_choices":[{"not_picked":["Twin Strike","Flex"],"picked":"Clash","floor":1.0},{"not_picked":["Carnage","Berserk"],"picked":"Flame Barrier","floor":6.0},{"not_picked":["Body Slam","Warcry"],"picked":"Clash","floor":10.0},{"not_picked":["Warcry","Bloodletting"],"picked":"Anger","floor":12.0},{"not_picked":["Thunderclap","Reckless Charge"],"picked":"Ghostly Armor","floor":14.0},{"not_picked":["Limit Break","Impervious"],"picked":"Offering","floor":16.0},{"not_picked":["Twin Strike","Wild Strike+1"],"picked":"Thunderclap+1","floor":18.0},{"not_picked":["Body Slam","Feel No Pain"],"picked":"Armaments","floor":24.0},{"not_picked":["Fiend Fire","Combust"],"picked":"Anger","floor":27},{"not_picked":["Iron Wave+1","Heavy Blade"],"picked":"Clash","floor":28}],"player_experience":1404317,"relics_obtained":[{"floor":6.0,"key":"PreservedInsect"},{"floor":9.0,"key":"Strawberry"},{"floor":10.0,"key":"Juzu Bracelet"},{"floor":12.0,"key":"Odd Mushroom"},{"floor":22.0,"key":"Necronomicon"},{"floor":25.0,"key":"Red Mask"},{"floor":26.0,"key":"Dream Catcher"},{"floor":27,"key":"Red Skull"},{"floor":31,"key":"Tiny Chest"}],"event_choices":[{"damage_healed":0.0,"max_hp_gain":0.0,"max_hp_loss":0.0,"gold_gain":0.0,"event_name":"The Cleric","player_choice":"Leave","floor":2.0,"gold_loss":0.0,"damage_taken":0.0},{"damage_healed":0.0,"max_hp_gain":5.0,"max_hp_loss":0.0,"gold_gain":0.0,"event_name":"Big Fish","player_choice":"Donut","floor":4.0,"gold_loss":0.0,"damage_taken":0.0},{"cards_removed":["Defend_R"],"damage_healed":0.0,"max_hp_gain":0.0,"max_hp_loss":0.0,"gold_gain":0.0,"event_name":"Bonfire Elementals","player_choice":"Offered Basic","floor":8.0,"gold_loss":0.0,"damage_taken":0.0},{"damage_healed":0.0,"max_hp_gain":0.0,"max_hp_loss":0.0,"gold_gain":150.0,"event_name":"Liars Game","player_choice":"AGREE","floor":11.0,"gold_loss":0.0,"damage_taken":0.0,"cards_obtained":["Doubt"]},{"damage_healed":0.0,"max_hp_gain":0.0,"max_hp_loss":0.0,"gold_gain":0.0,"event_name":"Mushrooms","player_choice":"Fought Mushrooms","floor":12.0,"gold_loss":0.0,"damage_taken":0.0},{"damage_healed":0.0,"max_hp_gain":0.0,"max_hp_loss":0.0,"gold_gain":0.0,"event_name":"Vampires","player_choice":"Ignored","floor":19.0,"gold_loss":0.0,"damage_taken":0.0},{"damage_healed":0.0,"max_hp_gain":0.0,"max_hp_loss":0.0,"gold_gain":0.0,"event_name":"Accursed Blacksmith","player_choice":"Forge","floor":21.0,"gold_loss":0.0,"damage_taken":0.0,"cards_upgraded":["Whirlwind"]},{"damage_healed":0.0,"max_hp_gain":0.0,"max_hp_loss":0.0,"gold_gain":0.0,"event_name":"Cursed Tome","player_choice":"Obtained Book","floor":22.0,"gold_loss":0.0,"damage_taken":21.0},{"damage_healed":0.0,"max_hp_gain":0.0,"max_hp_loss":0.0,"gold_gain":0.0,"event_name":"Masked Bandits","player_choice":"Fought Bandits","floor":25.0,"gold_loss":0.0,"damage_taken":0.0}],"is_beta":true,"boss_relics":[{"not_picked":["Coffee Dripper","Empty Cage"],"picked":"Pandora\u0027s Box"}],"items_purged_floors":[13,20],"is_endless":false,"potions_floor_spawned":[6,14],"killed_by":"Collector","ascension_level":20}