{"gold_per_floor":[109,109,109,124,124,124,154,173,173,191,16,33,62,62,62,160,160,174,156,7,7,23,53,53,71,97,97,97,10,35,35,35,35],"floor_reached":33,"playtime":1818,"items_purged":["Strike_G"],"score":318,"play_id":"764a4b40-d615-4c36-8dce-ccc53e3b266d","local_time":"20190820102808","is_ascension_mode":false,"campfire_choices":[{"data":"Well Laid Plans","floor":6,"key":"SMITH"},{"data":"Poisoned Stab","floor":15,"key":"SMITH"},{"floor":27,"key":"REST"},{"floor":32,"key":"REST"}],"neow_cost":"NONE","seed_source_timestamp":348569187910300,"circlet_count":0,"master_deck":["Strike_G","Strike_G+1","Strike_G","Strike_G","Defend_G","Defend_G","Defend_G+1","Defend_G","Defend_G","Survivor","Neutralize+1","Acrobatics","Regret","Quick Slash","Well Laid Plans+1","Flying Knee","Predator","Caltrops","Poisoned Stab+1","Quick Slash","Backflip","Poisoned Stab","Bullet Time+1","Escape Plan","Underhanded Strike","Noxious Fumes","Tactician","Crippling Poison+1","Venomology","Well Laid Plans","J.A.X.","Finesse","Terror+1","Underhanded Strike"],"relics":["Ring of the Serpent","NeowsBlessing","Thread and Needle","Snake Skull","Mummified Hand","Oddly Smooth Stone","Pantograph","Bottled Lightning","War Paint","Blood Vial"],"potions_floor_usage":[12,13,13,13,22,25,30,30,30,33,33],"damage_taken":[{"damage":0,"enemies":"2 Louse","floor":1,"turns":1},{"damage":0,"enemies":"Jaw Worm","floor":4,"turns":1},{"damage":0,"enemies":"Gremlin Nob","floor":7,"turns":1},{"damage":2,"enemies":"Small Slimes","floor":8,"turns":3},{"damage":20,"enemies":"Gremlin Gang","floor":10,"turns":6},{"damage":0,"enemies":"Exordium Wildlife","floor":12,"turns":4},{"damage":8,"enemies":"Lagavulin","floor":13,"turns":4},{"damage":29,"enemies":"Hexaghost","floor":16,"turns":8},{"damage":14,"enemies":"Shell Parasite","floor":18,"turns":5},{"damage":5,"enemies":"2 Thieves","floor":19,"turns":4},{"damage":13,"enemies":"Centurion and Healer","floor":22,"turns":5},{"damage":22,"enemies":"Book of Stabbing","floor":23,"turns":5},{"damage":0,"enemies":"Snecko","floor":25,"turns":3},{"damage":15,"enemies":"Slavers","floor":30,"turns":3},{"damage":76,"enemies":"Automaton","floor":33,"turns":6}],"seed_played":"8048342920709534475","potions_obtained":[{"floor":1,"key":"Regen Potion"},{"floor":7,"key":"Regen Potion"},{"floor":8,"key":"AttackPotion"},{"floor":12,"key":"Strength Potion"},{"floor":16,"key":"SteroidPotion"},{"floor":18,"key":"Regen Potion"},{"floor":19,"key":"Swift Potion"},{"floor":25,"key":"FearPotion"}],"is_trial":false,"path_per_floor":["M","?","?","M","?","R","E","M","T","M","$","M","E","T","R","B",null,"M","M","$","$","M","E","?","M","T","R","?","$","E","?","R","B"],"character_chosen":"THE_SILENT","items_purchased":["Poisoned Stab","Quick Slash","Noxious Fumes","Tactician","Finesse"],"campfire_rested":2,"item_purchase_floors":[11,11,20,20,29],"current_hp_per_floor":[70,56,56,56,56,56,56,54,54,34,34,39,40,40,40,36,70,56,51,51,51,52,30,17,17,17,39,39,39,24,24,46,0],"gold":35,"neow_bonus":"THREE_ENEMY_KILL","is_prod":false,"is_daily":false,"chose_seed":false,"campfire_upgraded":2,"win_rate":0.0,"timestamp":1566322088,"path_taken":["M","?","?","M","?","R","E","M","T","M","$","?","E","?","R","BOSS","M","M","?","$","M","E","?","M","T","R","?","?","E","?","R","BOSS"],"build_version":"2019-07-17","purchased_purges":1,"victory":false,"max_hp_per_floor":[70,70,70,70,70,70,70,70,70,70,70,70,70,70,70,70,70,70,70,70,70,70,70,75,75,75,75,75,75,75,75,75,75],"card_choices":[{"not_picked":["Eviscerate","Masterful Stab"],"picked":"Acrobatics","floor":1},{"not_picked":["All Out Attack","Dagger Throw"],"picked":"Quick Slash","floor":4},{"not_picked":["Quick Slash","Crippling Poison"],"picked":"Flying Knee","floor":7},{"not_picked":["Blade Dance","Prepared"],"picked":"Predator","floor":8},{"not_picked":["Deflect","Blur"],"picked":"Caltrops","floor":10},{"not_picked":["Endless Agony","Flechettes"],"picked":"Backflip","floor":12},{"not_picked":["Night Terror","PiercingWail"],"picked":"Poisoned Stab","floor":13},{"not_picked":["Unload","Malaise"],"picked":"Bullet Time","floor":16},{"not_picked":["Footwork+1","Bane"],"picked":"Escape Plan","floor":18},{"not_picked":["Sucker Punch","Escape Plan+1"],"picked":"Underhanded Strike","floor":19},{"not_picked":["Leg Sweep","Poisoned Stab"],"picked":"Crippling Poison+1","floor":22},{"not_picked":["Calculated Gamble","Prepared"],"picked":"Venomology","floor":23},{"not_picked":["Leg Sweep","Poisoned Stab"],"picked":"Well Laid Plans","floor":25},{"not_picked":["Caltrops+1","Unload"],"picked":"Terror+1","floor":30}],"player_experience":35903,"relics_obtained":[{"floor":7,"key":"Snake Skull"},{"floor":9,"key":"Mummified Hand"},{"floor":13,"key":"Oddly Smooth Stone"},{"floor":14,"key":"Pantograph"},{"floor":23,"key":"Bottled Lightning"},{"floor":26,"key":"War Paint"},{"floor":30,"key":"Blood Vial"}],"event_choices":[{"damage_healed":0,"gold_gain":0,"player_choice":"Entered Light","damage_taken":14,"max_hp_gain":0,"max_hp_loss":0,"event_name":"Shining Light","floor":2,"gold_loss":0,"cards_upgraded":["Strike_G","Neutralize"]},{"damage_healed":0,"gold_gain":0,"player_choice":"Box","damage_taken":0,"relics_obtained":["Thread and Needle"],"max_hp_gain":0,"max_hp_loss":0,"event_name":"Big Fish","floor":3,"gold_loss":0,"cards_obtained":["Regret"]},{"damage_healed":0,"gold_gain":0,"player_choice":"1 cards matched","damage_taken":0,"max_hp_gain":0,"max_hp_loss":0,"event_name":"Match and Keep!","floor":5,"gold_loss":0,"cards_obtained":["Well Laid Plans"]},{"damage_healed":0,"gold_gain":0,"player_choice":"Shed Blood","damage_taken":18,"max_hp_gain":5,"max_hp_loss":0,"event_name":"Forgotten Altar","floor":24,"gold_loss":0},{"damage_healed":0,"gold_gain":0,"player_choice":"Obtain J.A.X.","damage_taken":0,"max_hp_gain":0,"max_hp_loss":0,"event_name":"Drug Dealer","floor":28,"gold_loss":0,"cards_obtained":["J.A.X."]},{"damage_healed":0,"gold_gain":0,"player_choice":"Read","damage_taken":0,"max_hp_gain":0,"max_hp_loss":0,"event_name":"The Library","floor":31,"gold_loss":0,"cards_obtained":["Underhanded Strike"]}],"is_beta":false,"boss_relics":[{"not_picked":["Orrery","WristBlade"],"picked":"Ring of the Serpent"}],"items_purged_floors":[11],"is_endless":false,"potions_floor_spawned":[1,7,8,12,16,18,19,25],"killed_by":"Automaton","ascension_level":0}