{"gold_per_floor":[119,9,22,22,22,22,50,50,73,129,142,142,156,487,487,566,566,466,466,482,482,499,499,511,511,511,530,530,455,466,497,497,571,571,587,477,128,142,159,159,169,181,235,246,246,96,123,36,36,36,36],"floor_reached":51,"playtime":2602,"items_purged":["Normality","Doubt"],"score":1455,"play_id":"8a130209-a634-4abd-a448-8186a303b09b","local_time":"20190327150429","is_ascension_mode":true,"campfire_choices":[{"data":"Dagger Spray","floor":6.0,"key":"SMITH"},{"data":"Footwork","floor":8.0,"key":"SMITH"},{"data":"Wraith Form v2","floor":15.0,"key":"SMITH"},{"floor":23,"key":"REST"},{"data":"Noxious Fumes","floor":25,"key":"SMITH"},{"floor":28,"key":"REST"},{"data":"Malaise","floor":32,"key":"SMITH"},{"floor":40,"key":"REST"},{"data":"Malaise","floor":45,"key":"SMITH"},{"data":"Well Laid Plans","floor":49,"key":"SMITH"}],"neow_cost":"NONE","seed_source_timestamp":11488180768511,"circlet_count":0,"master_deck":["AscendersBane","Defend_G","Defend_G","Defend_G","Defend_G","Defend_G","Strike_G","Strike_G","Survivor+1","Neutralize+1","Dagger Spray+1","Footwork+1","Backflip","Footwork+1","Footwork","Caltrops","Bouncing Flask","Wraith Form v2+1","Noxious Fumes+1","Malaise+1","Catalyst+1","Backflip","Crippling Poison","Caltrops","Infinite Blades","Leg Sweep","Leg Sweep","Malaise+1","Parasite","Noxious Fumes+1","Predator","Noxious Fumes","Parasite","Infinite Blades","Cloak And Dagger","Blur+1","PiercingWail","Well Laid Plans+1","Cloak And Dagger+1","Well Laid Plans"],"special_seed":0,"relics":["Runic Dome","Smiling Mask","PreservedInsect","Tiny Chest","Bird Faced Urn","Old Coin","Sozu","Blue Candle","Ice Cream","Calling Bell","Regal Pillow","Kunai","Calipers","Oddly Smooth Stone","Ancient Tea Set","Bottled Lightning"],"potions_floor_usage":[],"damage_taken":[{"damage":2.0,"enemies":"Jaw Worm","floor":1.0,"turns":4.0},{"damage":2.0,"enemies":"2 Louse","floor":3.0,"turns":3.0},{"damage":4.0,"enemies":"3 Sentries","floor":7.0,"turns":7.0},{"damage":9.0,"enemies":"Lagavulin","floor":10.0,"turns":8.0},{"damage":0.0,"enemies":"Cultist","floor":11.0,"turns":4.0},{"damage":0.0,"enemies":"2 Fungi Beasts","floor":13.0,"turns":3.0},{"damage":0.0,"enemies":"3 Sentries","floor":14.0,"turns":6.0},{"damage":8.0,"enemies":"Slime Boss","floor":16.0,"turns":10.0},{"damage":0.0,"enemies":"2 Thieves","floor":18.0,"turns":5.0},{"damage":40,"enemies":"Colosseum Slavers","floor":19,"turns":6},{"damage":37,"enemies":"3 Byrds","floor":20,"turns":4},{"damage":4,"enemies":"Snecko","floor":22,"turns":7},{"damage":24,"enemies":"Shelled Parasite and Fungi","floor":24,"turns":8},{"damage":8,"enemies":"Centurion and Healer","floor":27,"turns":8},{"damage":4,"enemies":"Snake Plant","floor":30,"turns":6},{"damage":33,"enemies":"Book of Stabbing","floor":31,"turns":5},{"damage":10,"enemies":"Automaton","floor":33,"turns":10},{"damage":39,"enemies":"3 Darklings","floor":35,"turns":8},{"damage":14,"enemies":"Orb Walker","floor":38,"turns":5},{"damage":24,"enemies":"Sphere and 2 Shapes","floor":39,"turns":7},{"damage":37,"enemies":"Writhing Mass","floor":41,"turns":9},{"damage":10,"enemies":"4 Shapes","floor":42,"turns":6},{"damage":22,"enemies":"Spire Growth","floor":44,"turns":7},{"damage":12,"enemies":"Reptomancer","floor":47,"turns":9},{"damage":46,"enemies":"Donu and Deca","floor":50,"turns":12},{"damage":58,"enemies":"Awakened One","floor":51,"turns":5}],"seed_played":"5996055609050649349","potions_obtained":[{"floor":3.0,"key":"LiquidBronze"},{"floor":11.0,"key":"Swift Potion"},{"floor":14.0,"key":"Strength Potion"}],"is_trial":false,"path_per_floor":["M","$","M","?","?","R","E","R","T","E","M","T","M","E","R","B",null,"M","?","M","?","M","R","M","R","T","M","R","?","M","E","R","B",null,"M","?","$","M","M","R","M","M","T","M","R","$","E","$","R","B","B"],"character_chosen":"THE_SILENT","items_purchased":["Footwork","Backflip","Predator","Noxious Fumes","Oddly Smooth Stone","PiercingWail","Well Laid Plans","Well Laid Plans"],"campfire_rested":3,"item_purchase_floors":[2,2,37,37,37,46,46,48],"current_hp_per_floor":[57,57,55,55,35,35,31,31,31,22,22,22,26,32,32,34,58,66,30,3,3,11,30,18,18,18,22,41,41,49,30,30,36,59,36,36,36,36,30,64,44,48,48,46,46,46,56,56,56,36,0],"gold":36,"neow_bonus":"BOSS_RELIC","is_prod":false,"is_daily":false,"chose_seed":false,"campfire_upgraded":7,"win_rate":0,"timestamp":1553724269,"path_taken":["M","$","M","?","?","R","E","R","T","E","M","?","M","E","R","BOSS","M","?","M","?","M","R","M","R","T","?","R","?","M","E","R","BOSS","M","?","$","M","M","R","M","M","T","?","R","$","E","?","R","BOSS","BOSS"],"build_version":"2019-03-15","purchased_purges":2,"victory":false,"max_hp_per_floor":[66,66,66,66,66,66,66,66,66,66,66,66,66,66,66,66,66,66,66,66,66,66,66,66,66,66,66,66,66,66,66,66,66,66,66,66,66,66,66,66,66,66,66,66,66,66,66,66,66,66,66],"card_choices":[{"not_picked":["Slice","Blade Dance"],"picked":"Dagger Spray","floor":1.0},{"not_picked":["Deadly Poison","Prepared"],"picked":"Footwork","floor":3.0},{"not_picked":["Caltrops","Calculated Gamble"],"picked":"Footwork","floor":7.0},{"not_picked":["Acrobatics","Slice"],"picked":"Caltrops","floor":10.0},{"not_picked":["Blade Dance","Setup"],"picked":"Bouncing Flask","floor":11.0},{"not_picked":["Bane","Deflect"],"picked":"Wraith Form v2","floor":13.0},{"not_picked":["Flechettes","Accuracy"],"picked":"Noxious Fumes","floor":14.0},{"not_picked":["Envenom","Wraith Form v2"],"picked":"Malaise","floor":16.0},{"not_picked":["Backflip","Dagger Spray"],"picked":"Catalyst+1","floor":18.0},{"not_picked":["Quick Slash","Slice"],"picked":"Backflip","floor":20},{"not_picked":["Infinite Blades","Well Laid Plans"],"picked":"Crippling Poison","floor":22},{"not_picked":["Masterful Stab+1","Bane"],"picked":"Caltrops","floor":24},{"not_picked":["Flying Knee","Expertise"],"picked":"Infinite Blades","floor":27},{"not_picked":["Underhanded Strike","Masterful Stab"],"picked":"Leg Sweep","floor":30},{"not_picked":["Flying Knee+1","Underhanded Strike"],"picked":"Leg Sweep","floor":31},{"not_picked":["A Thousand Cuts","Storm of Steel"],"picked":"Malaise","floor":33},{"not_picked":["Slice+1","Blade Dance"],"picked":"Noxious Fumes+1","floor":35},{"not_picked":["Bouncing Flask","Calculated Gamble"],"picked":"Infinite Blades","floor":41},{"not_picked":["Dagger Spray","Bouncing Flask"],"picked":"Cloak And Dagger","floor":42},{"not_picked":["Backflip+1","Calculated Gamble"],"picked":"Blur+1","floor":44},{"not_picked":["Terror","PiercingWail"],"picked":"Cloak And Dagger+1","floor":47}],"player_experience":1369600,"relics_obtained":[{"floor":7.0,"key":"Smiling Mask"},{"floor":9.0,"key":"PreservedInsect"},{"floor":10.0,"key":"Tiny Chest"},{"floor":12.0,"key":"Bird Faced Urn"},{"floor":14.0,"key":"Old Coin"},{"floor":26,"key":"Blue Candle"},{"floor":31,"key":"Ice Cream"},{"floor":34,"key":"Regal Pillow"},{"floor":34,"key":"Kunai"},{"floor":34,"key":"Calipers"},{"floor":43,"key":"Ancient Tea Set"},{"floor":47,"key":"Bottled Lightning"}],"event_choices":[{"damage_healed":0.0,"max_hp_gain":0.0,"max_hp_loss":0.0,"gold_gain":0.0,"event_name":"Liars Game","player_choice":"Ignored","floor":4.0,"gold_loss":0.0,"damage_taken":0.0},{"damage_healed":0.0,"max_hp_gain":0.0,"max_hp_loss":0.0,"gold_gain":0.0,"event_name":"Shining Light","player_choice":"Entered Light","floor":5.0,"gold_loss":0.0,"damage_taken":20.0,"cards_upgraded":["Neutralize","Footwork"]},{"damage_healed":0,"gold_gain":0,"player_choice":"Fight","damage_taken":0,"max_hp_gain":0,"max_hp_loss":0,"event_name":"Colosseum","floor":19,"gold_loss":0},{"damage_healed":0,"gold_gain":0,"player_choice":"Fled From Nobs","damage_taken":0,"max_hp_gain":0,"max_hp_loss":0,"event_name":"Colosseum","floor":19,"gold_loss":0},{"cards_removed":["Strike_G"],"damage_healed":0,"gold_gain":0,"player_choice":"Purged","damage_taken":0,"max_hp_gain":0,"max_hp_loss":0,"event_name":"Purifier","floor":21,"gold_loss":0},{"cards_removed":["Strike_G"],"damage_healed":0,"gold_gain":0,"player_choice":"Gave Gold","damage_taken":0,"max_hp_gain":0,"max_hp_loss":0,"event_name":"Beggar","floor":29,"gold_loss":75},{"cards_removed":["Strike_G"],"damage_healed":0,"gold_gain":0,"player_choice":"Upgrade and Remove","damage_taken":0,"max_hp_gain":0,"max_hp_loss":0,"event_name":"Designer","floor":36,"gold_loss":110,"cards_upgraded":["Survivor"]}],"is_beta":true,"boss_relics":[{"not_picked":["Pandora\u0027s Box","WristBlade"],"picked":"Sozu"},{"not_picked":["Philosopher\u0027s Stone","Snecko Eye"],"picked":"Calling Bell"}],"items_purged_floors":[37,46],"is_endless":false,"potions_floor_spawned":[3,11,14,22,24,27,30,33,35,41,47],"killed_by":"Awakened One","ascension_level":20}