{"gold_per_floor":[113,113,128,144,10,10,35,35,62,96,37,70,70,84,84,157,157,135,135],"floor_reached":19,"playtime":499,"items_purged":[],"score":370,"play_id":"4b657351-e02f-4ff8-9698-3daae93ef8b8","local_time":"20190103160255","is_ascension_mode":true,"campfire_choices":[{"data":"Discovery","floor":6.0,"key":"SMITH"},{"data":"Neutralize","floor":8,"key":"SMITH"},{"data":"Noxious Fumes","floor":13,"key":"SMITH"},{"data":"Noxious Fumes","floor":15,"key":"SMITH"}],"neow_cost":"NONE","seed_source_timestamp":49067732702386,"circlet_count":0,"master_deck":["AscendersBane","Defend_G","Defend_G","Defend_G","Defend_G","Defend_G","Strike_G","Strike_G","Strike_G","Strike_G","Survivor","Neutralize+1","Dash","Noxious Fumes+1","Dagger Spray","Footwork","Discovery+1","Noxious Fumes+1","Blur","Backflip","Footwork","Cloak And Dagger","Glass Knife","All Out Attack"],"special_seed":0,"relics":["Ring of the Snake","NeowsBlessing","Regal Pillow","Blood Vial","Question Card","Sundial","Sozu"],"potions_floor_usage":[7,7,12,12],"damage_taken":[{"damage":0.0,"enemies":"Small Slimes","floor":1.0,"turns":1.0},{"damage":0.0,"enemies":"Cultist","floor":3.0,"turns":1.0},{"damage":0.0,"enemies":"Jaw Worm","floor":4.0,"turns":1.0},{"damage":6,"enemies":"Gremlin Nob","floor":7,"turns":4},{"damage":20,"enemies":"Lagavulin","floor":10,"turns":9},{"damage":10,"enemies":"3 Sentries","floor":12,"turns":7},{"damage":17,"enemies":"Gremlin Gang","floor":14,"turns":2},{"damage":25,"enemies":"Slime Boss","floor":16,"turns":10},{"damage":16,"enemies":"2 Thieves","floor":18,"turns":5},{"damage":0,"enemies":"Shell Parasite","floor":19,"turns":1}],"seed_played":"6350116133729220381","potions_obtained":[{"floor":1.0,"key":"Poison Potion"},{"floor":3.0,"key":"Block Potion"},{"floor":7,"key":"Regen Potion"},{"floor":10,"key":"Energy Potion"}],"is_trial":false,"path_per_floor":["M","?","M","M","$","R","E","R","T","E","$","E","R","M","R","B",null,"M","M"],"character_chosen":"THE_SILENT","items_purchased":["Discovery","Noxious Fumes","Backflip"],"campfire_rested":0,"item_purchase_floors":[5,5,11],"current_hp_per_floor":[59,59,59,59,59,59,53,53,53,35,35,42,42,27,27,4,51,37,39],"gold":135,"neow_bonus":"THREE_ENEMY_KILL","is_prod":false,"is_daily":false,"chose_seed":false,"campfire_upgraded":4,"win_rate":0,"timestamp":1546560175,"path_taken":["M","?","?","M","?","R","E","R","T","E","$","E","R","M","R","BOSS","M","M"],"build_version":"2019-01-02","purchased_purges":0,"victory":false,"max_hp_per_floor":[66,66,66,66,66,66,66,66,66,66,66,66,66,66,66,66,66,66,66],"card_choices":[{"not_picked":["Masterful Stab","Flying Knee"],"picked":"Dash","floor":1.0},{"not_picked":["Slice","Distraction"],"picked":"Dagger Spray","floor":3.0},{"not_picked":["Tactician","Prepared"],"picked":"Footwork","floor":4.0},{"not_picked":["Deadly Poison","Bane"],"picked":"Blur","floor":7},{"not_picked":["Outmaneuver","Doppelganger","Deadly Poison"],"picked":"Footwork","floor":12},{"not_picked":["Prepared","Slice","Outmaneuver"],"picked":"Cloak And Dagger","floor":14},{"not_picked":["Envenom","Tools of the Trade","Phantasmal Killer"],"picked":"Glass Knife","floor":16},{"not_picked":["Quick Slash","Flying Knee","Poisoned Stab"],"picked":"All Out Attack","floor":18}],"player_experience":1001908,"relics_obtained":[{"floor":7,"key":"Regal Pillow"},{"floor":9,"key":"Blood Vial"},{"floor":10,"key":"Question Card"},{"floor":12,"key":"Sundial"}],"event_choices":[{"damage_healed":0.0,"max_hp_gain":0.0,"max_hp_loss":0.0,"gold_gain":0.0,"cards_transformed":["Strike_G"],"event_name":"Transmorgrifier","player_choice":"Transformed","floor":2.0,"gold_loss":0.0,"damage_taken":0.0,"cards_obtained":["Noxious Fumes"]}],"is_beta":true,"boss_relics":[{"not_picked":["Philosopher\u0027s Stone","Ectoplasm"],"picked":"Sozu"}],"items_purged_floors":[],"is_endless":false,"potions_floor_spawned":[1,3,7,10],"killed_by":"Shell Parasite","ascension_level":20}