{"gold_per_floor":[116,116,17,34,48,48,77,77,129,157,157,59,83,57,57,134,134,151,151,168,68,85,85,100,100,155,155,169,184,184,99,99,99],"floor_reached":33,"playtime":1033,"items_purged":["Pain","Strike_B"],"score":481,"play_id":"ae86dd1e-c292-49cd-af60-cf563a434b2c","local_time":"20190824164054","is_ascension_mode":true,"campfire_choices":[{"data":"Zap","floor":6,"key":"SMITH"},{"data":"Ball Lightning","floor":8,"key":"SMITH"},{"data":"Biased Cognition","floor":15,"key":"SMITH"},{"floor":23,"key":"REST"},{"floor":25,"key":"REST"},{"floor":27,"key":"REST"},{"data":"Coolheaded","floor":30,"key":"SMITH"},{"floor":32,"key":"REST"}],"neow_cost":"NONE","seed_source_timestamp":360615744380800,"circlet_count":0,"master_deck":["AscendersBane","Strike_B","Strike_B+1","Defend_B","Defend_B","Defend_B","Defend_B","Zap+1","Dualcast","White Noise","Ball Lightning+1","Coolheaded+1","Ball Lightning","Beam Cell+1","Biased Cognition+1","Meteor Strike","Dark Shackles","Steam","Biased Cognition+1","Storm","Reprogram","Coolheaded","Cold Snap","Buffer"],"relics":["Cracked Core","NeowsBlessing","WarpedTongs","Dream Catcher","Whetstone","Ornamental Fan","Vajra","Nuclear Battery","Tiny Chest","Art of War"],"potions_floor_usage":[7,16,22,28],"damage_taken":[{"damage":0,"enemies":"Small Slimes","floor":1,"turns":1},{"damage":0,"enemies":"Cultist","floor":4,"turns":1},{"damage":0,"enemies":"2 Louse","floor":5,"turns":1},{"damage":28,"enemies":"Gremlin Nob","floor":7,"turns":4},{"damage":7,"enemies":"Lagavulin","floor":10,"turns":6},{"damage":16,"enemies":"Hexaghost","floor":16,"turns":9},{"damage":17,"enemies":"2 Thieves","floor":18,"turns":4},{"damage":14,"enemies":"Chosen","floor":20,"turns":4},{"damage":3,"enemies":"3 Cultists","floor":22,"turns":5},{"damage":22,"enemies":"Centurion and Healer","floor":24,"turns":5},{"damage":6,"enemies":"Snake Plant","floor":28,"turns":3},{"damage":26,"enemies":"Shelled Parasite and Fungi","floor":29,"turns":3},{"damage":54,"enemies":"Automaton","floor":33,"turns":10}],"seed_played":"1357110995193283907","potions_obtained":[{"floor":4,"key":"SpeedPotion"},{"floor":7,"key":"Swift Potion"},{"floor":10,"key":"Strength Potion"},{"floor":18,"key":"LiquidBronze"},{"floor":24,"key":"SkillPotion"}],"is_trial":false,"path_per_floor":["M","?","$","M","M","R","E","R","T","E","?","$","T","$","R","B",null,"M","?","M","$","M","R","M","R","T","R","M","M","R","?","R","B"],"character_chosen":"DEFECT","items_purchased":["Ball Lightning","Dark Shackles","Steam"],"campfire_rested":4,"item_purchase_floors":[3,12,14],"current_hp_per_floor":[64,64,64,64,64,64,36,36,36,29,29,29,29,29,29,13,57,40,40,26,26,23,44,22,43,43,64,58,32,32,32,53,0],"gold":99,"neow_bonus":"THREE_ENEMY_KILL","is_prod":false,"is_daily":false,"chose_seed":false,"campfire_upgraded":4,"win_rate":0,"timestamp":1566632454,"path_taken":["M","?","$","?","?","R","E","R","T","E","?","$","?","?","R","BOSS","M","?","?","?","M","R","M","R","T","R","M","M","R","?","R","BOSS"],"build_version":"2019-07-17","purchased_purges":2,"victory":false,"max_hp_per_floor":[71,71,71,71,71,71,71,71,71,71,71,71,71,71,71,71,71,71,71,71,71,71,71,71,71,71,71,71,71,71,71,71,71],"card_choices":[{"not_picked":["Compile Driver","Go for the Eyes"],"picked":"White Noise","floor":1},{"not_picked":["Compile Driver","Streamline"],"picked":"Coolheaded","floor":4},{"not_picked":["Streamline","Loop"],"picked":"Ball Lightning","floor":5},{"not_picked":["Sweeping Beam","Leap"],"picked":"Beam Cell","floor":7},{"not_picked":["Go for the Eyes","Steam"],"picked":"Biased Cognition","floor":10},{"not_picked":["Meteor Strike","All For One"],"picked":"Biased Cognition","floor":16},{"not_picked":["Redo","Blizzard","Melter"],"picked":"SKIP","floor":18},{"not_picked":["Chaos","Redo","Ball Lightning"],"picked":"SKIP","floor":20},{"not_picked":["Chaos","Beam Cell"],"picked":"Storm","floor":22},{"not_picked":["Turbo","Ball Lightning"],"picked":"Reprogram","floor":23},{"not_picked":["Heatsinks","Go for the Eyes+1","Consume+1"],"picked":"SKIP","floor":24},{"not_picked":["Scrape","Rebound"],"picked":"Coolheaded","floor":27},{"not_picked":["Gash","Steam","Barrage"],"picked":"SKIP","floor":28},{"not_picked":["Chaos","Steam"],"picked":"Cold Snap","floor":29},{"not_picked":["Reprogram","Gash"],"picked":"Buffer","floor":32}],"player_experience":222644,"relics_obtained":[{"floor":7,"key":"Dream Catcher"},{"floor":9,"key":"Whetstone"},{"floor":10,"key":"Ornamental Fan"},{"floor":13,"key":"Vajra"},{"floor":26,"key":"Tiny Chest"}],"event_choices":[{"damage_healed":0,"gold_gain":0,"player_choice":"Rummage","damage_taken":0,"relics_obtained":["WarpedTongs"],"max_hp_gain":0,"max_hp_loss":0,"event_name":"Accursed Blacksmith","floor":2,"gold_loss":0,"cards_obtained":["Pain"]},{"damage_healed":0,"gold_gain":0,"cards_transformed":["Strike_B"],"player_choice":"Change","damage_taken":0,"max_hp_gain":0,"max_hp_loss":0,"event_name":"Living Wall","floor":11,"gold_loss":0,"cards_obtained":["Meteor Strike"]},{"damage_healed":0,"gold_gain":0,"player_choice":"Upgraded","damage_taken":0,"max_hp_gain":0,"max_hp_loss":0,"event_name":"Upgrade Shrine","floor":19,"gold_loss":0,"cards_upgraded":["Biased Cognition"]},{"damage_healed":0,"gold_gain":0,"player_choice":"Obtained Relic","damage_taken":0,"relics_obtained":["Art of War"],"max_hp_gain":0,"max_hp_loss":0,"event_name":"Addict","floor":31,"gold_loss":85}],"is_beta":false,"boss_relics":[{"not_picked":["Ectoplasm","Orrery"],"picked":"Nuclear Battery"}],"items_purged_floors":[3,21],"is_endless":false,"potions_floor_spawned":[4,7,10,18,24],"killed_by":"Automaton","ascension_level":18}