{"gold_per_floor":[117,192,192,47,65,96,22,22,102,132,145,156,166,177,177,253,253,266,286,20,20,20,20,40,60,60,60,92,109,109,109,109,186,186,199,199,217,28,28,28,44,58,58,58,58,68,83,83,83,83],"floor_reached":51,"playtime":2521,"items_purged":[],"score":1682,"play_id":"d4429e14-fc08-49bd-9d73-0af428ab6b90","local_time":"20180716133941","is_ascension_mode":true,"campfire_choices":[{"data":"Sunder","floor":8.0,"key":"SMITH"},{"data":"Go for the Eyes","floor":15.0,"key":"SMITH"},{"data":"Hello World","floor":23.0,"key":"SMITH"},{"data":"Chill","floor":27.0,"key":"SMITH"},{"data":"Loop","floor":30.0,"key":"SMITH"},{"data":"Seek","floor":32.0,"key":"SMITH"},{"data":"Defragment","floor":40.0,"key":"SMITH"},{"data":"Sunder","floor":45.0,"key":"SMITH"},{"data":"BootSequence","floor":49,"key":"SMITH"}],"neow_cost":"NONE","seed_source_timestamp":0,"circlet_count":0,"master_deck":["Defend_B","Defend_B","Zap","Dualcast","AscendersBane","Sunder+1","Turbo","Cold Snap","Steam","Ball Lightning","Sweeping Beam","Go for the Eyes+1","Stack","Cold Snap","Glacier","Seek+1","Chill+1","Melter","Loop+1","Hello World+1","Beam Cell+1","Stack+1","Seek","Bite","Bite","Bite","Bite","Bite","Fission","Coolheaded+1","Skim","Defragment+1","Leap","Sunder+1","Self Repair+1","BootSequence+1","Dark Shackles","Deep Breath"],"special_seed":0,"relics":["FrozenCore","NeowsBlessing","Oddly Smooth Stone","Thread and Needle","Dodecahedron","Pantograph","Velvet Choker","HandDrill","Bottled Flame","Strawberry","Du-Vu Doll","Gremlin Horn"],"potions_floor_usage":[50,50],"damage_taken":[{"damage":0.0,"enemies":"2 Louse","floor":1.0,"turns":1.0},{"damage":0.0,"enemies":"Small Slimes","floor":5.0,"turns":1.0},{"damage":0.0,"enemies":"3 Sentries","floor":6.0,"turns":1.0},{"damage":28.0,"enemies":"Gremlin Nob","floor":10.0,"turns":4.0},{"damage":0.0,"enemies":"Cultist","floor":11.0,"turns":2.0},{"damage":4.0,"enemies":"3 Louse","floor":12.0,"turns":2.0},{"damage":0.0,"enemies":"Lots of Slimes","floor":13.0,"turns":2.0},{"damage":0.0,"enemies":"Exordium Wildlife","floor":14.0,"turns":2.0},{"damage":8.0,"enemies":"Slime Boss","floor":16.0,"turns":13.0},{"damage":7.0,"enemies":"3 Byrds","floor":18.0,"turns":5.0},{"damage":0.0,"enemies":"Shell Parasite","floor":19.0,"turns":7.0},{"damage":16.0,"enemies":"Snake Plant","floor":24.0,"turns":3.0},{"damage":6.0,"enemies":"3 Cultists","floor":25.0,"turns":6.0},{"damage":9.0,"enemies":"Book of Stabbing","floor":28.0,"turns":6.0},{"damage":0.0,"enemies":"Cultist and Chosen","floor":29.0,"turns":6.0},{"damage":55.0,"enemies":"Collector","floor":33.0,"turns":15.0},{"damage":0.0,"enemies":"Orb Walker","floor":35.0,"turns":5.0},{"damage":0.0,"enemies":"Flame Bruiser 1 Orb","floor":37.0,"turns":7.0},{"damage":0.0,"floor":39.0,"turns":8.0},{"damage":11.0,"enemies":"Transient","floor":41.0,"turns":5.0},{"damage":11.0,"enemies":"Spire Growth","floor":42.0,"turns":7.0},{"damage":0.0,"enemies":"Flame Bruiser 2 Orb","floor":46.0,"turns":8.0},{"damage":4.0,"enemies":"4 Shapes","floor":47.0,"turns":5.0},{"damage":12,"enemies":"Time Eater","floor":50,"turns":20}],"seed_played":"3582413226621730611","potions_obtained":[{"floor":6.0,"key":"SkillPotion"},{"floor":10.0,"key":"Energy Potion"},{"floor":11.0,"key":"SkillPotion"},{"floor":19.0,"key":"Regen Potion"},{"floor":24.0,"key":"Strength Potion"},{"floor":28.0,"key":"AttackPotion"},{"floor":35.0,"key":"Strength Potion"}],"is_trial":false,"path_per_floor":["M","?","?","$","M","E","$","R","T","E","M","M","M","M","R","B",null,"M","M","$","?","$","R","M","M","T","R","E","M","R","?","R","B",null,"M","?","M","$","?","R","M","M","T","?","R","M","M","?","R","B"],"character_chosen":"DEFECT","items_purchased":["Oddly Smooth Stone","Ball Lightning","Sweeping Beam","Loop","HandDrill","Defragment","Leap","Sunder"],"campfire_rested":0,"item_purchase_floors":[4,7,7,20,20,38,38,38],"current_hp_per_floor":[64,53,53,53,53,53,53,53,53,25,25,21,21,21,21,38,63,56,56,56,56,56,56,49,43,43,43,41,41,41,41,41,21,46,54,54,54,54,54,54,44,43,43,43,43,54,54,44,44,54],"gold":83,"neow_bonus":"THREE_ENEMY_KILL","is_prod":false,"is_daily":false,"chose_seed":false,"campfire_upgraded":9,"win_rate":0,"timestamp":1531773581,"path_taken":["M","?","?","$","M","E","$","R","T","E","M","M","M","M","R","BOSS","M","?","?","?","$","R","M","M","T","R","E","?","R","?","R","BOSS","M","?","M","$","?","R","M","M","T","?","R","?","?","?","R","BOSS"],"build_version":"2018-07-13","purchased_purges":0,"victory":true,"max_hp_per_floor":[71,71,71,71,71,71,71,71,71,71,71,71,71,71,71,71,71,71,71,71,71,71,71,71,71,71,71,78,78,78,54,54,54,54,54,54,54,54,54,54,54,54,54,54,54,54,54,54,54,54],"card_choices":[{"not_picked":["Go for the Eyes","Rebound"],"picked":"Sunder","floor":1.0},{"not_picked":["Force Field","Chaos"],"picked":"Cold Snap","floor":5.0},{"not_picked":["Redo","Compile Driver"],"picked":"Steam","floor":6.0},{"not_picked":["Redo","Rebound"],"picked":"Go for the Eyes","floor":10.0},{"not_picked":["Recycle","Conserve Battery"],"picked":"Stack","floor":11.0},{"not_picked":["Ball Lightning","Sweeping Beam"],"picked":"Cold Snap","floor":12.0},{"not_picked":["Turbo","Hyperbeam"],"picked":"Glacier","floor":13.0},{"not_picked":["Meteor Strike","Rainbow"],"picked":"Seek","floor":16.0},{"not_picked":["BootSequence","Blizzard"],"picked":"Chill","floor":18.0},{"not_picked":["Compile Driver","Ball Lightning+1"],"picked":"Melter","floor":19.0},{"not_picked":["Turbo","Redo"],"picked":"Beam Cell+1","floor":24.0},{"not_picked":["Turbo","Gash"],"picked":"Stack+1","floor":28.0},{"not_picked":["Streamline+1","Turbo"],"picked":"Seek","floor":29.0},{"not_picked":["Core Surge","Multi-Cast"],"picked":"Fission","floor":33.0},{"not_picked":["Redo","Sweeping Beam"],"picked":"Coolheaded+1","floor":35.0},{"not_picked":["Compile Driver+1","Rebound"],"picked":"Skim","floor":37.0},{"not_picked":["Compile Driver","Gash"],"picked":"Self Repair+1","floor":46.0},{"not_picked":["Genetic Algorithm","Barrage"],"picked":"BootSequence","floor":47.0},{"not_picked":["Chrysalis","Transmutation"],"picked":"Dark Shackles","floor":48},{"not_picked":["Bandage Up","Trip"],"picked":"Deep Breath","floor":48}],"player_experience":663745,"relics_obtained":[{"floor":6.0,"key":"Thread and Needle"},{"floor":9.0,"key":"Dodecahedron"},{"floor":10.0,"key":"Pantograph"},{"floor":26.0,"key":"Bottled Flame"},{"floor":28.0,"key":"Strawberry"},{"floor":39.0,"key":"Du-Vu Doll"},{"floor":43.0,"key":"Gremlin Horn"}],"event_choices":[{"event_name":"World of Goop","player_choice":"Gather Gold","floor":2.0,"damage_taken":0.0},{"event_name":"Transmorgrifier","player_choice":"Transform","floor":3.0,"damage_taken":0.0},{"event_name":"The Library","player_choice":"Read","floor":21.0,"damage_taken":0.0},{"event_name":"Vampires","player_choice":"Became a vampire","floor":31.0,"damage_taken":0.0},{"event_name":"Falling","player_choice":"Removed Skill","floor":36.0,"damage_taken":0.0},{"event_name":"MindBloom","player_choice":"Fight","floor":39.0,"damage_taken":0.0},{"event_name":"Bonfire Elementals","player_choice":"BASIC","floor":44.0,"damage_taken":0.0},{"event_name":"SensoryStone","player_choice":"Memory 3","floor":48,"damage_taken":0}],"boss_relics":[{"not_picked":["Runic Pyramid","Tiny House"],"picked":"Velvet Choker"},{"not_picked":["Black Star","Cursed Key"],"picked":"FrozenCore"}],"items_purged_floors":[],"is_endless":false,"potions_floor_spawned":[6,10,11,12,19,24,28,35,39,42],"ascension_level":15}