{"gold_per_floor":[110,185,197,197,15,15,43,43,43,43,56,56,56,21,21,21],"floor_reached":16,"playtime":281,"items_purged":["Shame"],"score":192,"play_id":"74f50ccb-9998-49b5-b743-0a82bb4e307f","local_time":"20190827223527","is_ascension_mode":true,"campfire_choices":[{"data":"Rupture","floor":6,"key":"SMITH"},{"data":"Spot Weakness","floor":8,"key":"SMITH"},{"data":"Bash","floor":10,"key":"SMITH"},{"floor":15,"key":"REST"}],"neow_cost":"NONE","seed_source_timestamp":5371106819151,"circlet_count":0,"master_deck":["AscendersBane","Strike_R","Strike_R","Strike_R","Strike_R","Strike_R","Defend_R","Defend_R+1","Defend_R+1","Defend_R","Bash+1","Pain","Clumsy","Spot Weakness+1","Rupture+1","Pain","Perfected Strike","Wild Strike","Iron Wave","Spot Weakness","Heavy Blade","Battle Trance"],"special_seed":0,"relics":["Calling Bell","Lantern","The Courier","Thread and Needle","WarpedTongs","Bottled Lightning","Gremlin Horn"],"potions_floor_usage":[7,11],"damage_taken":[{"damage":1.0,"enemies":"2 Louse","floor":1.0,"turns":2.0},{"damage":26,"enemies":"Jaw Worm","floor":3,"turns":6},{"damage":5,"enemies":"Gremlin Nob","floor":7,"turns":3},{"damage":5,"enemies":"Cultist","floor":11,"turns":2},{"damage":38,"enemies":"Hexaghost","floor":16,"turns":7}],"seed_played":"-6328155414810739759","potions_obtained":[{"floor":1.0,"key":"GamblersBrew"},{"floor":7,"key":"BloodPotion"},{"floor":11,"key":"AttackPotion"}],"is_trial":false,"path_per_floor":["M","?","M","?","$","R","E","R","T","R","M","?","?","$","R","B"],"character_chosen":"IRONCLAD","items_purchased":["Perfected Strike","Wild Strike","Iron Wave","Battle Trance"],"campfire_rested":1,"item_purchase_floors":[5,5,5,14],"current_hp_per_floor":[67,56,30,30,30,30,25,25,25,25,38,38,15,15,37,0],"gold":21,"neow_bonus":"BOSS_RELIC","is_prod":false,"is_daily":false,"chose_seed":false,"campfire_upgraded":3,"win_rate":0,"timestamp":1566970527,"path_taken":["M","?","M","?","$","R","E","R","T","R","?","?","?","$","R","BOSS"],"build_version":"2019-08-23","purchased_purges":1,"victory":false,"max_hp_per_floor":[75,75,75,75,75,75,75,75,75,75,75,75,75,75,75,75],"card_choices":[{"not_picked":["Sentinel","Rupture"],"picked":"Spot Weakness","floor":1.0},{"not_picked":["Headbutt","Reckless Charge"],"picked":"Rupture","floor":3},{"not_picked":["Dual Wield","Flex"],"picked":"Spot Weakness","floor":7},{"not_picked":["Wild Strike","Headbutt"],"picked":"Heavy Blade","floor":11}],"player_experience":1461344,"relics_obtained":[{"floor":0.0,"key":"Lantern"},{"floor":0.0,"key":"The Courier"},{"floor":0.0,"key":"Thread and Needle"},{"floor":7,"key":"Bottled Lightning"},{"floor":9,"key":"Gremlin Horn"}],"event_choices":[{"damage_healed":0.0,"max_hp_gain":0.0,"max_hp_loss":0.0,"gold_gain":75.0,"event_name":"World of Goop","player_choice":"Gather Gold","floor":2.0,"gold_loss":0.0,"damage_taken":11.0},{"damage_healed":0,"gold_gain":0,"player_choice":"Rummage","damage_taken":0,"relics_obtained":["WarpedTongs"],"max_hp_gain":0,"max_hp_loss":0,"event_name":"Accursed Blacksmith","floor":4,"gold_loss":0,"cards_obtained":["Pain"]},{"damage_healed":0,"gold_gain":0,"player_choice":"Leave","damage_taken":0,"max_hp_gain":0,"max_hp_loss":0,"event_name":"The Cleric","floor":12,"gold_loss":0},{"damage_healed":0,"gold_gain":0,"player_choice":"Entered Light","damage_taken":23,"max_hp_gain":0,"max_hp_loss":0,"event_name":"Shining Light","floor":13,"gold_loss":0,"cards_upgraded":["Defend_R","Defend_R"]}],"is_beta":true,"boss_relics":[],"items_purged_floors":[5],"is_endless":false,"potions_floor_spawned":[1,7,11],"killed_by":"Hexaghost","ascension_level":20}