{"path_per_floor":["M","?","$","M","M","R","M","R","T","?","E","R","M","M","R","B",null,"M","M","$"],"character_chosen":"THE_SILENT","items_purchased":["Infinite Blades","Mummified Hand","Strength Potion","Swift Potion"],"gold_per_floor":[215,215,107,127,140,140,164,164,187,287,318,318,341,341,341,466,466,480,501,60,60],"floor_reached":21,"campfire_rested":1,"playtime":2535,"current_hp_per_floor":[69,69,69,68,64,64,55,55,55,55,41,62,55,55,55,39,70,42,3,3,0],"items_purged":["Injury","Strike_G"],"gold":60,"score":208,"play_id":"edc7a93e-39b6-49b8-8789-1d0e82fc0430","local_time":"20180513192811","is_prod":false,"is_daily":false,"chose_seed":false,"is_ascension_mode":true,"campfire_upgraded":3,"timestamp":1526232491,"path_taken":["M","?","$","M","M","R","M","R","T","?","E","R","M","M","R","BOSS","M","M","$","M"],"build_version":"2018-05-10","seed_source_timestamp":376943075199488,"purchased_purges":2,"victory":false,"master_deck":["Defend_G","Defend_G","Defend_G","Defend_G","Defend_G","Strike_G+1","Strike_G","Strike_G+1","Strike_G","Survivor","Neutralize+1","Outmaneuver","Infinite Blades+1","Malaise","Dagger Spray","Accuracy+1","Quick Slash","Flying Knee","Storm of Steel","Prepared","Backflip"],"max_hp_per_floor":[70,70,70,70,70,70,70,70,70,70,70,70,70,70,70,70,70,70,70,70,70],"relics":["Ring of the Snake","Golden Idol","Whetstone","Dream Catcher","Black Star","Mummified Hand"],"card_choices":[{"not_picked":["Poisoned Stab","Sucker Punch"],"picked":"Outmaneuver","floor":1},{"not_picked":["Leg Sweep","Eviscerate"],"picked":"Malaise","floor":4},{"not_picked":["Dash","Dodge and Roll"],"picked":"Dagger Spray","floor":5},{"not_picked":["Prepared","Deadly Poison"],"picked":"Accuracy","floor":7},{"not_picked":["PiercingWail","Poisoned Stab"],"picked":"Quick Slash","floor":11},{"not_picked":["Choke","Poisoned Stab"],"picked":"Flying Knee","floor":12},{"not_picked":["Doppelganger","Bullet Time"],"picked":"Storm of Steel","floor":16},{"not_picked":["Underhanded Strike","Endless Agony"],"picked":"Prepared","floor":18},{"not_picked":["Underhanded Strike","Crippling Poison"],"picked":"Backflip","floor":19}],"player_experience":167117,"potions_floor_usage":[11,14,16,21,21],"damage_taken":[{"damage":1,"enemies":"Small Slimes","floor":1,"turns":4},{"damage":1,"enemies":"Jaw Worm","floor":4,"turns":5},{"damage":4,"enemies":"Cultist","floor":5,"turns":6},{"damage":9,"enemies":"Blue Slaver","floor":7,"turns":6},{"damage":14,"enemies":"3 Sentries","floor":11,"turns":8},{"damage":7,"enemies":"Gremlin Gang","floor":13,"turns":3},{"damage":0,"enemies":"Lots of Slimes","floor":14,"turns":1},{"damage":16,"enemies":"Hexaghost","floor":16,"turns":11},{"damage":28,"enemies":"Spheric Guardian","floor":18,"turns":5},{"damage":39,"enemies":"Chosen","floor":19,"turns":6},{"damage":3,"enemies":"Slaver and Parasite","floor":21,"turns":1}],"event_choices":[{"event_name":"Golden Idol","player_choice":"Take Wound","floor":2,"damage_taken":0},{"event_name":"Wheel of Change","player_choice":"Gold","floor":10,"damage_taken":0}],"boss_relics":[{"not_picked":["Orrery","Cursed Key"],"picked":"Black Star"}],"potions_floor_spawned":[1,7,13,14],"seed_played":"-3152328856058406616","killed_by":"Slaver and Parasite","ascension_level":3,"is_trial":false}