{"gold_per_floor":[219,22,33,50,61,61,90,90,90,102,102,120,120,138,138,212,212,230,230,17,17,32,32,57,69,106,143,155,167,204,216,228,317,329,354,382,412,424,136,136,116,116,171,197,197,209,223,236,236,236],"floor_reached":50,"playtime":3436,"items_purged":["Decay","Doubt"],"score":996,"play_id":"61af24d5-beaf-49c0-a0eb-ea2b0610aafb","local_time":"20180802193522","is_ascension_mode":true,"campfire_choices":[{"data":"Streamline","floor":6,"key":"SMITH"},{"data":"Zap","floor":13,"key":"SMITH"},{"data":"Dualcast","floor":15,"key":"SMITH"},{"data":"Hologram","floor":23,"key":"SMITH"},{"floor":25,"key":"REST"},{"floor":29,"key":"REST"},{"data":"Rainbow","floor":32,"key":"SMITH"},{"data":"Coolheaded","floor":40,"key":"SMITH"},{"data":"Amplify","floor":42,"key":"SMITH"},{"data":"Creative AI","floor":45,"key":"SMITH"},{"floor":49,"key":"REST"}],"neow_cost":"NONE","seed_source_timestamp":529471185935353,"circlet_count":0,"master_deck":["Defend_B","Defend_B","Defend_B","Defend_B","Zap+1","Dualcast+1","AscendersBane","Streamline+1","Cold Snap","White Noise","Hello World","Conserve Battery","Coolheaded+1","Compile Driver+1","Beam Cell+1","Fission","Cold Snap+1","BootSequence","Hologram+1","Cold Snap+1","Self Repair+1","Core Surge+1","Go for the Eyes+1","Defragment+1","Rainbow+1","Iron Wave","All For One+1","Melter+1","Capacitor+1","Genetic Algorithm+1","Stack+1","Leap+1","Hologram+1","Amplify+1","Blizzard+1","Pain","Creative AI+1","Fusion"],"relics":["Cracked Core","Anchor","Matryoshka","Molten Egg 2","Symbiotic Virus","Question Card","Cables","Cursed Key","MawBank","DataDisk","Singing Bowl","Vajra","Astrolabe","Boot","Strawberry"],"potions_floor_usage":[16,16,27,27,50],"damage_taken":[{"damage":1,"enemies":"Cultist","floor":1,"turns":3},{"damage":0,"enemies":"2 Louse","floor":3,"turns":3},{"damage":0,"enemies":"Small Slimes","floor":4,"turns":3},{"damage":0,"enemies":"Exordium Wildlife","floor":5,"turns":5},{"damage":11,"enemies":"Lagavulin","floor":7,"turns":6},{"damage":0,"enemies":"Looter","floor":10,"turns":3},{"damage":0,"enemies":"2 Fungi Beasts","floor":12,"turns":3},{"damage":0,"enemies":"3 Louse","floor":14,"turns":2},{"damage":2,"enemies":"Slime Boss","floor":16,"turns":7},{"damage":15,"enemies":"Spheric Guardian","floor":18,"turns":4},{"damage":0,"enemies":"3 Byrds","floor":22,"turns":3},{"damage":47,"enemies":"Book of Stabbing","floor":24,"turns":5},{"damage":25,"enemies":"Slavers","floor":27,"turns":6},{"damage":1,"enemies":"Book of Stabbing","floor":30,"turns":5},{"damage":7,"enemies":"Champ","floor":33,"turns":12},{"damage":8,"enemies":"3 Shapes","floor":35,"turns":10},{"damage":6,"enemies":"Orb Walker","floor":36,"turns":5},{"damage":13,"enemies":"3 Darklings","floor":37,"turns":8},{"damage":12,"enemies":"Nemesis","floor":44,"turns":5},{"damage":33,"enemies":"Transient","floor":46,"turns":5},{"damage":4,"enemies":"Maw","floor":47,"turns":8},{"damage":9,"enemies":"Spire Growth","floor":48,"turns":4},{"damage":62,"enemies":"Donu and Deca","floor":50,"turns":6}],"seed_played":"845596204117270042","potions_obtained":[{"floor":3,"key":"FearPotion"},{"floor":4,"key":"Poison Potion"},{"floor":12,"key":"AttackPotion"},{"floor":16,"key":"FearPotion"},{"floor":18,"key":"Poison Potion"},{"floor":35,"key":"SpeedPotion"},{"floor":36,"key":"Swift Potion"},{"floor":41,"key":"FearPotion"}],"is_trial":false,"path_per_floor":["M","$","M","M","M","R","E","?","T","M","T","M","R","M","R","B",null,"M","?","$","$","M","R","E","R","T","E","?","R","E","?","R","B",null,"M","M","M","?","$","R","?","R","T","E","R","M","M","M","R"],"character_chosen":"DEFECT","items_purchased":["Cold Snap","Anchor","BootSequence","Hologram","Cold Snap+1","Amplify","Blizzard+1"],"campfire_rested":3,"item_purchase_floors":[2,2,20,20,20,39,39],"current_hp_per_floor":[63,63,63,63,63,63,52,52,52,52,52,52,52,52,52,50,66,51,51,51,51,51,51,14,35,35,27,27,48,57,57,57,60,68,70,71,68,68,68,68,68,68,68,63,63,32,40,31,55,0],"gold":236,"neow_bonus":"HUNDRED_GOLD","is_prod":false,"is_daily":false,"chose_seed":false,"campfire_upgraded":8,"win_rate":0,"timestamp":1533263722,"path_taken":["M","$","M","M","?","R","E","?","T","M","?","M","R","M","R","BOSS","M","?","?","$","M","R","E","R","T","E","?","R","E","?","R","BOSS","M","M","M","?","$","R","?","R","T","E","R","M","?","M","R","BOSS"],"build_version":"2018-08-01","purchased_purges":2,"victory":false,"max_hp_per_floor":[71,71,71,71,71,71,71,71,71,71,71,71,71,71,71,71,71,71,71,71,71,71,71,71,71,71,71,71,71,71,71,71,71,71,71,71,71,71,71,71,71,71,71,78,78,80,82,82,82,82],"card_choices":[{"not_picked":["Rebound","Go for the Eyes"],"picked":"Streamline","floor":1},{"not_picked":["Compile Driver","Steam Power"],"picked":"White Noise","floor":3},{"not_picked":["Gash","Double Energy"],"picked":"Hello World","floor":4},{"not_picked":["Stack","Auto Shields"],"picked":"Conserve Battery","floor":5},{"not_picked":["Stack","Barrage"],"picked":"Coolheaded","floor":7},{"not_picked":["Barrage+1","Fusion"],"picked":"Hello World","floor":10},{"not_picked":["Reprogram","Storm","Blizzard+1"],"picked":"Compile Driver+1","floor":12},{"not_picked":["Steam Power","Steam","Ball Lightning+1"],"picked":"Beam Cell+1","floor":14},{"not_picked":["Meteor Strike+1","Core Surge+1","Electrodynamics"],"picked":"Fission","floor":16},{"not_picked":["Recycle","Compile Driver+1","Go for the Eyes+1"],"picked":"Cold Snap+1","floor":18},{"not_picked":["Ball Lightning+1","Rebound+1","Barrage+1"],"picked":"Self Repair+1","floor":22},{"not_picked":["Fusion","Gash+1","Sweeping Beam+1"],"picked":"Core Surge+1","floor":24},{"not_picked":["BootSequence","Chaos+1","Ball Lightning+1"],"picked":"Go for the Eyes+1","floor":27},{"not_picked":["Conserve Battery","Beam Cell+1","Rebound+1"],"picked":"Rainbow","floor":30},{"not_picked":["Hyperbeam+1","Creative AI","Buffer"],"picked":"All For One+1","floor":33},{"not_picked":["Turbo","Sweeping Beam+1","Self Repair+1"],"picked":"Stack+1","floor":35},{"not_picked":["BootSequence","Meteor Strike+1","Fusion+1"],"picked":"Leap+1","floor":36},{"not_picked":["Turbo+1","Leap","Genetic Algorithm"],"picked":"Hologram+1","floor":37},{"not_picked":["Coolheaded","Biased Cognition","Stack"],"picked":"Creative AI","floor":44},{"not_picked":["Streamline+1","Tempest","Coolheaded","Reprogram"],"picked":"Singing Bowl","floor":46},{"not_picked":["Barrage+1","Sweeping Beam+1","Rebound+1","Hologram"],"picked":"Singing Bowl","floor":47},{"not_picked":["White Noise","Conserve Battery+1","Barrage+1"],"picked":"Fusion","floor":48}],"player_experience":709468,"relics_obtained":[{"floor":7,"key":"Matryoshka"},{"floor":9,"key":"Molten Egg 2"},{"floor":9,"key":"Symbiotic Virus"},{"floor":11,"key":"Question Card"},{"floor":11,"key":"Cables"},{"floor":24,"key":"MawBank"},{"floor":26,"key":"DataDisk"},{"floor":27,"key":"Singing Bowl"},{"floor":30,"key":"Vajra"},{"floor":43,"key":"Boot"},{"floor":44,"key":"Strawberry"}],"event_choices":[{"event_name":"Purifier","player_choice":"One Purge","floor":8,"damage_taken":0},{"event_name":"Forgotten Altar","player_choice":"Smashed Altar","floor":19,"damage_taken":0},{"event_name":"The Library","player_choice":"Read","floor":28,"damage_taken":0},{"event_name":"NoteForYourself","player_choice":"Took Card","floor":31,"damage_taken":0},{"event_name":"Upgrade Shrine","player_choice":"Upgraded","floor":38,"damage_taken":0},{"event_name":"The Woman in Blue","player_choice":"Bought 1 Potion","floor":41,"damage_taken":0}],"is_beta":true,"boss_relics":[{"not_picked":["Pandora\u0027s Box","White Beast Statue"],"picked":"Cursed Key"},{"not_picked":["FrozenCore","Empty Cage"],"picked":"Astrolabe"}],"items_purged_floors":[20,39],"is_endless":false,"potions_floor_spawned":[3,4,5,12,14,16,18,22,35,36,44],"killed_by":"Donu and Deca","ascension_level":15}