{"gold_per_floor":[112,187,187,187,187,187,197,52,123,273,57,57,57,29,29,122,122,142,165,90,90,111,111,111],"floor_reached":24,"playtime":405,"items_purged":["Doubt"],"score":460,"play_id":"ae65a756-968b-4cfb-b585-00578e32889e","local_time":"20190120004646","is_ascension_mode":true,"campfire_choices":[{"data":"Shrug It Off","floor":6,"key":"SMITH"},{"data":"True Grit","floor":13,"key":"SMITH"},{"data":"Armaments","floor":15,"key":"SMITH"},{"data":"Dual Wield","floor":23,"key":"SMITH"}],"neow_cost":"NONE","seed_source_timestamp":2360123608882,"circlet_count":0,"master_deck":["AscendersBane","Strike_R+1","Strike_R+1","Strike_R+1","Defend_R+1","Defend_R+1","Defend_R+1","Bash+1","Shrug It Off+1","Shrug It Off+1","Body Slam","Power Through","Armaments+1","True Grit+1","Metallicize","Thunderclap+1","Immolate+1","Dual Wield+1","Pommel Strike+1","Flex+1"],"relics":["Burning Blood","NeowsBlessing","Molten Egg 2","Golden Idol","Sozu"],"potions_floor_usage":[],"damage_taken":[{"damage":0,"enemies":"2 Louse","floor":1,"turns":1},{"damage":0,"enemies":"Jaw Worm","floor":7,"turns":1},{"damage":0,"enemies":"The Guardian","floor":16,"turns":1},{"damage":15,"enemies":"3 Byrds","floor":18,"turns":6},{"damage":20,"enemies":"Spheric Guardian","floor":19,"turns":7},{"damage":0,"enemies":"Centurion and Healer","floor":22,"turns":5},{"damage":47,"enemies":"Book of Stabbing","floor":24,"turns":4}],"seed_played":"3987766143205014116","potions_obtained":[],"is_trial":false,"path_per_floor":["M","?","?","?","?","R","M","$","T","?","$","?","R","$","R","B",null,"M","M","?","?","M","R","E"],"character_chosen":"IRONCLAD","items_purchased":["Power Through","Armaments","True Grit","Metallicize","Thunderclap+1"],"campfire_rested":0,"item_purchase_floors":[8,8,11,11,14],"current_hp_per_floor":[74,63,56,33,33,33,39,39,39,39,39,39,39,39,39,45,62,53,39,39,39,45,45,0],"gold":111,"neow_bonus":"THREE_ENEMY_KILL","is_prod":false,"is_daily":false,"chose_seed":true,"campfire_upgraded":4,"win_rate":0,"timestamp":1547974006,"path_taken":["M","?","?","?","?","R","?","$","T","?","$","?","R","$","R","BOSS","M","M","?","?","M","R","E"],"build_version":"2019-01-17","purchased_purges":1,"victory":false,"max_hp_per_floor":[75,75,75,75,75,75,75,75,75,75,75,68,68,68,68,68,68,68,68,68,68,68,68,68],"card_choices":[{"not_picked":["Flex","Iron Wave"],"picked":"Shrug It Off","floor":1},{"not_picked":["Flex","Anger"],"picked":"Body Slam","floor":7},{"not_picked":["Double Tap","Limit Break"],"picked":"Immolate+1","floor":16},{"not_picked":["Metallicize","Twin Strike+1"],"picked":"Dual Wield","floor":18},{"not_picked":["Iron Wave+1","Rupture"],"picked":"Pommel Strike+1","floor":19},{"not_picked":["Thunderclap+1","Twin Strike+1"],"picked":"Flex+1","floor":22}],"player_experience":1035490,"relics_obtained":[{"floor":9,"key":"Molten Egg 2"}],"event_choices":[{"damage_healed":0,"gold_gain":75,"player_choice":"Gather Gold","damage_taken":11,"max_hp_gain":0,"max_hp_loss":0,"event_name":"World of Goop","floor":2,"gold_loss":0},{"cards_removed":["Strike_R"],"damage_healed":0,"gold_gain":0,"player_choice":"Card Removal","damage_taken":7,"max_hp_gain":0,"max_hp_loss":0,"event_name":"Golden Wing","floor":3,"gold_loss":0},{"damage_healed":0,"gold_gain":0,"player_choice":"Entered Light","damage_taken":23,"max_hp_gain":0,"max_hp_loss":0,"event_name":"Shining Light","floor":4,"gold_loss":0,"cards_upgraded":["Shrug It Off","Bash"]},{"damage_healed":0,"gold_gain":0,"cards_transformed":["Defend_R"],"player_choice":"Transformed","damage_taken":0,"max_hp_gain":0,"max_hp_loss":0,"event_name":"Transmorgrifier","floor":5,"gold_loss":0,"cards_obtained":["Shrug It Off"]},{"damage_healed":0,"gold_gain":150,"player_choice":"AGREE","damage_taken":0,"max_hp_gain":0,"max_hp_loss":0,"event_name":"Liars Game","floor":10,"gold_loss":0,"cards_obtained":["Doubt"]},{"damage_healed":0,"gold_gain":0,"player_choice":"Lose Max HP","damage_taken":0,"relics_obtained":["Golden Idol"],"max_hp_gain":0,"max_hp_loss":7,"event_name":"Golden Idol","floor":12,"gold_loss":0},{"cards_removed":["Strike_R"],"damage_healed":0,"gold_gain":0,"player_choice":"Gave Gold","damage_taken":0,"max_hp_gain":0,"max_hp_loss":0,"event_name":"Beggar","floor":20,"gold_loss":75},{"damage_healed":0,"gold_gain":0,"player_choice":"Simplicity","damage_taken":0,"max_hp_gain":0,"max_hp_loss":0,"event_name":"Back to Basics","floor":21,"gold_loss":0,"cards_upgraded":["Strike_R","Strike_R","Strike_R","Defend_R","Defend_R","Defend_R"]}],"is_beta":true,"boss_relics":[{"not_picked":["Black Blood","Tiny House"],"picked":"Sozu"}],"items_purged_floors":[11],"is_endless":false,"potions_floor_spawned":[18],"killed_by":"Book of Stabbing","ascension_level":20}