{"gold_per_floor":[164,164,164,179,179,213,56,56,102,14,34,69,89,114,114,243,243,264,363,333,11,27,27,27,27,84,115,148,248,248,273,273,273],"floor_reached":33,"playtime":1289,"items_purged":["Strike_R","Strike_R+1","Strike_R+1"],"score":312,"play_id":"a6390b5b-c325-4265-8d7d-4b3b2eb1977b","local_time":"20190223125718","is_ascension_mode":true,"campfire_choices":[{"data":"Armaments","floor":15.0,"key":"SMITH"},{"data":"Discovery","floor":23,"key":"SMITH"},{"data":"True Grit","floor":25,"key":"SMITH"},{"floor":30,"key":"REST"},{"floor":32,"key":"REST"}],"neow_cost":"NONE","seed_source_timestamp":7790002003084,"circlet_count":0,"master_deck":["Strike_R+1","Defend_R","Defend_R","Defend_R","Defend_R","Bash","Armaments+1","Shrug It Off","Flame Barrier","Discovery+1","Disarm","Shrug It Off","Shrug It Off","Double Tap","Shrug It Off","True Grit+1"],"special_seed":0,"relics":["Tiny House","Golden Idol","Anchor","StoneCalendar","MawBank","Pocketwatch","Sozu","Membership Card","Nilry\u0027s Codex","Tiny Chest","Smiling Mask","Red Mask"],"potions_floor_usage":[28],"damage_taken":[{"damage":1.0,"enemies":"Cultist","floor":1.0,"turns":3.0},{"damage":2.0,"enemies":"Small Slimes","floor":4.0,"turns":4.0},{"damage":6.0,"enemies":"3 Sentries","floor":6.0,"turns":7.0},{"damage":0.0,"enemies":"Jaw Worm","floor":11.0,"turns":3.0},{"damage":22.0,"enemies":"Gremlin Nob","floor":12.0,"turns":4.0},{"damage":0.0,"enemies":"3 Louse","floor":13.0,"turns":6.0},{"damage":8.0,"enemies":"Lots of Slimes","floor":14.0,"turns":5.0},{"damage":13.0,"enemies":"The Guardian","floor":16.0,"turns":11.0},{"damage":3.0,"enemies":"3 Byrds","floor":18.0,"turns":4.0},{"damage":3.0,"enemies":"2 Thieves","floor":20.0,"turns":5.0},{"damage":0,"enemies":"Shelled Parasite and Fungi","floor":22,"turns":8},{"damage":11,"enemies":"Book of Stabbing","floor":27,"turns":7},{"damage":23,"enemies":"Masked Bandits","floor":28,"turns":7},{"damage":0,"enemies":"3 Cultists","floor":31,"turns":4},{"damage":85,"enemies":"Collector","floor":33,"turns":7}],"seed_played":"-8768354285415829707","potions_obtained":[{"floor":0.0,"key":"Explosive Potion"},{"floor":1.0,"key":"Ancient Potion"},{"floor":4.0,"key":"Energy Potion"},{"floor":13.0,"key":"Strength Potion"},{"floor":14.0,"key":"Explosive Potion"}],"is_trial":false,"path_per_floor":["M","?","?","M","?","E","$","?","T","$","M","E","M","M","R","B",null,"M","?","M","$","M","R","?","R","T","E","?","?","R","M","R","B"],"character_chosen":"IRONCLAD","items_purchased":["Discovery","Membership Card","Shrug It Off","True Grit"],"campfire_rested":2,"item_purchase_floors":[7,21,21,21],"current_hp_per_floor":[84,79,79,77,61,55,55,55,55,55,55,33,33,25,25,12,79,76,76,73,73,73,73,57,57,57,46,23,23,46,46,69,0],"gold":273,"neow_bonus":"BOSS_RELIC","is_prod":false,"is_daily":false,"chose_seed":false,"campfire_upgraded":3,"win_rate":0,"timestamp":1550955438,"path_taken":["M","?","?","?","?","E","$","?","T","$","?","E","M","M","R","BOSS","M","?","M","$","M","R","?","R","T","E","?","?","R","?","R","BOSS"],"build_version":"2019-02-06","purchased_purges":3,"victory":false,"max_hp_per_floor":[85,79,79,79,79,79,79,79,79,79,79,79,79,79,79,79,79,79,79,79,79,79,79,79,79,79,79,79,79,79,79,79,79],"card_choices":[{"not_picked":["Rupture","Intimidate"],"picked":"Armaments","floor":0.0},{"not_picked":["Body Slam","Heavy Blade"],"picked":"Shrug It Off","floor":4.0},{"not_picked":["Reckless Charge","Dual Wield"],"picked":"Flame Barrier","floor":6.0},{"not_picked":["Burning Pact","Second Wind","Havoc"],"picked":"SKIP","floor":11.0},{"not_picked":["Anger","Whirlwind"],"picked":"Disarm","floor":12.0},{"not_picked":["Iron Wave","Headbutt"],"picked":"Shrug It Off","floor":13.0},{"not_picked":["Wild Strike","Warcry"],"picked":"Shrug It Off","floor":14.0},{"not_picked":["Barricade","Limit Break"],"picked":"Double Tap","floor":16.0},{"not_picked":["Rampage+1","Corruption","Twin Strike"],"picked":"SKIP","floor":18.0},{"not_picked":["Rampage+1","Corruption","Twin Strike"],"picked":"SKIP","floor":18.0},{"not_picked":["Combust","Heavy Blade+1","Perfected Strike+1"],"picked":"SKIP","floor":20.0},{"not_picked":["Anger","Sentinel","Clothesline"],"picked":"SKIP","floor":22},{"not_picked":["Pommel Strike","Carnage","Iron Wave"],"picked":"SKIP","floor":27},{"not_picked":["Flex","Havoc","Pummel"],"picked":"SKIP","floor":31}],"player_experience":1208582,"relics_obtained":[{"floor":6.0,"key":"StoneCalendar"},{"floor":9.0,"key":"MawBank"},{"floor":12.0,"key":"Pocketwatch"},{"floor":24,"key":"Nilry\u0027s Codex"},{"floor":26,"key":"Tiny Chest"},{"floor":27,"key":"Smiling Mask"},{"floor":28,"key":"Red Mask"}],"event_choices":[{"damage_healed":0.0,"max_hp_gain":0.0,"max_hp_loss":6.0,"gold_gain":0.0,"event_name":"Golden Idol","player_choice":"Lose Max HP","floor":2.0,"gold_loss":0.0,"damage_taken":0.0,"relics_obtained":["Golden Idol"]},{"damage_healed":0.0,"max_hp_gain":0.0,"max_hp_loss":0.0,"gold_gain":0.0,"event_name":"WeMeetAgain","player_choice":"Gave Potion","floor":3.0,"gold_loss":0.0,"damage_taken":0.0,"relics_obtained":["Anchor"]},{"damage_healed":0.0,"max_hp_gain":0.0,"max_hp_loss":0.0,"gold_gain":0.0,"event_name":"Shining Light","player_choice":"Entered Light","floor":5.0,"gold_loss":0.0,"damage_taken":16.0,"cards_upgraded":["Strike_R","Strike_R"]},{"cards_removed":["Strike_R"],"damage_healed":0.0,"max_hp_gain":0.0,"max_hp_loss":0.0,"gold_gain":0.0,"event_name":"Purifier","player_choice":"Purged","floor":8.0,"gold_loss":0.0,"damage_taken":0.0},{"damage_healed":0.0,"max_hp_gain":0.0,"max_hp_loss":0.0,"gold_gain":99.0,"event_name":"Nest","player_choice":"Stole From Cult","floor":19.0,"gold_loss":0.0,"damage_taken":0.0},{"damage_healed":0,"gold_gain":0,"player_choice":"Obtained Book","damage_taken":16,"max_hp_gain":0,"max_hp_loss":0,"event_name":"Cursed Tome","floor":24,"gold_loss":0},{"damage_healed":0,"gold_gain":0,"player_choice":"Fought Bandits","damage_taken":0,"max_hp_gain":0,"max_hp_loss":0,"event_name":"Masked Bandits","floor":28,"gold_loss":0},{"damage_healed":0,"gold_gain":100,"player_choice":"Pray","damage_taken":0,"max_hp_gain":0,"max_hp_loss":0,"event_name":"Golden Shrine","floor":29,"gold_loss":0}],"is_beta":true,"boss_relics":[{"not_picked":["Busted Crown","Pandora\u0027s Box"],"picked":"Sozu"}],"items_purged_floors":[7,10,21],"is_endless":false,"potions_floor_spawned":[1,4,13,14,20,22,27],"killed_by":"Collector","ascension_level":1}