{"path_per_floor":["M","M","M","?","?","E","R","M","T","M","M","E","?","M","R","B",null,"M","M","?","$","M"],"character_chosen":"THE_SILENT","items_purchased":["Apotheosis","Slice"],"gold_per_floor":[13,32,42,42,42,67,67,84,132,149,159,189,189,207,207,310,310,326,345,345,25,38,38],"floor_reached":23,"campfire_rested":2,"playtime":1618,"item_purchase_floors":[21,21],"current_hp_per_floor":[69,69,63,68,61,43,65,56,56,51,51,30,30,27,49,27,75,62,32,32,32,25,0],"items_purged":["Strike_G"],"gold":38,"score":230,"play_id":"189cd4d9-c6fc-401f-a06c-9e5258ee9724","local_time":"20180605124557","is_prod":false,"is_daily":false,"chose_seed":false,"is_ascension_mode":false,"campfire_upgraded":0,"win_rate":0.0,"timestamp":1528217157,"campfire_choices":[{"floor":7,"key":"REST"},{"floor":15,"key":"REST"}],"path_taken":["M","M","M","?","?","E","R","M","T","M","M","E","?","M","R","BOSS","M","M","?","$","M","E"],"build_version":"2018-05-31","seed_source_timestamp":9034100655121,"purchased_purges":1,"victory":false,"master_deck":["Defend_G","Defend_G","Defend_G","Defend_G","Strike_G","Strike_G","Survivor","Neutralize","Poisoned Stab","Deflect","Slice","Choke","Dagger Throw","Infinite Blades+1","A Thousand Cuts","Deflect","Deflect","Night Terror","Dagger Spray","Calculated Gamble","Blade Dance","Sucker Punch","Distraction","A Thousand Cuts","Apotheosis","Slice","Deflect"],"max_hp_per_floor":[70,70,70,75,75,75,75,75,75,75,75,75,75,75,75,75,75,75,75,75,75,75,75],"relics":["Ring of the Snake","Mercury Hourglass","Juzu Bracelet","Lantern","Orrery"],"card_choices":[{"not_picked":["Masterful Stab","Malaise"],"picked":"Poisoned Stab","floor":1},{"not_picked":["Underhanded Strike","Quick Slash"],"picked":"Deflect","floor":2},{"not_picked":["Quick Slash","Endless Agony"],"picked":"Slice","floor":3},{"not_picked":["Outmaneuver","Acrobatics"],"picked":"Choke","floor":6},{"not_picked":["Dash","Poisoned Stab"],"picked":"Dagger Throw","floor":8},{"not_picked":["Bane","Dodge and Roll"],"picked":"Infinite Blades","floor":10},{"not_picked":["Flechettes","PiercingWail"],"picked":"A Thousand Cuts","floor":11},{"not_picked":["Poisoned Stab","Sucker Punch"],"picked":"Deflect","floor":12},{"not_picked":["All Out Attack","Sucker Punch"],"picked":"Deflect","floor":14},{"not_picked":["Corpse Explosion","Tactician"],"picked":"Night Terror","floor":16},{"not_picked":["PiercingWail","Deflect"],"picked":"Dagger Spray","floor":17},{"not_picked":["Backflip","Corpse Explosion"],"picked":"Calculated Gamble","floor":17},{"not_picked":["Crippling Poison","Dagger Throw"],"picked":"Blade Dance","floor":17},{"not_picked":["Poisoned Stab","Quick Slash"],"picked":"Sucker Punch","floor":17},{"not_picked":["Poisoned Stab","Outmaneuver"],"picked":"Distraction","floor":18},{"not_picked":["Dodge and Roll","Prepared+1"],"picked":"A Thousand Cuts","floor":19},{"not_picked":["Deadly Poison","Acrobatics"],"picked":"Deflect","floor":22}],"player_experience":52960,"potions_floor_usage":[6,12,16,23,23,23,23,23],"damage_taken":[{"damage":1,"enemies":"2 Louse","floor":1,"turns":3},{"damage":0,"enemies":"Small Slimes","floor":2,"turns":3},{"damage":6,"enemies":"Jaw Worm","floor":3,"turns":4},{"damage":18,"enemies":"3 Sentries","floor":6,"turns":11},{"damage":9,"enemies":"Large Slime","floor":8,"turns":5},{"damage":5,"enemies":"Looter","floor":10,"turns":2},{"damage":0,"enemies":"3 Louse","floor":11,"turns":3},{"damage":21,"enemies":"Gremlin Nob","floor":12,"turns":5},{"damage":3,"enemies":"Blue Slaver","floor":14,"turns":3},{"damage":22,"enemies":"Slime Boss","floor":16,"turns":7},{"damage":13,"enemies":"Chosen","floor":18,"turns":3},{"damage":30,"enemies":"2 Thieves","floor":19,"turns":4},{"damage":7,"enemies":"Chosen and Byrds","floor":22,"turns":5},{"damage":30,"enemies":"Book of Stabbing","floor":23,"turns":4}],"relics_obtained":[{"floor":6,"key":"Mercury Hourglass"},{"floor":9,"key":"Juzu Bracelet"},{"floor":12,"key":"Lantern"}],"event_choices":[{"event_name":"Big Fish","player_choice":"Donut","floor":4,"damage_taken":0},{"event_name":"Golden Wing","player_choice":"Card Removal","floor":5,"damage_taken":0},{"event_name":"Living Wall","player_choice":"Grow","floor":13,"damage_taken":0},{"event_name":"Vampires","player_choice":"Ignored","floor":20,"damage_taken":0}],"boss_relics":[{"not_picked":["Lizard Tail","Snecko Eye"],"picked":"Orrery"}],"items_purged_floors":[21],"potions_floor_spawned":[1,3,8,12,14,18,19],"seed_played":"-570000570927565447","killed_by":"Book of Stabbing","ascension_level":0,"potions_obtained":[{"floor":1,"key":"Ancient Potion"},{"floor":3,"key":"EssenceOfSteel"},{"floor":8,"key":"GhostInAJar"},{"floor":12,"key":"Block Potion"},{"floor":14,"key":"Swift Potion"},{"floor":18,"key":"Strength Potion"},{"floor":19,"key":"EntropicBrew"}],"is_trial":false}