{"gold_per_floor":[112,37,37,312,328,366,366,406,406,427,427,427,4,24,24,119,119,93,93,93],"floor_reached":20,"playtime":584,"items_purged":["Regret"],"score":410,"play_id":"52cfaf0c-06c2-4c79-bad4-949d8260fa85","local_time":"20181205172337","is_ascension_mode":true,"campfire_choices":[{"data":"Cold Snap","floor":7.0,"key":"SMITH"},{"data":"Double Energy","floor":11.0,"key":"SMITH"},{"data":"Leap","floor":15.0,"key":"SMITH"}],"neow_cost":"NONE","seed_source_timestamp":4183754349084,"circlet_count":0,"master_deck":["AscendersBane","Defend_B","Defend_B","Defend_B","Defend_B","Zap+1","Dualcast","Leap+1","Conserve Battery","Cold Snap+1","Seek","Double Energy+1","Cold Snap","Leap","White Noise","Fission","Self Repair+1","Go for the Eyes+1","Fusion+1","Glacier"],"special_seed":0,"relics":["Cracked Core","NeowsBlessing","Golden Idol","Letter Opener","Singing Bowl","Ice Cream","Mercury Hourglass","Astrolabe"],"potions_floor_usage":[16,16],"damage_taken":[{"damage":0.0,"enemies":"2 Louse","floor":1.0,"turns":1.0},{"damage":0.0,"enemies":"Small Slimes","floor":5.0,"turns":1.0},{"damage":0.0,"enemies":"Gremlin Nob","floor":6.0,"turns":1.0},{"damage":25.0,"enemies":"Lagavulin","floor":8.0,"turns":9.0},{"damage":3.0,"enemies":"Jaw Worm","floor":10.0,"turns":4.0},{"damage":1.0,"enemies":"Red Slaver","floor":14.0,"turns":3.0},{"damage":10,"enemies":"The Guardian","floor":16,"turns":12},{"damage":24,"enemies":"2 Thieves","floor":18,"turns":4},{"damage":20,"enemies":"Chosen","floor":20,"turns":9}],"seed_played":"-1044597922000664345","potions_obtained":[{"floor":1.0,"key":"Weak Potion"},{"floor":6.0,"key":"EssenceOfSteel"},{"floor":14.0,"key":"SteroidPotion"}],"is_trial":false,"path_per_floor":["M","?","?","?","M","E","R","E","T","M","R","?","$","M","R","B",null,"M","?","M"],"character_chosen":"DEFECT","items_purchased":["Cold Snap","Mercury Hourglass","Leap"],"campfire_rested":0,"item_purchase_floors":[13,13,13],"current_hp_per_floor":[64,64,64,64,64,64,64,39,39,36,36,36,36,35,35,25,54,42,42,22],"gold":93,"neow_bonus":"THREE_ENEMY_KILL","is_prod":false,"is_daily":false,"chose_seed":false,"campfire_upgraded":3,"win_rate":0,"timestamp":1544059417,"path_taken":["M","?","?","?","?","E","R","E","T","M","R","?","?","M","R","BOSS","M","?","M"],"build_version":"2018-12-05","purchased_purges":1,"victory":false,"max_hp_per_floor":[71,71,64,64,64,64,64,64,64,64,64,64,64,64,64,64,64,66,66,66],"card_choices":[{"not_picked":["Undo","Compile Driver"],"picked":"Leap","floor":1.0},{"not_picked":["Capacitor","Redo"],"picked":"Conserve Battery","floor":5.0},{"not_picked":["Storm","Heatsinks"],"picked":"Cold Snap","floor":6.0},{"not_picked":["Coolheaded","Leap"],"picked":"Seek","floor":8.0},{"not_picked":["Streamline","Steam"],"picked":"Double Energy","floor":10.0},{"not_picked":["Cold Snap","Coolheaded"],"picked":"White Noise","floor":14.0},{"not_picked":["Seek","Machine Learning"],"picked":"Fission","floor":16},{"not_picked":["Redo","Compile Driver","Barrage"],"picked":"Singing Bowl","floor":18}],"player_experience":960221,"relics_obtained":[{"floor":6.0,"key":"Letter Opener"},{"floor":8.0,"key":"Singing Bowl"},{"floor":9.0,"key":"Ice Cream"}],"event_choices":[{"cards_removed":["Strike_B"],"damage_healed":0.0,"max_hp_gain":0.0,"max_hp_loss":0.0,"gold_gain":0.0,"event_name":"The Cleric","player_choice":"Card Removal","floor":2.0,"gold_loss":75.0,"damage_taken":0.0},{"damage_healed":0.0,"max_hp_gain":0.0,"max_hp_loss":7.0,"gold_gain":0.0,"event_name":"Golden Idol","player_choice":"Lose Max HP","floor":3.0,"gold_loss":0.0,"damage_taken":0.0,"relics_obtained":["Golden Idol"]},{"damage_healed":0.0,"max_hp_gain":0.0,"max_hp_loss":0.0,"gold_gain":275.0,"event_name":"Golden Shrine","player_choice":"Desecrate","floor":4.0,"gold_loss":0.0,"damage_taken":0.0,"cards_obtained":["Regret"]},{"damage_healed":0.0,"max_hp_gain":0.0,"max_hp_loss":0.0,"gold_gain":0.0,"event_name":"Living Wall","player_choice":"Grow","floor":12.0,"gold_loss":0.0,"damage_taken":0.0,"cards_upgraded":["Zap"]},{"damage_healed":0,"gold_gain":0,"player_choice":"Read","damage_taken":0,"max_hp_gain":0,"max_hp_loss":0,"event_name":"The Library","floor":19,"gold_loss":0,"cards_obtained":["Glacier"]}],"is_beta":true,"boss_relics":[{"not_picked":["Pandora\u0027s Box","Fusion Hammer"],"picked":"Astrolabe"}],"items_purged_floors":[13],"is_endless":false,"potions_floor_spawned":[1,6,14],"killed_by":"Chosen","ascension_level":20}