{"gold_per_floor":[115,40,215,232,307,333,333,353,380,405,428,444,444,465,465,465],"floor_reached":16,"playtime":761,"items_purged":["Strike_G"],"score":129,"play_id":"a6d52334-1c68-4f35-994a-5e5807b23bb2","local_time":"20190615175006","is_ascension_mode":false,"campfire_choices":[{"floor":13,"key":"RECALL"},{"floor":15,"key":"REST"}],"neow_cost":"NONE","seed_source_timestamp":326312983992586,"circlet_count":0,"master_deck":["Defend_G","Defend_G","Defend_G","Defend_G","Defend_G","Strike_G","Strike_G","Strike_G","Strike_G","Survivor","Neutralize","Blur","Doubt","Dagger Spray","Dodge and Roll","Endless Agony","Slice","Flechettes","Blade Dance"],"relics":["Ring of the Snake","NeowsBlessing","Lantern","Golden Idol","Smiling Mask"],"potions_floor_usage":[16],"damage_taken":[{"damage":0,"enemies":"Small Slimes","floor":1,"turns":1},{"damage":0,"enemies":"2 Louse","floor":4,"turns":2},{"damage":0,"enemies":"3 Sentries","floor":6,"turns":1},{"damage":6,"enemies":"Jaw Worm","floor":8,"turns":7},{"damage":14,"enemies":"Gremlin Gang","floor":10,"turns":6},{"damage":5,"enemies":"2 Fungi Beasts","floor":11,"turns":3},{"damage":3,"enemies":"Exordium Wildlife","floor":12,"turns":6},{"damage":9,"enemies":"Blue Slaver","floor":14,"turns":4},{"damage":44,"enemies":"Hexaghost","floor":16,"turns":13}],"seed_played":"7451862067245282128","potions_obtained":[{"floor":6,"key":"FearPotion"},{"floor":11,"key":"AttackPotion"},{"floor":14,"key":"Regen Potion"}],"is_trial":false,"path_per_floor":["M","$","?","M","?","E","?","M","T","M","M","M","R","M","R","B"],"character_chosen":"THE_SILENT","items_purchased":[],"campfire_rested":1,"item_purchase_floors":[],"current_hp_per_floor":[70,70,70,70,59,59,59,53,53,39,34,31,31,22,41,0],"gold":465,"neow_bonus":"THREE_ENEMY_KILL","is_prod":false,"is_daily":false,"chose_seed":false,"campfire_upgraded":0,"win_rate":0,"timestamp":1560639006,"path_taken":["M","$","?","M","?","E","?","M","T","?","M","M","R","M","R","BOSS"],"build_version":"2019-01-23","purchased_purges":1,"victory":false,"max_hp_per_floor":[70,70,70,70,70,70,65,65,65,65,65,65,65,65,65,65],"card_choices":[{"not_picked":["Flying Knee","Deflect"],"picked":"Blur","floor":1},{"not_picked":["Deadly Poison","Terror"],"picked":"Dagger Spray","floor":4},{"not_picked":["Concentrate","Deflect"],"picked":"Dodge and Roll","floor":6},{"not_picked":["Masterful Stab","Riddle With Holes"],"picked":"Endless Agony","floor":8},{"not_picked":["Acrobatics","Deadly Poison"],"picked":"Slice","floor":10},{"not_picked":["Predator","Distraction","Skewer"],"picked":"SKIP","floor":11},{"not_picked":["Underhanded Strike","Accuracy"],"picked":"Flechettes","floor":12},{"not_picked":["Outmaneuver","Bane"],"picked":"Blade Dance","floor":14}],"player_experience":819094,"relics_obtained":[{"floor":6,"key":"Lantern"},{"floor":9,"key":"Smiling Mask"}],"event_choices":[{"damage_healed":0,"gold_gain":175,"player_choice":"AGREE","damage_taken":0,"max_hp_gain":0,"max_hp_loss":0,"event_name":"Liars Game","floor":3,"gold_loss":0,"cards_obtained":["Doubt"]},{"damage_healed":0,"gold_gain":75,"player_choice":"Gather Gold","damage_taken":11,"max_hp_gain":0,"max_hp_loss":0,"event_name":"World of Goop","floor":5,"gold_loss":0},{"damage_healed":0,"gold_gain":0,"player_choice":"Lose Max HP","damage_taken":0,"relics_obtained":["Golden Idol"],"max_hp_gain":0,"max_hp_loss":5,"event_name":"Golden Idol","floor":7,"gold_loss":0}],"is_beta":false,"boss_relics":[],"items_purged_floors":[2],"is_endless":false,"potions_floor_spawned":[6,11,14],"killed_by":"Hexaghost","ascension_level":0}