{"gold_per_floor":[114,134,47,47,47,75,87,129,166,208,220,232],"floor_reached":12,"playtime":143,"items_purged":[],"score":218,"play_id":"96005af5-9986-45ed-9fdb-b7436ee6061c","local_time":"20190810235520","is_ascension_mode":true,"campfire_choices":[{"data":"Armaments","floor":7,"key":"SMITH"}],"neow_cost":"NONE","seed_source_timestamp":3217485087308,"circlet_count":0,"master_deck":["AscendersBane","Strike_R","Strike_R","Strike_R","Strike_R","Defend_R","Defend_R","Defend_R","Defend_R","Bash","Carnage","Clothesline","Flame Barrier","Armaments+1","Whirlwind","Battle Trance"],"relics":["Burning Blood","NeowsBlessing","MawBank","Incense Burner","Red Skull","Odd Mushroom","Golden Idol"],"potions_floor_usage":[12],"damage_taken":[{"damage":0,"enemies":"Jaw Worm","floor":1,"turns":1},{"damage":0,"enemies":"Small Slimes","floor":2,"turns":1},{"damage":0,"enemies":"3 Sentries","floor":6,"turns":2},{"damage":50,"enemies":"Gremlin Nob","floor":8,"turns":5},{"damage":7,"enemies":"The Mushroom Lair","floor":10,"turns":2},{"damage":0,"enemies":"Lagavulin","floor":12,"turns":2}],"seed_played":"7501758868669628213","potions_obtained":[{"floor":6,"key":"LiquidBronze"},{"floor":10,"key":"SkillPotion"}],"is_trial":false,"path_per_floor":["M","M","$","?","?","E","R","E","T","?","?","E"],"character_chosen":"IRONCLAD","items_purchased":["Flame Barrier"],"campfire_rested":0,"item_purchase_floors":[3],"current_hp_per_floor":[74,75,75,80,73,79,79,35,35,34,34,34],"gold":232,"neow_bonus":"THREE_ENEMY_KILL","is_prod":false,"is_daily":false,"chose_seed":false,"campfire_upgraded":1,"win_rate":0,"timestamp":1565506520,"path_taken":["M","M","$","?","?","E","R","E","T","?","?","E"],"build_version":"2019-07-18","purchased_purges":0,"victory":false,"max_hp_per_floor":[75,75,75,80,80,80,80,80,80,80,72,72],"card_choices":[{"not_picked":["Iron Wave","Perfected Strike"],"picked":"Carnage","floor":1},{"not_picked":["Wild Strike","Sword Boomerang"],"picked":"Clothesline","floor":2},{"not_picked":["Reckless Charge","Blood for Blood"],"picked":"Armaments","floor":6},{"not_picked":["Flex","Sentinel"],"picked":"Whirlwind","floor":8},{"not_picked":["Burning Pact","Clothesline"],"picked":"Battle Trance","floor":10}],"player_experience":1397449,"relics_obtained":[{"floor":6,"key":"MawBank"},{"floor":8,"key":"Incense Burner"},{"floor":9,"key":"Red Skull"},{"floor":10,"key":"Odd Mushroom"}],"event_choices":[{"damage_healed":0,"gold_gain":0,"player_choice":"Donut","damage_taken":0,"max_hp_gain":5,"max_hp_loss":0,"event_name":"Big Fish","floor":4,"gold_loss":0},{"cards_removed":["Strike_R"],"damage_healed":0,"gold_gain":0,"player_choice":"Card Removal","damage_taken":7,"max_hp_gain":0,"max_hp_loss":0,"event_name":"Golden Wing","floor":5,"gold_loss":0},{"damage_healed":0,"gold_gain":0,"player_choice":"Fought Mushrooms","damage_taken":0,"max_hp_gain":0,"max_hp_loss":0,"event_name":"Mushrooms","floor":10,"gold_loss":0},{"damage_healed":0,"gold_gain":0,"player_choice":"Lose Max HP","damage_taken":0,"relics_obtained":["Golden Idol"],"max_hp_gain":0,"max_hp_loss":8,"event_name":"Golden Idol","floor":11,"gold_loss":0}],"is_beta":true,"boss_relics":[],"items_purged_floors":[],"is_endless":false,"potions_floor_spawned":[6,10],"killed_by":"Lagavulin","ascension_level":20}