{"gold_per_floor":[114,414,433,185,201,228,243,268,291,291,291,139,150,161,161,240,240,255,255,80,90,90],"floor_reached":22,"playtime":532,"items_purged":["Defend_R","Pain","Strike_R"],"score":392,"play_id":"10eb9bff-5303-44a9-a1b8-42afe30048b9","local_time":"20190129000912","is_ascension_mode":true,"campfire_choices":[{"floor":11.0,"key":"REST"},{"data":"True Grit","floor":15.0,"key":"SMITH"}],"neow_cost":"NONE","seed_source_timestamp":0,"circlet_count":0,"master_deck":["AscendersBane","Strike_R+1","Strike_R","Strike_R","Strike_R","Defend_R","Defend_R","Defend_R","Bash","Heavy Blade","Flex","Heavy Blade+1","True Grit","True Grit+1","Flex","Flex","Battle Trance","Berserk","Disarm+1","Ghostly Armor","Heavy Blade","Thunderclap+1"],"special_seed":0,"relics":["Orrery","Old Coin","Whetstone","Bird Faced Urn","Mummified Hand","Bag of Preparation","WarpedTongs","Cursed Key"],"potions_floor_usage":[18],"damage_taken":[{"damage":0.0,"enemies":"Cultist","floor":1.0,"turns":3.0},{"damage":1.0,"enemies":"2 Louse","floor":3.0,"turns":2.0},{"damage":5.0,"enemies":"Jaw Worm","floor":5.0,"turns":3.0},{"damage":20.0,"enemies":"Gremlin Nob","floor":6.0,"turns":4.0},{"damage":9.0,"enemies":"Red Slaver","floor":7.0,"turns":3.0},{"damage":23.0,"enemies":"3 Sentries","floor":8.0,"turns":5.0},{"damage":4.0,"enemies":"Looter","floor":13.0,"turns":2.0},{"damage":5.0,"enemies":"Gremlin Gang","floor":14.0,"turns":5.0},{"damage":18,"enemies":"Slime Boss","floor":16,"turns":7},{"damage":16,"enemies":"Chosen","floor":18,"turns":4},{"damage":23,"enemies":"Spheric Guardian","floor":21,"turns":4},{"damage":12,"enemies":"Snecko","floor":22,"turns":4}],"seed_played":"6525171130263482776","potions_obtained":[{"floor":5.0,"key":"Block Potion"},{"floor":7.0,"key":"Explosive Potion"},{"floor":16,"key":"Ancient Potion"}],"is_trial":false,"path_per_floor":["M","T","M","$","M","E","M","E","T","?","R","$","M","M","R","B",null,"M","?","$","M","M"],"character_chosen":"IRONCLAD","items_purchased":["Whetstone","Flex","Heavy Blade"],"campfire_rested":1,"item_purchase_floors":[4,12,20],"current_hp_per_floor":[68,68,67,67,62,42,33,10,10,10,32,32,28,23,23,5,58,44,44,44,21,9],"gold":90,"neow_bonus":"BOSS_RELIC","is_prod":false,"is_daily":false,"chose_seed":false,"campfire_upgraded":1,"win_rate":0,"timestamp":1548749352,"path_taken":["M","?","M","$","M","E","M","E","T","?","R","$","?","M","R","BOSS","M","?","$","M","M"],"build_version":"2019-01-23","purchased_purges":3,"victory":false,"max_hp_per_floor":[75,75,75,75,75,75,75,75,75,75,75,75,75,75,75,75,75,75,75,75,75,75],"card_choices":[{"not_picked":["Body Slam","Havoc"],"picked":"Heavy Blade","floor":0.0},{"not_picked":["Clothesline","Pommel Strike"],"picked":"Flex","floor":0.0},{"not_picked":["Feel No Pain","Reckless Charge"],"picked":"Heavy Blade","floor":0.0},{"not_picked":["Havoc","Iron Wave"],"picked":"True Grit","floor":0.0},{"not_picked":["Wild Strike","Dropkick"],"picked":"True Grit","floor":3.0},{"not_picked":["Whirlwind","Iron Wave"],"picked":"Flex","floor":7.0},{"not_picked":["Pommel Strike","Warcry"],"picked":"Battle Trance","floor":13.0},{"not_picked":["Feed","Barricade"],"picked":"Berserk","floor":16},{"not_picked":["Headbutt","Evolve"],"picked":"Disarm+1","floor":18},{"not_picked":["Warcry","Reckless Charge+1"],"picked":"Thunderclap+1","floor":21}],"player_experience":1063464,"relics_obtained":[{"floor":2.0,"key":"Old Coin"},{"floor":6.0,"key":"Bird Faced Urn"},{"floor":8.0,"key":"Mummified Hand"},{"floor":9.0,"key":"Bag of Preparation"}],"event_choices":[{"damage_healed":0.0,"max_hp_gain":0.0,"max_hp_loss":0.0,"gold_gain":0.0,"event_name":"Accursed Blacksmith","player_choice":"Rummage","floor":10.0,"gold_loss":0.0,"damage_taken":0.0,"relics_obtained":["WarpedTongs"],"cards_obtained":["Pain"]},{"damage_healed":0,"gold_gain":0,"player_choice":"1 cards matched","damage_taken":0,"max_hp_gain":0,"max_hp_loss":0,"event_name":"Match and Keep!","floor":19,"gold_loss":0,"cards_obtained":["Ghostly Armor"]}],"is_beta":true,"boss_relics":[{"not_picked":["Snecko Eye","Mark of Pain"],"picked":"Cursed Key"}],"items_purged_floors":[4,12,20],"is_endless":false,"potions_floor_spawned":[5,7,16],"killed_by":"Snecko","ascension_level":20}