{"gold_per_floor":[117,117,135,161,172,198,198,230,230,230,48,64,78,105,105,204,204,221,237,152,77,90,90,125,125],"floor_reached":25,"playtime":818,"items_purged":[],"score":386,"play_id":"2b560ba2-39bc-4818-98d7-4da97a462f84","local_time":"20190817175903","is_ascension_mode":true,"campfire_choices":[{"floor":7,"key":"REST"},{"data":"Zap","floor":10,"key":"SMITH"},{"floor":15,"key":"REST"},{"floor":23,"key":"REST"}],"neow_cost":"NONE","seed_source_timestamp":161666207004200,"circlet_count":0,"master_deck":["AscendersBane","Strike_B","Strike_B","Strike_B","Defend_B","Defend_B","Defend_B","Defend_B","Zap+1","Dualcast","Double Energy","Sweeping Beam","Go for the Eyes","Reinforced Body","Leap","Sunder","Dark Shackles","Streamline","Hologram","Gash","Steam","Core Surge","Go for the Eyes+1","Cold Snap","Defragment"],"relics":["Cracked Core","NeowsBlessing","Happy Flower","Mercury Hourglass","Omamori","Letter Opener","PreservedInsect","Fusion Hammer","Matryoshka","Ancient Tea Set"],"potions_floor_usage":[6,14,16,22,25],"damage_taken":[{"damage":0,"enemies":"Jaw Worm","floor":1,"turns":1},{"damage":0,"enemies":"Cultist","floor":3,"turns":1},{"damage":0,"enemies":"Small Slimes","floor":5,"turns":1},{"damage":25,"enemies":"Lagavulin","floor":6,"turns":6},{"damage":23,"enemies":"3 Sentries","floor":8,"turns":5},{"damage":6,"enemies":"Looter","floor":12,"turns":3},{"damage":3,"enemies":"Blue Slaver","floor":13,"turns":3},{"damage":23,"enemies":"Lagavulin","floor":14,"turns":4},{"damage":17,"enemies":"The Guardian","floor":16,"turns":10},{"damage":16,"enemies":"Spheric Guardian","floor":18,"turns":4},{"damage":7,"enemies":"2 Thieves","floor":19,"turns":4},{"damage":4,"enemies":"Snake Plant","floor":22,"turns":5},{"damage":32,"enemies":"Book of Stabbing","floor":24,"turns":5},{"damage":26,"enemies":"3 Cultists","floor":25,"turns":4}],"seed_played":"-8988041842261022911","potions_obtained":[{"floor":1,"key":"Ancient Potion"},{"floor":3,"key":"Strength Potion"},{"floor":12,"key":"AttackPotion"},{"floor":14,"key":"SkillPotion"},{"floor":18,"key":"Block Potion"},{"floor":24,"key":"EssenceOfSteel"}],"is_trial":false,"path_per_floor":["M","?","M","T","M","E","R","E","T","R","$","M","M","E","R","B",null,"M","M","?","?","M","R","E","M"],"character_chosen":"DEFECT","items_purchased":["Sunder","Dark Shackles","Streamline"],"campfire_rested":3,"item_purchase_floors":[11,11,11],"current_hp_per_floor":[68,68,68,68,68,43,65,42,42,42,42,36,33,10,32,15,60,44,37,37,37,33,55,23,0],"gold":125,"neow_bonus":"THREE_ENEMY_KILL","is_prod":false,"is_daily":false,"chose_seed":false,"campfire_upgraded":1,"win_rate":0,"timestamp":1566032343,"path_taken":["M","?","?","?","M","E","R","E","T","R","$","M","M","E","R","BOSS","M","M","?","?","M","R","E","M"],"build_version":"2019-07-17","purchased_purges":0,"victory":false,"max_hp_per_floor":[75,75,75,75,75,75,75,75,75,75,75,75,75,75,75,75,75,75,75,75,75,75,75,75,75],"card_choices":[{"not_picked":["Fusion","Storm"],"picked":"Double Energy","floor":1},{"not_picked":["Beam Cell","Loop"],"picked":"Sweeping Beam","floor":3},{"not_picked":["Steam Power","Leap"],"picked":"Go for the Eyes","floor":5},{"not_picked":["Fusion","Sweeping Beam"],"picked":"Reinforced Body","floor":6},{"not_picked":["Gash","Hello World"],"picked":"Leap","floor":8},{"not_picked":["Sweeping Beam","Chaos"],"picked":"Hologram","floor":12},{"not_picked":["Steam Power","Reprogram"],"picked":"Gash","floor":13},{"not_picked":["Hyperbeam","Gash"],"picked":"Steam","floor":14},{"not_picked":["Meteor Strike","Amplify"],"picked":"Core Surge","floor":16},{"not_picked":["Streamline","Sweeping Beam"],"picked":"Go for the Eyes+1","floor":18},{"not_picked":["Undo","Beam Cell"],"picked":"Cold Snap","floor":19},{"not_picked":["FTL","Double Energy"],"picked":"Defragment","floor":22},{"not_picked":["Turbo","Gash","Force Field"],"picked":"SKIP","floor":24}],"player_experience":183090,"relics_obtained":[{"floor":4,"key":"Happy Flower"},{"floor":6,"key":"Mercury Hourglass"},{"floor":8,"key":"Omamori"},{"floor":9,"key":"Letter Opener"},{"floor":14,"key":"PreservedInsect"},{"floor":24,"key":"Ancient Tea Set"}],"event_choices":[{"damage_healed":0,"gold_gain":0,"player_choice":"Bought 0 Potions","damage_taken":0,"max_hp_gain":0,"max_hp_loss":0,"event_name":"The Woman in Blue","floor":2,"gold_loss":0},{"damage_healed":0,"gold_gain":0,"player_choice":"Obtained Relic","damage_taken":0,"relics_obtained":["Matryoshka"],"max_hp_gain":0,"max_hp_loss":0,"event_name":"Addict","floor":20,"gold_loss":85},{"cards_removed":["Strike_B"],"damage_healed":0,"gold_gain":0,"player_choice":"Gave Gold","damage_taken":0,"max_hp_gain":0,"max_hp_loss":0,"event_name":"Beggar","floor":21,"gold_loss":75}],"is_beta":false,"boss_relics":[{"not_picked":["Snecko Eye","Coffee Dripper"],"picked":"Fusion Hammer"}],"items_purged_floors":[],"is_endless":false,"potions_floor_spawned":[1,3,12,14,18,24],"killed_by":"3 Cultists","ascension_level":12}