{"gold_per_floor":[109,127,127,138,36,70,89,54,54,54,64,64,27,102,102,178,208,226,244,60,60,10,10,42,62,62,12,23,23],"floor_reached":29,"playtime":1059,"items_purged":["Writhe","Decay","Decay"],"score":513,"play_id":"57a415f4-47a7-4aac-b820-6fa1049d15ee","local_time":"20180814003839","is_ascension_mode":true,"campfire_choices":[{"data":"Hologram","floor":10.0,"key":"SMITH"},{"data":"Hello World","floor":12.0,"key":"SMITH"},{"data":"Defragment","floor":15.0,"key":"SMITH"},{"floor":23,"key":"REST"}],"neow_cost":"NONE","seed_source_timestamp":0,"circlet_count":0,"master_deck":["Strike_B","Strike_B","Strike_B","Strike_B","Defend_B","Defend_B","Defend_B","Defend_B","Zap+1","Dualcast","AscendersBane","Cold Snap","FTL","Hello World+1","Hologram+1","Beam Cell","Stack","Go for the Eyes+1","Defragment+1","Reboot","Gash+1","Reprogram+1","Glacier","Blizzard+1","Leap+1","Leap"],"special_seed":0,"relics":["Eternal Feather","StoneCalendar","Molten Egg 2","Calling Bell","Tiny Chest","Mercury Hourglass","Unceasing Top","Smiling Mask","Frozen Egg 2","Ice Cream"],"potions_floor_usage":[25,28,28],"damage_taken":[{"damage":12.0,"enemies":"2 Louse","floor":1.0,"turns":4.0},{"damage":4.0,"enemies":"Jaw Worm","floor":2.0,"turns":4.0},{"damage":0.0,"enemies":"Cultist","floor":4.0,"turns":4.0},{"damage":13.0,"enemies":"Lagavulin","floor":6.0,"turns":8.0},{"damage":9.0,"enemies":"Blue Slaver","floor":7.0,"turns":4.0},{"damage":0.0,"enemies":"Large Slime","floor":11.0,"turns":4.0},{"damage":0.0,"enemies":"Slime Boss","floor":16.0,"turns":7.0},{"damage":12,"enemies":"Chosen","floor":18,"turns":6},{"damage":26,"enemies":"Spheric Guardian","floor":19,"turns":5},{"damage":54,"enemies":"Slavers","floor":24,"turns":7},{"damage":10,"enemies":"Snake Plant","floor":25,"turns":6},{"damage":10,"enemies":"3 Cultists","floor":28,"turns":6},{"damage":13,"enemies":"Book of Stabbing","floor":29,"turns":5}],"seed_played":"2638388409643253842","potions_obtained":[{"floor":2.0,"key":"FocusPotion"},{"floor":6.0,"key":"PowerPotion"},{"floor":7.0,"key":"AttackPotion"},{"floor":16.0,"key":"Dexterity Potion"},{"floor":24,"key":"Regen Potion"},{"floor":25,"key":"Dexterity Potion"}],"is_trial":false,"path_per_floor":["M","M","?","M","$","E","M","?","T","R","M","R","$","?","R","B",null,"M","M","$","T","$","R","E","M","T","$","M"],"character_chosen":"DEFECT","items_purchased":["Hello World","Hologram","Defragment","Glacier","Blizzard+1"],"campfire_rested":1,"item_purchase_floors":[5,5,13,20,20],"current_hp_per_floor":[52,48,48,48,48,35,26,43,43,52,52,61,61,50,59,59,68,56,30,30,30,30,66,12,17,17,17,7,0],"gold":23,"neow_bonus":"BOSS_RELIC","is_prod":false,"is_daily":false,"chose_seed":false,"campfire_upgraded":3,"win_rate":0,"timestamp":1534232319,"path_taken":["M","M","?","M","$","E","M","?","T","R","M","R","$","?","R","BOSS","M","M","?","?","$","R","E","M","T","$","M","E"],"build_version":"2018-08-08","purchased_purges":3,"victory":false,"max_hp_per_floor":[71,71,71,71,71,71,71,71,71,71,71,71,71,71,71,71,71,71,71,71,71,71,71,71,71,71,71,71,71],"card_choices":[{"not_picked":["Ball Lightning","Sweeping Beam"],"picked":"Cold Snap","floor":1.0},{"not_picked":["Turbo","Rebound"],"picked":"FTL","floor":2.0},{"not_picked":["Compile Driver","Thunder Strike"],"picked":"Beam Cell","floor":6.0},{"not_picked":["Undo","Doom and Gloom"],"picked":"Stack","floor":7.0},{"not_picked":["Aggregate","Heatsinks"],"picked":"Go for the Eyes+1","floor":11.0},{"not_picked":["Biased Cognition","Meteor Strike+1"],"picked":"Reboot","floor":16.0},{"not_picked":["Tempest","Redo"],"picked":"Gash+1","floor":18},{"not_picked":["Barrage+1","Compile Driver+1"],"picked":"Reprogram+1","floor":19},{"not_picked":["Ball Lightning+1","Coolheaded"],"picked":"Leap+1","floor":25},{"not_picked":["Coolheaded","Heatsinks+1"],"picked":"Leap","floor":28}],"player_experience":819134,"relics_obtained":[{"floor":6.0,"key":"StoneCalendar"},{"floor":9.0,"key":"Molten Egg 2"},{"floor":17,"key":"Tiny Chest"},{"floor":17,"key":"Mercury Hourglass"},{"floor":17,"key":"Unceasing Top"},{"floor":21,"key":"Smiling Mask"},{"floor":24,"key":"Frozen Egg 2"},{"floor":26,"key":"Ice Cream"}],"event_choices":[{"event_name":"Living Wall","player_choice":"Grow","floor":3.0,"damage_taken":0.0},{"event_name":"The Cleric","player_choice":"Healed","floor":8.0,"damage_taken":0.0},{"event_name":"World of Goop","player_choice":"Gather Gold","floor":14.0,"damage_taken":0.0}],"is_beta":true,"boss_relics":[{"not_picked":["Philosopher\u0027s Stone","Runic Pyramid"],"picked":"Calling Bell"}],"items_purged_floors":[20,22,27],"is_endless":false,"potions_floor_spawned":[2,6,7,16,24,25],"killed_by":"Book of Stabbing","ascension_level":15}