{"gold_per_floor":[119,131,145,156,156,156,121,149,219,234,261,261,273,291,291,396,396,414,324,339,39,57,57,57,69,92,92,17,42,52,63,63,166,166,181,194,194,204,220,278,289,289],"floor_reached":42,"playtime":2198,"items_purged":["Strike_G"],"score":697,"play_id":"c69ebd2d-0e1b-4a33-a9cd-1b0dc92794d1","local_time":"20190814213800","is_ascension_mode":true,"campfire_choices":[{"data":"Infinite Blades","floor":6,"key":"SMITH"},{"floor":15,"key":"REST"},{"data":"Storm of Steel","floor":23,"key":"SMITH"},{"data":"Catalyst","floor":27,"key":"SMITH"},{"data":"After Image","floor":32,"key":"SMITH"}],"neow_cost":"NONE","seed_source_timestamp":375127273067800,"circlet_count":0,"master_deck":["Strike_G","Strike_G","Defend_G","Defend_G","Defend_G","Defend_G","Defend_G","Survivor","Neutralize","Leg Sweep","Infinite Blades+1","Dagger Spray","Blade Dance","Catalyst+1","Crippling Poison","Dodge and Roll+1","Noxious Fumes+1","PiercingWail","Cloak And Dagger+1","Storm of Steel+1","Sucker Punch","Cloak And Dagger+1","Deadly Poison","Infinite Blades","Blade Dance","Outmaneuver+1","After Image+1","Phantasmal Killer","Flying Knee","Prepared+1","Flying Knee+1","Expertise"],"relics":["WristBlade","Ice Cream","Sundial","Orichalcum","Bronze Scales","Eternal Feather","FossilizedHelix","Boot","Snake Skull","Busted Crown","Tiny Chest"],"potions_floor_usage":[4,8,14,29,29,38,39,40,42],"damage_taken":[{"damage":4,"enemies":"Small Slimes","floor":1,"turns":3},{"damage":3,"enemies":"Jaw Worm","floor":2,"turns":5},{"damage":0,"enemies":"2 Louse","floor":3,"turns":4},{"damage":10,"enemies":"Gremlin Gang","floor":4,"turns":3},{"damage":11,"enemies":"3 Sentries","floor":8,"turns":7},{"damage":1,"enemies":"Looter","floor":10,"turns":3},{"damage":11,"enemies":"Gremlin Nob","floor":11,"turns":4},{"damage":3,"enemies":"Exordium Thugs","floor":13,"turns":5},{"damage":2,"enemies":"Red Slaver","floor":14,"turns":2},{"damage":19,"enemies":"The Guardian","floor":16,"turns":11},{"damage":2,"enemies":"Chosen","floor":18,"turns":6},{"damage":6,"enemies":"Spheric Guardian","floor":20,"turns":5},{"damage":14,"enemies":"Centurion and Healer","floor":22,"turns":6},{"damage":0,"enemies":"Snecko","floor":25,"turns":5},{"damage":0,"enemies":"Book of Stabbing","floor":29,"turns":5},{"damage":6,"enemies":"Cultist and Chosen","floor":30,"turns":5},{"damage":1,"enemies":"Centurion and Healer","floor":31,"turns":5},{"damage":14,"enemies":"Champ","floor":33,"turns":11},{"damage":0,"enemies":"3 Shapes","floor":35,"turns":7},{"damage":7,"enemies":"3 Darklings","floor":36,"turns":5},{"damage":9,"enemies":"Spire Growth","floor":38,"turns":5},{"damage":17,"enemies":"Jaw Worm Horde","floor":39,"turns":4},{"damage":0,"enemies":"Nemesis","floor":40,"turns":6},{"damage":32,"enemies":"Writhing Mass","floor":41,"turns":6},{"damage":11,"enemies":"Sphere and 2 Shapes","floor":42,"turns":3}],"seed_played":"-1128811746876478914","potions_obtained":[{"floor":1,"key":"PowerPotion"},{"floor":4,"key":"Block Potion"},{"floor":10,"key":"Block Potion"},{"floor":13,"key":"Swift Potion"},{"floor":16,"key":"PowerPotion"},{"floor":25,"key":"Dexterity Potion"},{"floor":33,"key":"Explosive Potion"},{"floor":35,"key":"Poison Potion"},{"floor":41,"key":"Energy Potion"}],"is_trial":false,"path_per_floor":["M","M","M","M","?","R","?","E","T","M","E","?","M","M","R","B",null,"M","?","M","$","M","R","?","M","T","R","$","E","M","M","R","B",null,"M","M","?","M","M","E","M","M"],"character_chosen":"THE_SILENT","items_purchased":["FossilizedHelix"],"campfire_rested":1,"item_purchase_floors":[21],"current_hp_per_floor":[59,56,56,46,46,46,63,52,52,51,40,28,25,23,44,25,59,57,57,51,51,37,49,49,49,49,64,64,64,58,57,70,56,67,67,60,60,51,34,34,2,0],"gold":289,"neow_bonus":"BOSS_RELIC","is_prod":false,"is_daily":false,"chose_seed":false,"campfire_upgraded":4,"win_rate":0,"timestamp":1565786280,"path_taken":["M","M","M","M","?","R","?","E","T","M","E","?","M","M","R","BOSS","M","?","?","$","M","R","?","M","T","R","$","E","M","M","R","BOSS","M","M","?","M","M","E","M","?"],"build_version":"2019-07-17","purchased_purges":1,"victory":false,"max_hp_per_floor":[70,70,70,70,70,70,70,70,70,70,70,70,70,70,70,70,70,70,70,70,70,70,70,70,70,70,70,70,70,70,70,70,70,70,70,70,70,70,70,70,70,70],"card_choices":[{"not_picked":["Bouncing Flask","Poisoned Stab"],"picked":"Leg Sweep","floor":1},{"not_picked":["Escape Plan","Catalyst"],"picked":"Infinite Blades","floor":2},{"not_picked":["Cloak And Dagger","PiercingWail"],"picked":"Dagger Spray","floor":3},{"not_picked":["Dodge and Roll","Catalyst"],"picked":"Blade Dance","floor":4},{"not_picked":["All Out Attack","Deflect"],"picked":"Crippling Poison","floor":8},{"not_picked":["Tactician","Bane"],"picked":"Dodge and Roll","floor":10},{"not_picked":["Wraith Form v2","Dodge and Roll"],"picked":"Noxious Fumes","floor":11},{"not_picked":["Backflip","Terror"],"picked":"PiercingWail","floor":13},{"not_picked":["Dagger Spray","Poisoned Stab"],"picked":"Cloak And Dagger","floor":14},{"not_picked":["Venomology","Doppelganger"],"picked":"Storm of Steel","floor":16},{"not_picked":["Tactician","Calculated Gamble"],"picked":"Sucker Punch","floor":18},{"not_picked":["Poisoned Stab","Slice+1"],"picked":"Cloak And Dagger+1","floor":20},{"not_picked":["Underhanded Strike+1","Predator"],"picked":"Deadly Poison","floor":22},{"not_picked":["Dagger Spray+1","Setup+1"],"picked":"Infinite Blades","floor":25},{"not_picked":["All Out Attack","Deadly Poison"],"picked":"Blade Dance","floor":29},{"not_picked":["Quick Slash","Tactician"],"picked":"Outmaneuver+1","floor":30},{"not_picked":["Acrobatics","PiercingWail"],"picked":"After Image","floor":31},{"not_picked":["Grand Finale","Bullet Time"],"picked":"Phantasmal Killer","floor":33},{"not_picked":[],"picked":"Flying Knee","floor":35},{"not_picked":[],"picked":"Prepared+1","floor":36},{"not_picked":[],"picked":"Flying Knee+1","floor":38},{"not_picked":["Dagger Spray+1"],"picked":"SKIP","floor":39},{"not_picked":[],"picked":"Expertise","floor":40},{"not_picked":["Heel Hook+1"],"picked":"SKIP","floor":41}],"player_experience":147348,"relics_obtained":[{"floor":8,"key":"Ice Cream"},{"floor":9,"key":"Sundial"},{"floor":11,"key":"Orichalcum"},{"floor":26,"key":"Boot"},{"floor":29,"key":"Snake Skull"},{"floor":40,"key":"Tiny Chest"}],"event_choices":[{"damage_healed":0,"gold_gain":0,"cards_transformed":["Strike_G"],"player_choice":"Change","damage_taken":0,"max_hp_gain":0,"max_hp_loss":0,"event_name":"Living Wall","floor":5,"gold_loss":0,"cards_obtained":["Catalyst"]},{"damage_healed":17,"gold_gain":0,"player_choice":"Healed","damage_taken":0,"max_hp_gain":0,"max_hp_loss":0,"event_name":"The Cleric","floor":7,"gold_loss":35},{"damage_healed":0,"gold_gain":0,"player_choice":"Success","damage_taken":12,"relics_obtained":["Bronze Scales"],"max_hp_gain":0,"max_hp_loss":0,"event_name":"Scrap Ooze","floor":12,"gold_loss":0},{"cards_removed":["Strike_G"],"damage_healed":0,"gold_gain":0,"player_choice":"Upgrade and Remove","damage_taken":0,"max_hp_gain":0,"max_hp_loss":0,"event_name":"Designer","floor":19,"gold_loss":90,"cards_upgraded":["Cloak And Dagger"]},{"damage_healed":0,"gold_gain":0,"player_choice":"Upgraded","damage_taken":0,"max_hp_gain":0,"max_hp_loss":0,"event_name":"Upgrade Shrine","floor":24,"gold_loss":0,"cards_upgraded":["Dodge and Roll"]},{"damage_healed":0,"gold_gain":0,"player_choice":"Forge","damage_taken":0,"max_hp_gain":0,"max_hp_loss":0,"event_name":"Accursed Blacksmith","floor":37,"gold_loss":0,"cards_upgraded":["Noxious Fumes"]}],"is_beta":false,"boss_relics":[{"not_picked":["Lizard Tail","Velvet Choker"],"picked":"Eternal Feather"},{"not_picked":["Cursed Key","Philosopher\u0027s Stone"],"picked":"Busted Crown"}],"items_purged_floors":[28],"is_endless":false,"potions_floor_spawned":[1,4,10,13,16,25,33,35,41],"killed_by":"Sphere and 2 Shapes","ascension_level":7}