{"gold_per_floor":[117,117,127,3,23,23,54,54,54,83,99,99,116,116,116,191,191,204,222,97,97,117,117,136,136,136,170,15,35,54,71,71,145,145,155,155,171,188,188,188,198,230,307,325,335,364,364,73,73,73,73],"floor_reached":52,"playtime":1876,"items_purged":["Strike_R","Strike_R","Strike_R"],"score":2117,"play_id":"c7192647-01b7-447b-b4ef-5ff9f34cc285","local_time":"20190318123257","is_ascension_mode":true,"campfire_choices":[{"data":"Armaments","floor":6.0,"key":"SMITH"},{"data":"Searing Blow","floor":8.0,"key":"SMITH"},{"data":"Searing Blow+1","floor":12.0,"key":"SMITH"},{"data":"Searing Blow+2","floor":15.0,"key":"SMITH"},{"data":"Searing Blow+4","floor":23.0,"key":"SMITH"},{"data":"Searing Blow+5","floor":25.0,"key":"SMITH"},{"data":"Searing Blow+6","floor":32.0,"key":"SMITH"},{"data":"Searing Blow+7","floor":40,"key":"SMITH"},{"data":"Searing Blow+8","floor":47,"key":"SMITH"},{"data":"Searing Blow+9","floor":49,"key":"SMITH"}],"neow_cost":"NONE","seed_source_timestamp":459922002026,"circlet_count":0,"master_deck":["AscendersBane","Strike_R","Defend_R","Defend_R","Defend_R","Defend_R","Bash","Armaments+1","Shrug It Off","Searing Blow+10","Battle Trance+1","Thunderclap","Dual Wield","Feed","Headbutt","Flame Barrier","True Grit+1","Battle Trance","Entrench+1","Shrug It Off+1","Double Tap+1","Clothesline","Offering+1","Clothesline+1","Shockwave+1","Uppercut","Fiend Fire","Shockwave+1","True Grit+1"],"special_seed":0,"relics":["Sozu","Ornamental Fan","Bottled Lightning","Omamori","PreservedInsect","Coffee Dripper","Darkstone Periapt","Toxic Egg 2","Snecko Eye","StoneCalendar","Blue Candle","Pen Nib","War Paint"],"potions_floor_usage":[],"damage_taken":[{"damage":3.0,"enemies":"2 Louse","floor":1.0,"turns":3.0},{"damage":0.0,"enemies":"Cultist","floor":3.0,"turns":4.0},{"damage":0.0,"enemies":"Small Slimes","floor":5.0,"turns":3.0},{"damage":8.0,"enemies":"Gremlin Nob","floor":7.0,"turns":3.0},{"damage":6.0,"enemies":"Lagavulin","floor":10.0,"turns":6.0},{"damage":0.0,"enemies":"2 Fungi Beasts","floor":11.0,"turns":3.0},{"damage":2.0,"enemies":"Lots of Slimes","floor":13.0,"turns":3.0},{"damage":15.0,"enemies":"Slime Boss","floor":16.0,"turns":7.0},{"damage":12.0,"enemies":"2 Thieves","floor":18.0,"turns":4.0},{"damage":14.0,"enemies":"Chosen","floor":19.0,"turns":4.0},{"damage":0.0,"enemies":"Snake Plant","floor":22.0,"turns":1.0},{"damage":4.0,"enemies":"3 Cultists","floor":24.0,"turns":4.0},{"damage":10.0,"enemies":"Book of Stabbing","floor":27.0,"turns":3.0},{"damage":0.0,"enemies":"Snecko","floor":29.0,"turns":2.0},{"damage":0.0,"enemies":"Centurion and Healer","floor":30.0,"turns":2.0},{"damage":6.0,"enemies":"Chosen and Byrds","floor":31.0,"turns":5.0},{"damage":11,"enemies":"Automaton","floor":33,"turns":6},{"damage":7,"enemies":"Orb Walker","floor":35,"turns":3},{"damage":13,"enemies":"3 Shapes","floor":37,"turns":3},{"damage":15,"enemies":"Transient","floor":38,"turns":6},{"damage":0,"enemies":"3 Darklings","floor":41,"turns":3},{"damage":0,"enemies":"Reptomancer","floor":42,"turns":2},{"damage":2,"enemies":"4 Shapes","floor":44,"turns":4},{"damage":4,"enemies":"Jaw Worm Horde","floor":45,"turns":4},{"damage":0,"enemies":"Giant Head","floor":46,"turns":5},{"damage":30,"enemies":"Time Eater","floor":50,"turns":6},{"damage":6,"enemies":"Awakened One","floor":51,"turns":4}],"seed_played":"-8279844894961271909","potions_obtained":[],"is_trial":false,"path_per_floor":["M","?","M","$","M","R","E","R","T","E","M","R","M","?","R","B",null,"M","M","$","?","M","R","M","R","T","E","$","M","M","M","R","B",null,"M","?","M","M","?","R","M","E","T","M","M","E","R","$","R","B","B",null],"character_chosen":"IRONCLAD","items_purchased":["Searing Blow","Battle Trance","True Grit","Shrug It Off+1","War Paint"],"campfire_rested":0,"item_purchase_floors":[4,4,20,28,48],"current_hp_per_floor":[65,65,65,65,65,65,57,57,57,51,51,51,49,49,49,34,65,57,43,43,43,43,43,42,42,42,36,36,36,40,37,37,26,76,69,69,59,44,44,44,44,44,44,45,44,48,48,48,48,18,12],"gold":73,"neow_bonus":"BOSS_RELIC","is_prod":false,"is_daily":false,"chose_seed":false,"campfire_upgraded":10,"win_rate":0,"timestamp":1552937577,"path_taken":["M","?","?","$","M","R","E","R","T","E","M","R","M","?","R","BOSS","M","M","$","?","M","R","M","R","T","E","$","M","?","M","R","BOSS","M","?","M","M","?","R","M","E","T","M","?","E","R","$","R","BOSS","BOSS"],"build_version":"2019-03-15","purchased_purges":3,"victory":true,"max_hp_per_floor":[75,75,75,75,75,75,75,75,75,75,75,75,75,75,75,75,75,79,79,79,79,79,79,82,82,82,86,86,86,90,93,93,93,93,93,93,96,96,96,96,96,96,96,99,102,106,106,106,106,106,106],"card_choices":[{"not_picked":["Combust","Clothesline"],"picked":"Armaments","floor":1.0},{"not_picked":["Clash","Heavy Blade"],"picked":"Shrug It Off","floor":3.0},{"not_picked":["Sentinel","Bloodletting"],"picked":"Double Tap","floor":5.0},{"not_picked":["Combust","Twin Strike"],"picked":"Thunderclap","floor":7.0},{"not_picked":["Havoc","Sword Boomerang","Pommel Strike"],"picked":"SKIP","floor":10.0},{"not_picked":["Blood for Blood","Havoc","Combust"],"picked":"SKIP","floor":11.0},{"not_picked":["Clash","Warcry"],"picked":"Dual Wield","floor":13.0},{"not_picked":["Berserk","Juggernaut"],"picked":"Feed","floor":16.0},{"not_picked":["Inflame","Twin Strike"],"picked":"Headbutt","floor":18.0},{"not_picked":["Rampage","Heavy Blade"],"picked":"Flame Barrier","floor":19.0},{"not_picked":["Headbutt+1","Rampage"],"picked":"Battle Trance","floor":22.0},{"not_picked":["Body Slam","Cleave+1","Sentinel"],"picked":"SKIP","floor":24.0},{"not_picked":["Combust","Second Wind"],"picked":"Entrench","floor":27.0},{"not_picked":["Iron Wave+1","Sever Soul"],"picked":"Double Tap+1","floor":29.0},{"not_picked":["Hemokinesis","Heavy Blade"],"picked":"Clothesline","floor":31.0},{"not_picked":["Berserk","Reaper"],"picked":"Offering+1","floor":33},{"not_picked":["Clash+1","Warcry+1","Thunderclap"],"picked":"SKIP","floor":35},{"not_picked":["Heavy Blade","Clash"],"picked":"Clothesline+1","floor":37},{"not_picked":["Reckless Charge+1","Headbutt"],"picked":"Shockwave+1","floor":38},{"not_picked":["Sword Boomerang","Body Slam"],"picked":"Uppercut","floor":41},{"not_picked":["Iron Wave","Metallicize"],"picked":"Fiend Fire","floor":42},{"not_picked":["Uppercut","Sword Boomerang"],"picked":"Shockwave+1","floor":44},{"not_picked":["Iron Wave","Clothesline+1"],"picked":"True Grit+1","floor":46}],"player_experience":1313277,"relics_obtained":[{"floor":7.0,"key":"Ornamental Fan"},{"floor":9.0,"key":"Bottled Lightning"},{"floor":10.0,"key":"Omamori"},{"floor":26.0,"key":"Darkstone Periapt"},{"floor":27.0,"key":"Toxic Egg 2"},{"floor":42,"key":"StoneCalendar"},{"floor":43,"key":"Blue Candle"},{"floor":46,"key":"Pen Nib"}],"event_choices":[{"damage_healed":0.0,"max_hp_gain":0.0,"max_hp_loss":0.0,"gold_gain":0.0,"event_name":"WeMeetAgain","player_choice":"Ignored","floor":2.0,"gold_loss":0.0,"damage_taken":0.0},{"damage_healed":0.0,"max_hp_gain":0.0,"max_hp_loss":0.0,"gold_gain":0.0,"event_name":"Big Fish","player_choice":"Box","floor":14.0,"gold_loss":0.0,"damage_taken":0.0,"relics_obtained":["PreservedInsect"],"cards_obtained":["Regret"]},{"damage_healed":0.0,"max_hp_gain":0.0,"max_hp_loss":0.0,"gold_gain":0.0,"event_name":"Upgrade Shrine","player_choice":"Upgraded","floor":21.0,"gold_loss":0.0,"damage_taken":0.0,"cards_upgraded":["Searing Blow"]},{"cards_removed":["Double Tap"],"damage_healed":0,"gold_gain":0,"player_choice":"Removed Skill","damage_taken":0,"max_hp_gain":0,"max_hp_loss":0,"event_name":"Falling","floor":36,"gold_loss":0},{"cards_removed":["Strike_R"],"damage_healed":0,"gold_gain":0,"player_choice":"Purged","damage_taken":0,"max_hp_gain":0,"max_hp_loss":0,"event_name":"Purifier","floor":39,"gold_loss":0}],"is_beta":true,"boss_relics":[{"not_picked":["Fusion Hammer","Pandora\u0027s Box"],"picked":"Coffee Dripper"},{"not_picked":["Lizard Tail","White Beast Statue"],"picked":"Snecko Eye"}],"items_purged_floors":[20,28,48],"is_endless":false,"potions_floor_spawned":[1,3,5,16,18,19,30,31,33,37,41,44,46],"ascension_level":20}