{"gold_per_floor":[168,168,25,39,57,57,91,91,91,111,37,37,54,69,69,142,142,158,158,90,108,128,128,128,153,153,153],"floor_reached":27,"playtime":698,"items_purged":["Defend_G"],"score":433,"play_id":"e753b96c-57eb-4e4d-bc23-b685ac2e7e1a","local_time":"20180727175202","is_ascension_mode":true,"campfire_choices":[{"data":"Neutralize","floor":6,"key":"SMITH"},{"data":"Bouncing Flask","floor":8,"key":"SMITH"},{"data":"Bouncing Flask","floor":12,"key":"SMITH"},{"data":"Catalyst","floor":15,"key":"SMITH"},{"data":"Wraith Form v2","floor":23,"key":"SMITH"}],"neow_cost":"NONE","seed_source_timestamp":322796950734363,"circlet_count":0,"master_deck":["Defend_G+1","Defend_G","Defend_G","Defend_G","Strike_G","Strike_G","Strike_G","Strike_G","Survivor","Neutralize+1","AscendersBane","Quick Slash","Dagger Throw","Dodge and Roll","Bouncing Flask+1","Slice","Adrenaline","Flying Knee","Bouncing Flask+1","Dagger Spray","Catalyst+1","Wraith Form v2+1","Catalyst","Noxious Fumes","Bouncing Flask","Dodge and Roll","Malaise"],"relics":["Tiny House","GremlinMask","Snake Skull","Pantograph","Sozu","Potion Belt","Pear"],"potions_floor_usage":[7,7,14,16],"damage_taken":[{"damage":0,"enemies":"Jaw Worm","floor":1,"turns":6},{"damage":3,"enemies":"Cultist","floor":4,"turns":4},{"damage":0,"enemies":"2 Louse","floor":5,"turns":3},{"damage":9,"enemies":"Lagavulin","floor":7,"turns":8},{"damage":0,"enemies":"Red Slaver","floor":10,"turns":3},{"damage":0,"enemies":"Large Slime","floor":13,"turns":4},{"damage":12,"enemies":"Lots of Slimes","floor":14,"turns":3},{"damage":39,"enemies":"The Guardian","floor":16,"turns":10},{"damage":4,"enemies":"Chosen","floor":18,"turns":3},{"damage":1,"enemies":"Spheric Guardian","floor":21,"turns":3},{"damage":4,"enemies":"Cultist and Chosen","floor":22,"turns":4},{"damage":55,"enemies":"Slavers","floor":25,"turns":5},{"damage":14,"enemies":"Book of Stabbing","floor":27,"turns":1}],"seed_played":"-8350108850719850708","potions_obtained":[{"floor":0,"key":"Fruit Juice"},{"floor":5,"key":"EssenceOfSteel"},{"floor":7,"key":"SpeedPotion"},{"floor":10,"key":"EssenceOfSteel"}],"is_trial":false,"path_per_floor":["M","?","$","M","M","R","E","R","T","M","$","R","M","M","R","B",null,"M","?","$","M","M","R","?","E","T"],"character_chosen":"THE_SILENT","items_purchased":["Dagger Throw","Dodge and Roll","Bouncing Flask","Bouncing Flask"],"campfire_rested":0,"item_purchase_floors":[3,3,11,20],"current_hp_per_floor":[64,64,64,61,61,61,57,57,57,57,57,57,57,45,45,31,65,61,61,61,60,56,56,56,1,11,0],"gold":153,"neow_bonus":"BOSS_RELIC","is_prod":false,"is_daily":false,"chose_seed":false,"campfire_upgraded":5,"win_rate":0,"timestamp":1532739122,"path_taken":["M","?","$","M","M","R","E","R","T","M","?","R","?","?","R","BOSS","M","?","$","?","M","R","?","E","T","E"],"build_version":"2018-07-26","purchased_purges":1,"victory":false,"max_hp_per_floor":[71,71,71,71,71,71,76,76,76,76,76,76,76,76,76,76,76,76,76,76,76,76,76,76,76,86,86],"card_choices":[{"not_picked":["Backflip","Sucker Punch"],"picked":"Quick Slash","floor":0},{"not_picked":["Cloak And Dagger","PiercingWail"],"picked":"Bouncing Flask","floor":4},{"not_picked":["Flying Knee","Outmaneuver"],"picked":"Slice","floor":5},{"not_picked":["Blade Dance","Blur"],"picked":"Adrenaline","floor":7},{"not_picked":["Riddle With Holes","Outmaneuver"],"picked":"Flying Knee","floor":10},{"not_picked":["Underhanded Strike","Prepared"],"picked":"Dagger Spray","floor":13},{"not_picked":["Dagger Spray","Poisoned Stab"],"picked":"Catalyst","floor":14},{"not_picked":["Venomology","Tools of the Trade"],"picked":"Wraith Form v2","floor":16},{"not_picked":["Deadly Poison","Poisoned Stab"],"picked":"Catalyst","floor":18},{"not_picked":["Prepared","Bane"],"picked":"Dodge and Roll","floor":21},{"not_picked":["Deflect+1","Flying Knee"],"picked":"Malaise","floor":25}],"player_experience":697421,"relics_obtained":[{"floor":7,"key":"Snake Skull"},{"floor":9,"key":"Pantograph"},{"floor":25,"key":"Potion Belt"},{"floor":26,"key":"Pear"}],"event_choices":[{"event_name":"FaceTrader","player_choice":"Trade","floor":2,"damage_taken":0},{"event_name":"The Library","player_choice":"Read","floor":19,"damage_taken":0},{"event_name":"Purifier","player_choice":"One Purge","floor":24,"damage_taken":0}],"is_beta":true,"boss_relics":[{"not_picked":["White Beast Statue","Busted Crown"],"picked":"Sozu"}],"items_purged_floors":[3],"is_endless":false,"potions_floor_spawned":[5,7,10,18,21],"killed_by":"Book of Stabbing","ascension_level":15}