{"gold_per_floor":[115,265,108,124,124,156,156,156,207,207,218,31,66,84,84,157,157,170,170,188,188],"floor_reached":21,"playtime":449,"items_purged":["Doubt"],"score":424,"play_id":"0c41c4d7-af51-4966-90d0-47594a90cec3","local_time":"20190330133042","is_ascension_mode":true,"campfire_choices":[{"data":"Neutralize","floor":7.0,"key":"SMITH"},{"data":"Quick Slash","floor":10.0,"key":"SMITH"},{"floor":15.0,"key":"REST"}],"neow_cost":"NONE","seed_source_timestamp":7200996083142,"circlet_count":0,"master_deck":["AscendersBane","Defend_G","Defend_G","Defend_G","Defend_G","Defend_G","Strike_G","Strike_G","Strike_G","Strike_G","Strike_G+1","Survivor","Neutralize+1","Quick Slash+1","Deadly Poison+1","Flying Knee","Dagger Spray+1","PiercingWail","Deadly Poison","Apotheosis","Sucker Punch","Wraith Form v2","Noxious Fumes","PiercingWail"],"special_seed":0,"relics":["Ring of the Snake","NeowsBlessing","Snake Skull","Bag of Marbles","Question Card","Cursed Key"],"potions_floor_usage":[],"damage_taken":[{"damage":0.0,"enemies":"2 Louse","floor":1.0,"turns":1.0},{"damage":0.0,"enemies":"Small Slimes","floor":4.0,"turns":1.0},{"damage":0.0,"enemies":"Gremlin Nob","floor":6.0,"turns":1.0},{"damage":2.0,"enemies":"Jaw Worm","floor":11.0,"turns":3.0},{"damage":10.0,"enemies":"3 Sentries","floor":13.0,"turns":5.0},{"damage":7.0,"enemies":"Red Slaver","floor":14.0,"turns":3.0},{"damage":30.0,"enemies":"Slime Boss","floor":16.0,"turns":9.0},{"damage":21.0,"enemies":"Shell Parasite","floor":18.0,"turns":4.0},{"damage":13,"enemies":"Colosseum Slavers","floor":19,"turns":5},{"damage":9,"enemies":"2 Thieves","floor":20,"turns":5},{"damage":6,"enemies":"Snake Plant","floor":21,"turns":2}],"seed_played":"2201962393969437097","potions_obtained":[{"floor":4.0,"key":"PowerPotion"},{"floor":13.0,"key":"GamblersBrew"}],"is_trial":false,"path_per_floor":["M","?","$","M","?","E","R","?","T","R","M","$","E","M","R","B",null,"M","?","M","M"],"character_chosen":"THE_SILENT","items_purchased":["Deadly Poison","Flying Knee","Apotheosis"],"campfire_rested":1,"item_purchase_floors":[3,3,12],"current_hp_per_floor":[59,59,59,59,39,39,39,39,39,39,37,37,27,20,39,9,52,31,18,9,3],"gold":188,"neow_bonus":"THREE_ENEMY_KILL","is_prod":false,"is_daily":false,"chose_seed":false,"campfire_upgraded":2,"win_rate":0,"timestamp":1553977842,"path_taken":["M","?","$","M","?","E","R","?","T","R","?","$","E","M","R","BOSS","M","?","M","M"],"build_version":"2019-03-15","purchased_purges":1,"victory":false,"max_hp_per_floor":[66,66,66,66,66,66,66,66,66,66,66,66,66,66,66,66,66,66,66,66,66],"card_choices":[{"not_picked":["Prepared","Infinite Blades"],"picked":"Quick Slash","floor":1.0},{"not_picked":["Riddle With Holes","Finisher"],"picked":"Dagger Spray","floor":4.0},{"not_picked":["Flying Knee","Underhanded Strike"],"picked":"PiercingWail","floor":6.0},{"not_picked":["Calculated Gamble","Caltrops"],"picked":"Deadly Poison","floor":11.0},{"not_picked":["Caltrops","Dagger Throw"],"picked":"Sucker Punch","floor":13.0},{"not_picked":["Deflect","Caltrops","Dagger Spray","Sucker Punch"],"picked":"SKIP","floor":14.0},{"not_picked":["Storm of Steel","Venomology","Bullet Time"],"picked":"Wraith Form v2","floor":16.0},{"not_picked":["Bane","Concentrate","All Out Attack"],"picked":"Noxious Fumes","floor":18.0},{"not_picked":["Prepared","Escape Plan","Heel Hook"],"picked":"PiercingWail","floor":20}],"player_experience":1389916,"relics_obtained":[{"floor":6.0,"key":"Snake Skull"},{"floor":9.0,"key":"Bag of Marbles"},{"floor":13.0,"key":"Question Card"}],"event_choices":[{"damage_healed":0.0,"max_hp_gain":0.0,"max_hp_loss":0.0,"gold_gain":150.0,"event_name":"Liars Game","player_choice":"AGREE","floor":2.0,"gold_loss":0.0,"damage_taken":0.0,"cards_obtained":["Doubt"]},{"damage_healed":0.0,"max_hp_gain":0.0,"max_hp_loss":0.0,"gold_gain":0.0,"event_name":"Shining Light","player_choice":"Entered Light","floor":5.0,"gold_loss":0.0,"damage_taken":20.0,"cards_upgraded":["Strike_G","Dagger Spray"]},{"damage_healed":0.0,"max_hp_gain":0.0,"max_hp_loss":0.0,"gold_gain":0.0,"event_name":"Living Wall","player_choice":"Grow","floor":8.0,"gold_loss":0.0,"damage_taken":0.0,"cards_upgraded":["Deadly Poison"]},{"damage_healed":0,"gold_gain":0,"player_choice":"Fight","damage_taken":0,"max_hp_gain":0,"max_hp_loss":0,"event_name":"Colosseum","floor":19,"gold_loss":0},{"damage_healed":0,"gold_gain":0,"player_choice":"Fled From Nobs","damage_taken":0,"max_hp_gain":0,"max_hp_loss":0,"event_name":"Colosseum","floor":19,"gold_loss":0}],"is_beta":true,"boss_relics":[{"not_picked":["Black Star","Snecko Eye"],"picked":"Cursed Key"}],"items_purged_floors":[3],"is_endless":false,"potions_floor_spawned":[4,13,19],"killed_by":"Snake Plant","ascension_level":20}