{"path_per_floor":["M","M","M","M","M","R","E","R","T","R","$","M","M","E","R","B",null,"M","?","$","?","?","E","M","M","T","?","R","$","$","M","R","B",null,"M","$","?","?","M","R","$","T","T","?","M","M","?","?","R","B"],"character_chosen":"IRONCLAD","items_purchased":["Metallicize","Bloodletting","Infernal Blade","Feel No Pain","Body Slam","Shrug It Off","Whetstone","Shrug It Off","GamblersBrew"],"gold_per_floor":[109,128,142,112,123,123,158,158,206,206,52,72,89,123,123,225,225,238,273,87,12,12,46,60,71,119,119,119,119,119,139,139,240,240,256,55,55,277,288,288,44,44,44,44,54,72,72,72,72,72],"floor_reached":51,"campfire_rested":5,"playtime":3504,"item_purchase_floors":[11,11,20,20,36,36,41,41,41],"current_hp_per_floor":[80,79,80,80,80,80,63,63,70,70,70,71,70,59,85,50,87,85,73,73,73,57,55,73,57,57,57,83,83,83,66,87,63,87,62,62,62,62,68,87,87,87,87,76,67,73,73,65,87,63],"items_purged":["Strike_R","Strike_R"],"gold":72,"score":648,"play_id":"b182bafb-eb5a-45a6-b44b-0f90b7f6f053","local_time":"20180616155250","is_prod":false,"is_daily":false,"chose_seed":false,"is_ascension_mode":false,"campfire_upgraded":3,"win_rate":0,"timestamp":1529178770,"campfire_choices":[{"data":"Juggernaut","floor":6,"key":"SMITH"},{"data":"Armaments","floor":8,"key":"SMITH"},{"data":"Armaments","floor":10,"key":"SMITH"},{"floor":15,"key":"REST"},{"floor":28,"key":"REST"},{"floor":32,"key":"REST"},{"floor":40,"key":"REST"},{"floor":49,"key":"REST"}],"path_taken":["M","M","M","M","M","R","E","R","T","R","$","?","M","E","R","BOSS","M","?","$","?","?","E","M","M","T","?","R","?","$","M","R","BOSS","M","$","?","?","M","R","?","?","T","?","M","M","?","?","R","BOSS"],"build_version":"2018-06-14v2","seed_source_timestamp":237061940474885,"purchased_purges":2,"victory":true,"master_deck":["Strike_R+1","Defend_R","Defend_R","Defend_R","Defend_R","Bash","Flex","Armaments+1","Armaments+1","Juggernaut+1","Shrug It Off","Bludgeon+1","Metallicize","Bloodletting","Battle Trance","Seeing Red","Rage","Reaper","Intimidate","Rupture+1","Infernal Blade","Feel No Pain","Necronomicurse","Spot Weakness","Disarm","Barricade","Disarm+1","Body Slam","Shrug It Off","Shrug It Off","Madness","Madness","Infernal Blade+1"],"max_hp_per_floor":[80,80,80,80,80,80,80,80,87,87,87,87,87,87,87,87,87,87,87,87,87,87,87,87,87,87,87,87,87,87,87,87,87,87,87,87,87,87,87,87,87,87,87,87,87,87,87,87,87,87],"relics":["Burning Blood","Question Card","Strawberry","Lantern","Busted Crown","Red Mask","Necronomicon","Pantograph","Juzu Bracelet","Fusion Hammer","Whetstone","Bottled Lightning","Ornamental Fan"],"card_choices":[{"not_picked":["Intimidate","Bloodletting"],"picked":"Flex","floor":1},{"not_picked":["Warcry","Burning Pact"],"picked":"Armaments","floor":2},{"not_picked":["Cleave","Iron Wave"],"picked":"Armaments","floor":3},{"not_picked":["Headbutt","Carnage"],"picked":"Juggernaut","floor":4},{"not_picked":["Headbutt","Cleave"],"picked":"Shrug It Off","floor":5},{"not_picked":["Blood for Blood","Havoc"],"picked":"Bludgeon","floor":7},{"not_picked":["Combust","Flex","Iron Wave"],"picked":"Battle Trance","floor":12},{"not_picked":["Headbutt","Fire Breathing","Wild Strike"],"picked":"Seeing Red","floor":13},{"not_picked":["Corruption","True Grit","Cleave"],"picked":"Rage","floor":14},{"not_picked":["Limit Break","Berserk","Impervious"],"picked":"Reaper","floor":16},{"not_picked":["Armaments"],"picked":"Intimidate","floor":18},{"not_picked":["Seeing Red+1"],"picked":"Rupture+1","floor":19},{"not_picked":["Rage"],"picked":"Spot Weakness","floor":23},{"not_picked":["Spot Weakness+1"],"picked":"Disarm","floor":24},{"not_picked":["Blood for Blood","Shrug It Off"],"picked":"SKIP","floor":25},{"not_picked":["Anger+1","Searing Blow"],"picked":"SKIP","floor":31},{"not_picked":["Double Tap"],"picked":"Barricade","floor":33},{"not_picked":["Iron Wave"],"picked":"Disarm+1","floor":35},{"not_picked":["Fire Breathing+1","Anger"],"picked":"SKIP","floor":39},{"not_picked":["Iron Wave"],"picked":"Infernal Blade+1","floor":45},{"not_picked":["Heavy Blade","Burning Pact+1"],"picked":"SKIP","floor":46}],"player_experience":109933,"potions_floor_usage":[5,7,14,19,31,33,33,50,50],"damage_taken":[{"damage":5,"enemies":"Cultist","floor":1,"turns":4},{"damage":7,"enemies":"2 Louse","floor":2,"turns":3},{"damage":5,"enemies":"Small Slimes","floor":3,"turns":4},{"damage":0,"enemies":"Looter","floor":4,"turns":4},{"damage":5,"enemies":"3 Louse","floor":5,"turns":3},{"damage":23,"enemies":"Gremlin Nob","floor":7,"turns":5},{"damage":5,"enemies":"Large Slime","floor":12,"turns":5},{"damage":7,"enemies":"Exordium Wildlife","floor":13,"turns":4},{"damage":17,"enemies":"Lagavulin","floor":14,"turns":6},{"damage":41,"enemies":"The Guardian","floor":16,"turns":10},{"damage":8,"enemies":"Shell Parasite","floor":18,"turns":5},{"damage":20,"floor":19,"turns":4},{"damage":24,"enemies":"Slavers","floor":23,"turns":8},{"damage":0,"enemies":"Chosen","floor":24,"turns":3},{"damage":22,"enemies":"Centurion and Healer","floor":25,"turns":6},{"damage":37,"enemies":"Cultist and Chosen","floor":31,"turns":7},{"damage":62,"enemies":"Automaton","floor":33,"turns":10},{"damage":31,"enemies":"3 Darklings","floor":35,"turns":7},{"damage":0,"enemies":"Orb Walker","floor":39,"turns":3},{"damage":27,"enemies":"3 Darklings","floor":45,"turns":7},{"damage":0,"enemies":"Sphere and 2 Shapes","floor":46,"turns":5},{"damage":30,"enemies":"Time Eater","floor":50,"turns":14}],"relics_obtained":[{"floor":7,"key":"Question Card"},{"floor":9,"key":"Strawberry"},{"floor":14,"key":"Lantern"},{"floor":19,"key":"Red Mask"},{"floor":22,"key":"Necronomicon"},{"floor":23,"key":"Pantograph"},{"floor":26,"key":"Juzu Bracelet"},{"floor":42,"key":"Bottled Lightning"},{"floor":43,"key":"Ornamental Fan"}],"event_choices":[{"event_name":"Masked Bandits","player_choice":"Fought over 238 gold","floor":19,"damage_taken":0},{"event_name":"Beggar","player_choice":"Gave Gold","floor":21,"damage_taken":0},{"event_name":"Cursed Tome","player_choice":"Obtained Book","floor":22,"damage_taken":0},{"event_name":"Ghosts","player_choice":"Ignored","floor":27,"damage_taken":0},{"event_name":"Mysterious Sphere","player_choice":"Ignore","floor":37,"damage_taken":0},{"event_name":"Tomb of Lord Red Mask","player_choice":"Wore Mask","floor":38,"damage_taken":0},{"event_name":"Winding Halls","player_choice":"Embrace Madness","floor":44,"damage_taken":0},{"event_name":"SecretPortal","player_choice":"Rejected Portal.","floor":47,"damage_taken":0},{"event_name":"Wheel of Change","player_choice":"Damage","floor":48,"damage_taken":0}],"boss_relics":[{"not_picked":["Calling Bell","White Beast Statue"],"picked":"Busted Crown"},{"not_picked":["Runic Cube","Mark of Pain"],"picked":"Fusion Hammer"}],"items_purged_floors":[20,36],"is_endless":false,"potions_floor_spawned":[1,2,5,16,23,24,31,39,45],"seed_played":"-1661317732036949704","ascension_level":0,"potions_obtained":[{"floor":1,"key":"SkillPotion"},{"floor":2,"key":"SteroidPotion"},{"floor":5,"key":"SkillPotion"},{"floor":16,"key":"Explosive Potion"},{"floor":23,"key":"Block Potion"},{"floor":24,"key":"Strength Potion"},{"floor":31,"key":"Weak Potion"},{"floor":39,"key":"SneckoOil"},{"floor":45,"key":"Swift Potion"}],"is_trial":false}