{"gold_per_floor":[115,179,31,31,31,60,60,89,89,118,32,48,67,99,99,174,174,189,189],"floor_reached":19,"playtime":401,"items_purged":[],"score":536,"play_id":"a7696f46-1507-4efb-a5d7-0d95c65d186b","local_time":"20190315174957","is_ascension_mode":true,"campfire_choices":[{"data":"Bash","floor":7,"key":"SMITH"},{"data":"True Grit","floor":15,"key":"SMITH"}],"neow_cost":"NONE","seed_source_timestamp":17592877999422,"circlet_count":0,"master_deck":["AscendersBane","Strike_R","Strike_R","Strike_R","Strike_R","Strike_R","Defend_R","Defend_R","Defend_R","Defend_R","Bash+1","Clothesline","Spot Weakness","Armaments+1","Bludgeon","True Grit+1","Disarm","Battle Trance","Uppercut","Thunderclap","Iron Wave","Offering","Feel No Pain"],"special_seed":0,"relics":["Burning Blood","NeowsBlessing","WingedGreaves","Centennial Puzzle","Bottled Flame","Juzu Bracelet","Shuriken","Black Star"],"potions_floor_usage":[10,14,14,16],"damage_taken":[{"damage":0.0,"enemies":"Small Slimes","floor":1.0,"turns":1.0},{"damage":0,"enemies":"Gremlin Nob","floor":6,"turns":1},{"damage":0,"enemies":"Lagavulin","floor":8,"turns":1},{"damage":10,"enemies":"Gremlin Nob","floor":10,"turns":4},{"damage":7,"enemies":"Jaw Worm","floor":12,"turns":4},{"damage":0,"enemies":"Cultist","floor":13,"turns":3},{"damage":0,"enemies":"Lagavulin","floor":14,"turns":6},{"damage":47,"enemies":"Slime Boss","floor":16,"turns":10},{"damage":10,"enemies":"Chosen","floor":18,"turns":4},{"damage":0,"enemies":"3 Byrds","floor":19,"turns":1}],"seed_played":"1957215919774000876","potions_obtained":[{"floor":8,"key":"Block Potion"},{"floor":12,"key":"EssenceOfSteel"},{"floor":13,"key":"EssenceOfSteel"},{"floor":14,"key":"Poison Potion"}],"is_trial":false,"path_per_floor":["M","?","$","?","?","E","R","E","T","E","$","M","M","E","R","B",null,"M","M"],"character_chosen":"IRONCLAD","items_purchased":["Spot Weakness","Armaments","Battle Trance"],"campfire_rested":0,"item_purchase_floors":[3,3,11],"current_hp_per_floor":[74,74,74,74,79,80,80,80,80,76,76,75,80,80,80,39,70,66,66],"gold":189,"neow_bonus":"THREE_ENEMY_KILL","is_prod":false,"is_daily":false,"chose_seed":false,"campfire_upgraded":2,"win_rate":0,"timestamp":1552697397,"path_taken":["M","?","$","?","?","E","R","E","T","E","$","M","M","E","R","BOSS","M","M"],"build_version":"2019-02-06","purchased_purges":0,"victory":false,"max_hp_per_floor":[75,75,75,75,80,80,80,80,80,80,80,80,80,80,80,80,80,80,80],"card_choices":[{"not_picked":["Cleave","Battle Trance"],"picked":"Clothesline","floor":1.0},{"not_picked":["Heavy Blade","Havoc"],"picked":"Bludgeon","floor":6},{"not_picked":["Thunderclap","Burning Pact"],"picked":"True Grit","floor":8},{"not_picked":["Iron Wave","Dual Wield"],"picked":"Disarm","floor":10},{"not_picked":["Battle Trance","Rampage"],"picked":"Uppercut","floor":12},{"not_picked":["Armaments","Hemokinesis"],"picked":"Thunderclap","floor":13},{"not_picked":["Flex","Wild Strike"],"picked":"Iron Wave","floor":14},{"not_picked":["Juggernaut","Exhume"],"picked":"Offering","floor":16},{"not_picked":["True Grit","Infernal Blade"],"picked":"Feel No Pain","floor":18}],"player_experience":1304963,"relics_obtained":[{"floor":6,"key":"WingedGreaves"},{"floor":8,"key":"Centennial Puzzle"},{"floor":9,"key":"Bottled Flame"},{"floor":10,"key":"Juzu Bracelet"},{"floor":14,"key":"Shuriken"}],"event_choices":[{"damage_healed":0,"gold_gain":64,"player_choice":"Gained Gold","damage_taken":0,"max_hp_gain":0,"max_hp_loss":0,"event_name":"Golden Wing","floor":2,"gold_loss":0},{"damage_healed":0,"gold_gain":0,"player_choice":"Grow","damage_taken":0,"max_hp_gain":0,"max_hp_loss":0,"event_name":"Living Wall","floor":4,"gold_loss":0,"cards_upgraded":["Armaments"]},{"damage_healed":0,"gold_gain":0,"player_choice":"Donut","damage_taken":0,"max_hp_gain":5,"max_hp_loss":0,"event_name":"Big Fish","floor":5,"gold_loss":0}],"is_beta":true,"boss_relics":[{"not_picked":["Runic Cube","Eternal Feather"],"picked":"Black Star"}],"items_purged_floors":[],"is_endless":false,"potions_floor_spawned":[8,12,13,14],"killed_by":"3 Byrds","ascension_level":20}