{"gold_per_floor":[116,391,401,414,414,439,439,466,466,93,93],"floor_reached":11,"playtime":205,"items_purged":["Strike_B"],"score":162,"play_id":"01b5a419-0df4-4fa6-bdf5-134a68621896","local_time":"20190309204238","is_ascension_mode":true,"campfire_choices":[{"floor":7,"key":"DIG"}],"neow_cost":"NONE","seed_source_timestamp":8425104007871,"circlet_count":0,"master_deck":["AscendersBane","Strike_B","Strike_B","Strike_B","Defend_B","Defend_B","Defend_B","Defend_B","Zap","Dualcast","Glacier","Doom and Gloom","Conserve Battery","Hyperbeam","Gash","Fusion+1","Stack+1","Hello World","Panacea+1"],"relics":["Cracked Core","NeowsBlessing","Shovel","Toxic Egg 2","PreservedInsect","Kunai"],"potions_floor_usage":[6],"damage_taken":[{"damage":0,"enemies":"Small Slimes","floor":1,"turns":1},{"damage":0,"enemies":"Cultist","floor":3,"turns":1},{"damage":0,"enemies":"Jaw Worm","floor":4,"turns":1},{"damage":31,"enemies":"Gremlin Nob","floor":6,"turns":5},{"damage":15,"enemies":"3 Sentries","floor":8,"turns":3},{"damage":0,"enemies":"Large Slime","floor":11,"turns":1}],"seed_played":"1986105833420738698","potions_obtained":[{"floor":1,"key":"Ancient Potion"},{"floor":6,"key":"FearPotion"},{"floor":8,"key":"Fire Potion"}],"is_trial":false,"path_per_floor":["M","?","M","M","?","E","R","E","T","$","M"],"character_chosen":"DEFECT","items_purchased":["Fusion+1","Stack+1","Hello World","Panacea+1"],"campfire_rested":0,"item_purchase_floors":[10,10,10,10],"current_hp_per_floor":[64,64,64,64,57,26,26,11,11,11,11],"gold":93,"neow_bonus":"THREE_ENEMY_KILL","is_prod":false,"is_daily":false,"chose_seed":false,"campfire_upgraded":0,"win_rate":0,"timestamp":1552192958,"path_taken":["M","?","?","?","?","E","R","E","T","$","M"],"build_version":"2019-02-06","purchased_purges":1,"victory":false,"max_hp_per_floor":[71,71,71,71,71,71,71,71,71,71,71],"card_choices":[{"not_picked":["Undo","Hello World"],"picked":"Glacier","floor":1},{"not_picked":["Reinforced Body","Rebound"],"picked":"Doom and Gloom","floor":3},{"not_picked":["Storm","Tempest"],"picked":"Conserve Battery","floor":4},{"not_picked":["Capacitor","Echo Form"],"picked":"Hyperbeam","floor":6},{"not_picked":["Barrage","Force Field+1"],"picked":"Gash","floor":8}],"player_experience":1278781,"relics_obtained":[{"floor":6,"key":"Shovel"},{"floor":7,"key":"Toxic Egg 2"},{"floor":8,"key":"PreservedInsect"},{"floor":9,"key":"Kunai"}],"event_choices":[{"damage_healed":0,"gold_gain":275,"player_choice":"Desecrate","damage_taken":0,"max_hp_gain":0,"max_hp_loss":0,"event_name":"Golden Shrine","floor":2,"gold_loss":0,"cards_obtained":["Regret"]},{"cards_removed":["Regret"],"damage_healed":0,"gold_gain":0,"player_choice":"Card Removal","damage_taken":7,"max_hp_gain":0,"max_hp_loss":0,"event_name":"Golden Wing","floor":5,"gold_loss":0}],"is_beta":true,"boss_relics":[],"items_purged_floors":[10],"is_endless":false,"potions_floor_spawned":[1,6,8],"killed_by":"Large Slime","ascension_level":20}