{"path_per_floor":["M","?","M","M","$","E","R","?","T","R","$","M","T","?","R","B",null,"M","M","$","M","M"],"character_chosen":"IRONCLAD","items_purchased":["Flex","Armaments","Panacea","Warcry"],"gold_per_floor":[215,215,235,245,94,129,129,129,129,129,29,48,96,196,196,292,292,306,326,88,99,113],"floor_reached":23,"campfire_rested":0,"playtime":2540,"current_hp_per_floor":[79,84,85,85,85,72,72,69,69,69,69,74,74,74,74,49,85,40,40,40,38,36],"items_purged":["Strike_R","Defend_R","Strike_R"],"gold":113,"score":191,"play_id":"4f18421e-e4a0-44ca-9a20-f81b77554dc8","is_prod":false,"is_daily":false,"is_ascension_mode":false,"campfire_upgraded":3,"path_taken":["M","?","M","M","$","E","R","?","T","R","$","?","?","?","R","BOSS","M","M","$","M","M","E"],"build_version":"2018-02-15-PROD1","purchased_purges":4,"victory":false,"master_deck":["Strike_R","Strike_R","Strike_R","Defend_R","Defend_R","Defend_R","Bash","Headbutt","Iron Wave","Inflame+1","Flex","Armaments","Juggernaut+1","Heavy Blade+1","Demon Form","Shockwave","Iron Wave+1","Panacea","Warcry","Flex","Shrug It Off+1"],"max_hp_per_floor":[80,85,85,85,85,85,85,85,85,85,85,85,85,85,85,85,85,85,85,85,85,85],"relics":["Burning Blood","Torii","Anchor","Calipers","Blood Vial","Mark of Pain"],"card_choices":[{"not_picked":["Heavy Blade","Twin Strike"],"picked":"Headbutt"},{"not_picked":["Searing Blow","Anger"],"picked":"Iron Wave"},{"not_picked":["Juggernaut","Reckless Charge"],"picked":"Inflame"},{"not_picked":["Power Through","Searing Blow"],"picked":"Juggernaut"},{"not_picked":["Armaments","Thunderclap"],"picked":"Heavy Blade"},{"not_picked":["Bludgeon","Impervious"],"picked":"Demon Form"},{"not_picked":["Pummel","Rampage"],"picked":"Shockwave"},{"not_picked":["Shrug It Off","Perfected Strike"],"picked":"Iron Wave"},{"not_picked":["Anger","Shockwave"],"picked":"Flex"},{"not_picked":["Hemokinesis","Uppercut"],"picked":"Shrug It Off"}],"player_experience":24678,"potions_floor_usage":[12,23,23],"damage_taken":[{"damage":7,"enemies":"2 Louse","floor":1,"turns":3},{"damage":0,"enemies":"Small Slimes","floor":3,"turns":3},{"damage":1,"enemies":"Cultist","floor":4,"turns":3},{"damage":19,"enemies":"Gremlin Nob","floor":6,"turns":5},{"damage":1,"enemies":"Exordium Wildlife","floor":12,"turns":4},{"damage":33,"enemies":"Hexaghost","floor":16,"turns":9},{"damage":51,"enemies":"Chosen","floor":18,"turns":6},{"damage":8,"enemies":"2 Thieves","floor":19,"turns":5},{"damage":10,"enemies":"Centurion and Healer","floor":21,"turns":6},{"damage":10,"enemies":"Snecko","floor":22,"turns":5},{"damage":42,"enemies":"Slavers","floor":23,"turns":3}],"event_choices":[{"event_name":"Big Fish","player_choice":"Donut","floor":2,"damage_taken":0},{"event_name":"Scrap Ooze","player_choice":"success","floor":8,"damage_taken":3},{"event_name":"Golden Shrine","player_choice":"Pray","floor":14,"damage_taken":0}],"boss_relics":[{"not_picked":["Calling Bell","Ectoplasm"],"picked":"Mark of Pain"}],"potions_floor_spawned":[6,16,21,22],"seed_played":"5593537574406254710","killed_by":"Slavers","ascension_level":0,"is_trial":false}