{"gold_per_floor":[116,135,285,285,21,21,59,59,59,33,48,48,66,140,140,140],"floor_reached":16,"playtime":277,"items_purged":[],"score":266,"play_id":"2421430c-feba-4e3c-a05e-746602e22df8","local_time":"20190808232557","is_ascension_mode":true,"campfire_choices":[{"data":"Bash","floor":6,"key":"SMITH"},{"data":"Shockwave","floor":8,"key":"SMITH"},{"data":"Armaments","floor":15,"key":"SMITH"}],"neow_cost":"NONE","seed_source_timestamp":3002691984885,"circlet_count":0,"master_deck":["AscendersBane","Strike_R","Strike_R","Strike_R","Strike_R","Strike_R","Defend_R","Defend_R","Defend_R","Defend_R","Bash+1","Clothesline","Shockwave+1","Doubt","Iron Wave+1","Thunderclap+1","Sword Boomerang+1","Armaments+1","Shrug It Off"],"relics":["Burning Blood","NeowsBlessing","Golden Idol","Molten Egg 2","Shuriken","Gremlin Horn","Tiny Chest"],"potions_floor_usage":[13,14],"damage_taken":[{"damage":0,"enemies":"Small Slimes","floor":1,"turns":1},{"damage":0,"enemies":"2 Louse","floor":2,"turns":1},{"damage":0,"enemies":"Gremlin Nob","floor":7,"turns":1},{"damage":11,"enemies":"Jaw Worm","floor":11,"turns":5},{"damage":5,"enemies":"Exordium Thugs","floor":13,"turns":3},{"damage":13,"enemies":"Lagavulin","floor":14,"turns":6},{"damage":43,"enemies":"Slime Boss","floor":16,"turns":8}],"seed_played":"-8921486814678662778","potions_obtained":[{"floor":2,"key":"Explosive Potion"},{"floor":7,"key":"SpeedPotion"},{"floor":13,"key":"PowerPotion"}],"is_trial":false,"path_per_floor":["M","M","?","?","$","R","E","R","T","$","M","$","M","E","R","B"],"character_chosen":"IRONCLAD","items_purchased":["Molten Egg 2","Thunderclap+1"],"campfire_rested":0,"item_purchase_floors":[5,10],"current_hp_per_floor":[74,75,75,68,68,68,68,68,68,68,63,63,64,57,57,14],"gold":140,"neow_bonus":"THREE_ENEMY_KILL","is_prod":false,"is_daily":false,"chose_seed":false,"campfire_upgraded":3,"win_rate":0,"timestamp":1565331957,"path_taken":["M","M","?","?","$","R","E","R","T","?","?","$","M","E","R","BOSS"],"build_version":"2019-07-18","purchased_purges":0,"victory":false,"max_hp_per_floor":[75,75,75,68,68,68,68,68,68,68,68,68,68,68,68,68],"card_choices":[{"not_picked":["Rage","Havoc"],"picked":"Clothesline","floor":1},{"not_picked":["Corruption","Thunderclap"],"picked":"Shockwave","floor":2},{"not_picked":["Reaper+1","Flex"],"picked":"Iron Wave+1","floor":7},{"not_picked":["True Grit","Twin Strike+1"],"picked":"Sword Boomerang+1","floor":11},{"not_picked":["Sentinel","Burning Pact"],"picked":"Armaments","floor":13},{"not_picked":["Feel No Pain","Clash+1"],"picked":"Shrug It Off","floor":14}],"player_experience":1391519,"relics_obtained":[{"floor":7,"key":"Shuriken"},{"floor":9,"key":"Gremlin Horn"},{"floor":14,"key":"Tiny Chest"}],"event_choices":[{"damage_healed":0,"gold_gain":150,"player_choice":"AGREE","damage_taken":0,"max_hp_gain":0,"max_hp_loss":0,"event_name":"Liars Game","floor":3,"gold_loss":0,"cards_obtained":["Doubt"]},{"damage_healed":0,"gold_gain":0,"player_choice":"Lose Max HP","damage_taken":0,"relics_obtained":["Golden Idol"],"max_hp_gain":0,"max_hp_loss":7,"event_name":"Golden Idol","floor":4,"gold_loss":0}],"is_beta":true,"boss_relics":[],"items_purged_floors":[],"is_endless":false,"potions_floor_spawned":[2,7,13],"killed_by":"Slime Boss","ascension_level":20}