{"path_per_floor":["M","?","M","M","?","R","?","M","T","R","M","R","M","M","R","B",null,"M","M","?","?","M","R","E"],"character_chosen":"THE_SILENT","items_purchased":[],"gold_per_floor":[115,115,128,139,139,139,119,137,164,164,177,177,190,203,203,301,301,301,301,301,301,301,301,301,301],"floor_reached":25,"campfire_rested":2,"playtime":3022,"current_hp_per_floor":[69,74,72,65,65,65,65,60,60,60,52,52,33,20,42,14,75,70,70,70,70,37,74,5,0],"items_purged":[],"gold":301,"score":246,"play_id":"304919ff-1388-40e5-81ff-c485ff0e0df5","local_time":"20180513203739","is_prod":false,"is_daily":false,"chose_seed":false,"is_ascension_mode":true,"campfire_upgraded":3,"timestamp":1526236659,"path_taken":["M","?","M","?","?","R","?","M","T","R","M","R","M","M","R","BOSS","M","M","?","?","M","R","E","M"],"build_version":"2018-05-10","seed_source_timestamp":380650849722368,"purchased_purges":0,"victory":false,"master_deck":["Defend_G","Defend_G","Defend_G","Defend_G","Defend_G","Strike_G","Strike_G","Strike_G","Strike_G","Strike_G","Survivor","Neutralize+1","Slice","Outmaneuver+1","Blade Dance+1","Injury","Acrobatics","Night Terror+1","Accuracy","Grand Finale","Blade Dance+1","Blur","Backflip"],"max_hp_per_floor":[70,75,75,75,75,75,75,75,75,75,75,75,75,75,75,75,75,75,75,75,75,75,75,75,75],"relics":["Ring of the Snake","Bronze Scales","Ectoplasm","Regal Pillow","Spirit Poop","Centennial Puzzle"],"card_choices":[{"not_picked":["Finisher","Well Laid Plans"],"picked":"Slice","floor":1},{"not_picked":["PiercingWail","Accuracy"],"picked":"Outmaneuver","floor":3},{"not_picked":["Poisoned Stab","Heel Hook"],"picked":"Blade Dance","floor":4},{"not_picked":["Masterful Stab","Bouncing Flask"],"picked":"Acrobatics","floor":8},{"not_picked":["Deadly Poison","Poisoned Stab"],"picked":"Night Terror","floor":11},{"not_picked":["Cloak And Dagger","Dodge and Roll"],"picked":"Accuracy","floor":13},{"not_picked":["Die Die Die","A Thousand Cuts"],"picked":"Grand Finale","floor":16},{"not_picked":["PiercingWail","Prepared"],"picked":"Blade Dance","floor":18},{"not_picked":["Dagger Spray","PiercingWail"],"picked":"Blur","floor":19},{"not_picked":["Calculated Gamble","Die Die Die"],"picked":"Backflip","floor":24}],"player_experience":170778,"potions_floor_usage":[8,11,11,13,18,18,22,22,24],"damage_taken":[{"damage":1,"enemies":"Jaw Worm","floor":1,"turns":4},{"damage":2,"enemies":"Small Slimes","floor":3,"turns":4},{"damage":7,"enemies":"2 Louse","floor":4,"turns":3},{"damage":5,"enemies":"Gremlin Gang","floor":8,"turns":3},{"damage":8,"enemies":"Large Slime","floor":11,"turns":7},{"damage":19,"enemies":"Exordium Thugs","floor":13,"turns":5},{"damage":13,"enemies":"3 Louse","floor":14,"turns":3},{"damage":28,"enemies":"The Guardian","floor":16,"turns":11},{"damage":5,"enemies":"Chosen","floor":18,"turns":4},{"damage":0,"enemies":"3 Byrds","floor":19,"turns":6},{"damage":33,"enemies":"3 Cultists","floor":22,"turns":8},{"damage":69,"enemies":"Gremlin Leader","floor":24,"turns":6},{"damage":11,"enemies":"Centurion and Healer","floor":25,"turns":2}],"event_choices":[{"event_name":"Big Fish","player_choice":"Donut","floor":2,"damage_taken":0},{"event_name":"Accursed Blacksmith","player_choice":"Forge","floor":5,"damage_taken":0},{"event_name":"The Woman in Blue","player_choice":"Bought 1 Potion","floor":7,"damage_taken":0},{"event_name":"The Mausoleum","player_choice":"Yes","floor":20,"damage_taken":0},{"event_name":"Bonfire Elementals","player_choice":"CURSE","floor":21,"damage_taken":0}],"boss_relics":[{"not_picked":["Philosopher\u0027s Stone","Black Star"],"picked":"Ectoplasm"}],"potions_floor_spawned":[1,4,11,14,16,18,19,22],"seed_played":"-7834148348897344105","killed_by":"Centurion and Healer","ascension_level":3,"is_trial":false}