{"gold_per_floor":[110,41,41,60,79,79,91,106,159,159,159,176,176,176],"floor_reached":14,"playtime":360,"items_purged":[],"score":82,"play_id":"f3b52a0a-cdcf-421d-aba5-a2fcd68425da","local_time":"20180709210228","is_ascension_mode":false,"campfire_choices":[{"data":"Malaise","floor":6,"key":"SMITH"},{"data":"Neutralize","floor":10,"key":"SMITH"},{"data":"Noxious Fumes","floor":13,"key":"SMITH"}],"neow_cost":"","seed_source_timestamp":0,"circlet_count":0,"master_deck":["Defend_G","Defend_G","Defend_G","Defend_G","Defend_G","Strike_G","Strike_G","Strike_G","Strike_G","Strike_G","Survivor","Neutralize+1","Blur","Noxious Fumes+1","Malaise+1","Deadly Poison","Cloak And Dagger","Parasite","Catalyst"],"special_seed":17722,"relics":["Ring of the Snake","Tiny Chest"],"potions_floor_usage":[12,12],"damage_taken":[{"damage":0,"enemies":"Jaw Worm","floor":1,"turns":5},{"damage":0,"enemies":"Small Slimes","floor":4,"turns":4},{"damage":3,"enemies":"Cultist","floor":5,"turns":5},{"damage":0,"enemies":"Red Slaver","floor":7,"turns":6},{"damage":0,"enemies":"2 Fungi Beasts","floor":8,"turns":5},{"damage":2,"enemies":"Exordium Wildlife","floor":12,"turns":7},{"damage":5,"enemies":"Lots of Slimes","floor":14,"turns":1}],"seed_played":"6208141549042738811","potions_obtained":[{"floor":7,"key":"FearPotion"},{"floor":8,"key":"PowerPotion"}],"is_trial":true,"path_per_floor":["M","$","?","M","M","R","M","M","T","R","?","M","R"],"character_chosen":"THE_SILENT","items_purchased":["Noxious Fumes"],"campfire_rested":0,"item_purchase_floors":[2],"current_hp_per_floor":[1,1,6,6,3,3,3,3,3,3,4,2,2,0],"gold":176,"neow_bonus":"","is_prod":false,"is_daily":false,"chose_seed":false,"campfire_upgraded":3,"win_rate":0,"timestamp":1531195348,"path_taken":["M","$","?","M","?","R","M","?","T","R","?","M","R","?"],"build_version":"2018-07-05","purchased_purges":0,"victory":false,"max_hp_per_floor":[1,1,6,6,6,6,6,6,6,6,6,6,6,6],"card_choices":[{"not_picked":["Bane","Underhanded Strike"],"picked":"Blur","floor":1},{"not_picked":["PiercingWail","Quick Slash"],"picked":"Malaise","floor":4},{"not_picked":["Blade Dance","Flechettes"],"picked":"Deadly Poison","floor":7},{"not_picked":["Backflip","Dagger Throw"],"picked":"Cloak And Dagger","floor":8},{"not_picked":["Dagger Spray","Choke"],"picked":"Catalyst","floor":12}],"player_experience":556215,"relics_obtained":[{"floor":9,"key":"Tiny Chest"}],"event_choices":[{"event_name":"Big Fish","player_choice":"Donut","floor":3,"damage_taken":0},{"event_name":"Mushrooms","player_choice":"Healed and dodged fight","floor":11,"damage_taken":0}],"boss_relics":[],"items_purged_floors":[],"is_endless":false,"potions_floor_spawned":[7,8],"killed_by":"Lots of Slimes","ascension_level":0}