{"gold_per_floor":[112,112,83,33,105,133,133,146,146,146,163,191,201,38,38,38],"floor_reached":16,"playtime":280,"items_purged":[],"score":266,"play_id":"91d6425e-b0f2-4965-a5c7-9a6a3858cdae","local_time":"20190213144342","is_ascension_mode":true,"campfire_choices":[{"data":"Neutralize","floor":7,"key":"SMITH"},{"data":"Footwork","floor":10,"key":"SMITH"},{"data":"Cloak And Dagger","floor":15,"key":"SMITH"}],"neow_cost":"NONE","seed_source_timestamp":14306350335614,"circlet_count":0,"master_deck":["AscendersBane","Defend_G","Defend_G","Defend_G","Defend_G","Defend_G","Strike_G","Strike_G","Strike_G","Strike_G","Strike_G","Survivor","Neutralize+1","Footwork+1","Dagger Throw","Backflip","Flying Knee","Flying Knee","Cloak And Dagger+1","Bouncing Flask","Blur","Masterful Stab"],"relics":["Ring of the Snake","NeowsBlessing","Dodecahedron","Art of War","Bag of Preparation","Anchor"],"potions_floor_usage":[12],"damage_taken":[{"damage":0,"enemies":"2 Louse","floor":1,"turns":1},{"damage":0,"enemies":"Gremlin Nob","floor":6,"turns":1},{"damage":0,"enemies":"Jaw Worm","floor":8,"turns":1},{"damage":0,"enemies":"Cultist","floor":11,"turns":3},{"damage":22,"enemies":"Lagavulin","floor":12,"turns":10},{"damage":6,"enemies":"Lots of Slimes","floor":13,"turns":5},{"damage":0,"enemies":"The Guardian","floor":16,"turns":5}],"seed_played":"-8005919874742999813","potions_obtained":[{"floor":8,"key":"Fire Potion"}],"is_trial":false,"path_per_floor":["M","?","$","$","T","E","R","M","T","R","M","E","M","$","R","B"],"character_chosen":"THE_SILENT","items_purchased":["Dagger Throw","Backflip","Blur","Masterful Stab"],"campfire_rested":0,"item_purchase_floors":[3,4,14,14],"current_hp_per_floor":[59,59,59,59,59,59,59,59,59,59,59,37,31,31,31,31],"gold":38,"neow_bonus":"THREE_ENEMY_KILL","is_prod":false,"is_daily":false,"chose_seed":false,"campfire_upgraded":3,"win_rate":0,"timestamp":1550097822,"path_taken":["M","?","?","$","?","E","R","M","T","R","M","E","?","$","R","BOSS"],"build_version":"2019-02-06","purchased_purges":0,"victory":false,"max_hp_per_floor":[66,66,66,66,66,66,66,66,66,66,66,66,66,66,66,66],"card_choices":[{"not_picked":["Cloak And Dagger","Deadly Poison"],"picked":"Footwork","floor":1},{"not_picked":["Infinite Blades","Catalyst"],"picked":"Flying Knee","floor":6},{"not_picked":["Prepared","Eviscerate"],"picked":"Flying Knee","floor":8},{"not_picked":["Underhanded Strike","Bane"],"picked":"Cloak And Dagger","floor":11},{"not_picked":["Sucker Punch","Blade Dance"],"picked":"Bouncing Flask","floor":12}],"player_experience":1156307,"relics_obtained":[{"floor":5,"key":"Dodecahedron"},{"floor":6,"key":"Art of War"},{"floor":9,"key":"Bag of Preparation"},{"floor":12,"key":"Anchor"}],"event_choices":[{"damage_healed":0,"gold_gain":0,"player_choice":"Leave","damage_taken":0,"max_hp_gain":0,"max_hp_loss":0,"event_name":"The Cleric","floor":2,"gold_loss":0}],"is_beta":true,"boss_relics":[],"items_purged_floors":[],"is_endless":false,"potions_floor_spawned":[8],"killed_by":"The Guardian","ascension_level":20}