{"gold_per_floor":[112,112,33,33,33,72,72,87,111,150,115,115,115,133,133,252,252,273,198,198,222,242,278,278,278],"floor_reached":25,"playtime":751,"items_purged":["Defend_G"],"score":252,"play_id":"85739330-fa8a-498e-aeb4-acb0efc78e04","local_time":"20190106173850","is_ascension_mode":false,"campfire_choices":[{"data":"Footwork","floor":7,"key":"SMITH"},{"data":"Sucker Punch","floor":13,"key":"SMITH"},{"data":"Bouncing Flask","floor":15,"key":"SMITH"},{"floor":24,"key":"REST"}],"neow_cost":"NONE","seed_source_timestamp":66278081534711,"circlet_count":0,"master_deck":["Defend_G","Defend_G","Defend_G","Defend_G","Strike_G","Strike_G","Strike_G","Strike_G","Strike_G","Survivor","Neutralize","Sucker Punch+1","Footwork+1","All Out Attack+1","Flying Knee+1","Acrobatics","Bouncing Flask+1","A Thousand Cuts","Noxious Fumes","Slice+1"],"relics":["Ring of the Snake","NeowsBlessing","Golden Idol","Molten Egg 2","Blood Vial","Centennial Puzzle","Sozu","PreservedInsect"],"potions_floor_usage":[23],"damage_taken":[{"damage":0,"enemies":"Jaw Worm","floor":1,"turns":1},{"damage":0,"enemies":"Lagavulin","floor":6,"turns":1},{"damage":0,"enemies":"Small Slimes","floor":8,"turns":1},{"damage":26,"enemies":"Gremlin Nob","floor":10,"turns":6},{"damage":0,"enemies":"2 Louse","floor":14,"turns":3},{"damage":31,"enemies":"Slime Boss","floor":16,"turns":13},{"damage":5,"enemies":"Chosen","floor":18,"turns":5},{"damage":10,"enemies":"Shell Parasite","floor":21,"turns":4},{"damage":15,"enemies":"Snake Plant","floor":22,"turns":4},{"damage":43,"enemies":"Slavers","floor":23,"turns":6},{"damage":33,"enemies":"Gremlin Leader","floor":25,"turns":3}],"seed_played":"-4575421310171710140","potions_obtained":[{"floor":6,"key":"GhostInAJar"},{"floor":14,"key":"Poison Potion"}],"is_trial":false,"path_per_floor":["M","?","$","?","?","E","R","M","T","E","?","?","R","M","R","B",null,"M","$","?","M","M","E","R","E"],"character_chosen":"THE_SILENT","items_purchased":["Footwork"],"campfire_rested":1,"item_purchase_floors":[3],"current_hp_per_floor":[70,53,53,53,53,53,53,53,53,29,46,51,51,53,53,24,75,70,70,70,62,49,8,30,0],"gold":278,"neow_bonus":"THREE_ENEMY_KILL","is_prod":false,"is_daily":false,"chose_seed":false,"campfire_upgraded":3,"win_rate":0.0,"timestamp":1546814330,"path_taken":["M","?","$","?","?","E","R","M","T","E","?","?","R","?","R","BOSS","M","$","?","?","M","E","R","E"],"build_version":"2019-01-03v4","purchased_purges":1,"victory":false,"max_hp_per_floor":[70,70,70,70,70,70,70,70,70,70,70,75,75,75,75,75,75,75,75,75,75,75,75,75,75],"card_choices":[{"not_picked":["Quick Slash","Predator"],"picked":"Sucker Punch","floor":1},{"not_picked":["Riddle With Holes","Outmaneuver"],"picked":"All Out Attack","floor":6},{"not_picked":["Outmaneuver","Well Laid Plans"],"picked":"Flying Knee+1","floor":8},{"not_picked":["Deadly Poison","Prepared"],"picked":"Acrobatics","floor":10},{"not_picked":["Sucker Punch+1","Deadly Poison"],"picked":"Bouncing Flask","floor":14},{"not_picked":["Doppelganger","Phantasmal Killer"],"picked":"A Thousand Cuts","floor":16},{"not_picked":["Blade Dance+1","Heel Hook+1"],"picked":"Noxious Fumes","floor":18},{"not_picked":["Eviscerate+1","Infinite Blades"],"picked":"Slice+1","floor":21},{"not_picked":["Backflip","Flying Knee+1","Eviscerate+1"],"picked":"SKIP","floor":22},{"not_picked":["Slice+1","Distraction","Finisher+1"],"picked":"SKIP","floor":23}],"player_experience":2070,"relics_obtained":[{"floor":6,"key":"Molten Egg 2"},{"floor":9,"key":"Blood Vial"},{"floor":10,"key":"Centennial Puzzle"},{"floor":23,"key":"PreservedInsect"}],"event_choices":[{"damage_healed":0,"gold_gain":0,"player_choice":"Take Damage","damage_taken":17,"relics_obtained":["Golden Idol"],"max_hp_gain":0,"max_hp_loss":0,"event_name":"Golden Idol","floor":2,"gold_loss":0},{"damage_healed":0,"gold_gain":0,"player_choice":"Ignored","damage_taken":0,"max_hp_gain":0,"max_hp_loss":0,"event_name":"Liars Game","floor":4,"gold_loss":0},{"damage_healed":0,"gold_gain":0,"player_choice":"Ignored","damage_taken":0,"max_hp_gain":0,"max_hp_loss":0,"event_name":"Golden Wing","floor":5,"gold_loss":0},{"damage_healed":17,"gold_gain":0,"player_choice":"Healed","damage_taken":0,"max_hp_gain":0,"max_hp_loss":0,"event_name":"The Cleric","floor":11,"gold_loss":35},{"damage_healed":0,"gold_gain":0,"player_choice":"Donut","damage_taken":0,"max_hp_gain":5,"max_hp_loss":0,"event_name":"Big Fish","floor":12,"gold_loss":0},{"damage_healed":0,"gold_gain":0,"player_choice":"Got Potions","damage_taken":0,"max_hp_gain":0,"max_hp_loss":0,"event_name":"Lab","floor":20,"gold_loss":0}],"is_beta":false,"boss_relics":[{"not_picked":["Black Star","Busted Crown"],"picked":"Sozu"}],"items_purged_floors":[19],"is_endless":false,"potions_floor_spawned":[6,14,18,22],"killed_by":"Gremlin Leader","ascension_level":0}