{"gold_per_floor":[214,214,232,249,75,75,93,122,171,188,188,201,201,217,217,316,316,330,343,343,87,106,106,126,126,126,144,144,164,175,1,1,102,102,118,134,134,9,9],"floor_reached":39,"playtime":4461,"items_purged":["Strike_R","Strike_R","Strike_R"],"score":509,"play_id":"527eb77d-dc64-484c-8e11-be92fb94d9d7","local_time":"20181122233909","is_ascension_mode":true,"campfire_choices":[{"data":"Armaments","floor":6,"key":"SMITH"},{"data":"Body Slam","floor":11,"key":"SMITH"},{"data":"Warcry","floor":15,"key":"SMITH"},{"data":"Limit Break","floor":23,"key":"SMITH"},{"data":"Inflame","floor":25,"key":"SMITH"},{"data":"Body Slam","floor":28,"key":"SMITH"},{"floor":32,"key":"REST"}],"neow_cost":"NONE","seed_source_timestamp":11051532290058,"circlet_count":0,"master_deck":["Strike_R","Defend_R","Defend_R","Defend_R","Bash","Inflame+1","Shrug It Off","Armaments+1","Heavy Blade","Body Slam+1","Pommel Strike","Warcry+1","Limit Break+1","Intimidate","Cleave","Thunderclap+1","Body Slam+1","Spot Weakness+1","Fiend Fire","Iron Wave","Parasite"],"relics":["Burning Blood","FaceOfCleric","Blue Candle","Red Skull","Cursed Key","Paper Frog","Matryoshka","Empty Cage"],"potions_floor_usage":[8,14,16,22,24,29,33,33],"damage_taken":[{"damage":8,"enemies":"2 Louse","floor":1,"turns":3},{"damage":1,"enemies":"Cultist","floor":3,"turns":3},{"damage":9,"enemies":"Jaw Worm","floor":4,"turns":3},{"damage":5,"enemies":"3 Louse","floor":7,"turns":5},{"damage":14,"enemies":"Lagavulin","floor":8,"turns":5},{"damage":12,"enemies":"Large Slime","floor":10,"turns":7},{"damage":5,"enemies":"Exordium Thugs","floor":12,"turns":4},{"damage":0,"enemies":"Blue Slaver","floor":14,"turns":3},{"damage":22,"enemies":"The Guardian","floor":16,"turns":12},{"damage":26,"enemies":"2 Thieves","floor":18,"turns":5},{"damage":0,"enemies":"Chosen","floor":19,"turns":4},{"damage":20,"enemies":"3 Cultists","floor":22,"turns":5},{"damage":13,"enemies":"Snake Plant","floor":24,"turns":4},{"damage":14,"enemies":"Shelled Parasite and Fungi","floor":27,"turns":4},{"damage":0,"enemies":"Cultist and Chosen","floor":29,"turns":4},{"damage":25,"enemies":"Snake Plant","floor":30,"turns":2},{"damage":44,"enemies":"Collector","floor":33,"turns":7},{"damage":25,"enemies":"Orb Walker","floor":35,"turns":3},{"damage":42,"enemies":"3 Darklings","floor":36,"turns":4},{"damage":30,"enemies":"Writhing Mass","floor":39,"turns":3}],"seed_played":"4326565883943387190","potions_obtained":[{"floor":3,"key":"AttackPotion"},{"floor":8,"key":"SteroidPotion"},{"floor":10,"key":"Block Potion"},{"floor":12,"key":"Explosive Potion"},{"floor":18,"key":"Dexterity Potion"},{"floor":22,"key":"PowerPotion"},{"floor":29,"key":"Fire Potion"}],"is_trial":false,"path_per_floor":["M","?","M","M","$","R","M","E","T","M","R","M","?","M","R","B",null,"M","M","?","$","M","R","M","R","T","M","R","M","M","$","R","B",null,"M","M","?","$","M"],"character_chosen":"IRONCLAD","items_purchased":["Armaments","Headbutt","Paper Frog","BloodPotion"],"campfire_rested":1,"item_purchase_floors":[5,5,21,31],"current_hp_per_floor":[78,78,81,79,79,79,81,74,74,69,69,71,64,71,71,56,80,61,68,68,68,55,55,49,49,49,42,42,49,31,31,59,31,80,62,27,27,27,0],"gold":9,"neow_bonus":"HUNDRED_GOLD","is_prod":false,"is_daily":false,"chose_seed":false,"campfire_upgraded":6,"win_rate":0,"timestamp":1542926349,"path_taken":["M","?","M","M","$","R","?","E","T","M","R","M","?","M","R","BOSS","M","M","?","$","M","R","M","R","T","M","R","M","M","$","R","BOSS","M","M","?","$","M"],"build_version":"2018-11-15","purchased_purges":3,"victory":false,"max_hp_per_floor":[80,80,81,82,82,82,83,84,84,85,85,86,86,87,87,88,88,89,90,90,90,91,91,92,92,92,93,93,94,95,95,95,96,96,97,98,98,98,98],"card_choices":[{"not_picked":["Thunderclap","Warcry","Metallicize"],"picked":"SKIP","floor":1},{"not_picked":["Ghostly Armor","Blood for Blood"],"picked":"Inflame","floor":3},{"not_picked":["True Grit","Iron Wave"],"picked":"Shrug It Off","floor":4},{"not_picked":["Searing Blow","Second Wind"],"picked":"Heavy Blade","floor":7},{"not_picked":["Dual Wield","Clash"],"picked":"Body Slam","floor":8},{"not_picked":["Rampage","Blood for Blood","Rupture"],"picked":"SKIP","floor":10},{"not_picked":["Havoc","Wild Strike"],"picked":"Pommel Strike","floor":12},{"not_picked":["Pommel Strike","Headbutt"],"picked":"Warcry","floor":14},{"not_picked":["Dark Embrace","Offering"],"picked":"Limit Break","floor":16},{"not_picked":["Warcry+1","Heavy Blade+1"],"picked":"Intimidate","floor":18},{"not_picked":["Thunderclap","Heavy Blade","Pommel Strike"],"picked":"SKIP","floor":19},{"not_picked":["Warcry","Fire Breathing+1"],"picked":"Thunderclap+1","floor":22},{"not_picked":["Infernal Blade","True Grit","Pommel Strike"],"picked":"SKIP","floor":24},{"not_picked":["Shrug It Off","Havoc"],"picked":"Body Slam","floor":27},{"not_picked":["Pummel","Fiend Fire","True Grit"],"picked":"SKIP","floor":29},{"not_picked":["Power Through","Dual Wield"],"picked":"Spot Weakness+1","floor":30},{"not_picked":["Double Tap","Berserk"],"picked":"Fiend Fire","floor":33},{"not_picked":["Fire Breathing","Twin Strike+1"],"picked":"Iron Wave","floor":35},{"not_picked":["Wild Strike+1","Clash+1","Armaments"],"picked":"SKIP","floor":36}],"player_experience":290616,"relics_obtained":[{"floor":8,"key":"Blue Candle"},{"floor":9,"key":"Red Skull"},{"floor":26,"key":"Matryoshka"}],"event_choices":[{"damage_healed":0,"gold_gain":0,"player_choice":"Trade","damage_taken":0,"relics_obtained":["FaceOfCleric"],"max_hp_gain":0,"max_hp_loss":0,"event_name":"FaceTrader","floor":2,"gold_loss":0},{"cards_removed":["Strike_R"],"damage_healed":0,"gold_gain":0,"player_choice":"Card Removal","damage_taken":7,"max_hp_gain":0,"max_hp_loss":0,"event_name":"Golden Wing","floor":13,"gold_loss":0},{"damage_healed":0,"gold_gain":0,"player_choice":"Read","damage_taken":0,"max_hp_gain":0,"max_hp_loss":0,"event_name":"The Library","floor":20,"gold_loss":0,"cards_obtained":["Cleave"]},{"cards_removed":["Headbutt"],"damage_healed":0,"gold_gain":0,"player_choice":"Removed Attack","damage_taken":0,"max_hp_gain":0,"max_hp_loss":0,"event_name":"Falling","floor":37,"gold_loss":0}],"is_beta":false,"boss_relics":[{"not_picked":["White Beast Statue","Orrery"],"picked":"Cursed Key"},{"not_picked":["Astrolabe","Snecko Eye"],"picked":"Empty Cage"}],"items_purged_floors":[5,31,38],"is_endless":false,"potions_floor_spawned":[3,8,10,12,18,22,29],"killed_by":"Writhing Mass","ascension_level":5}