{"gold_per_floor":[111,111,111,125,40,40,78,156,181,181,200,236,260,283,283,283],"floor_reached":16,"playtime":455,"items_purged":[],"score":345,"play_id":"0d4ece7a-bfd2-4422-9269-713852eaf65b","local_time":"20190719191726","is_ascension_mode":true,"campfire_choices":[{"data":"Neutralize","floor":6,"key":"SMITH"},{"data":"Noxious Fumes","floor":10,"key":"SMITH"},{"data":"Footwork","floor":15,"key":"SMITH"}],"neow_cost":"NONE","seed_source_timestamp":2321733474074,"circlet_count":0,"master_deck":["AscendersBane","Strike_G","Strike_G","Strike_G","Strike_G","Strike_G","Defend_G","Defend_G","Defend_G","Defend_G","Survivor","Neutralize+1","Crippling Poison","Noxious Fumes+1","Footwork+1","Crippling Poison","Dodge and Roll","Crippling Poison","Crippling Poison","Well Laid Plans"],"relics":["Ring of the Snake","NeowsBlessing","Golden Idol","Bag of Marbles","Singing Bowl","Happy Flower","Kunai"],"potions_floor_usage":[8,8,12,16,16],"damage_taken":[{"damage":0,"enemies":"Cultist","floor":1,"turns":1},{"damage":0,"enemies":"2 Louse","floor":4,"turns":1},{"damage":0,"enemies":"3 Sentries","floor":7,"turns":1},{"damage":15,"enemies":"Gremlin Nob","floor":8,"turns":4},{"damage":0,"enemies":"Jaw Worm","floor":11,"turns":5},{"damage":0,"enemies":"Lagavulin","floor":12,"turns":8},{"damage":11,"enemies":"Large Slime","floor":13,"turns":6},{"damage":1,"enemies":"Looter","floor":14,"turns":5},{"damage":28,"enemies":"Slime Boss","floor":16,"turns":10}],"seed_played":"7481309734406788004","potions_obtained":[{"floor":1,"key":"FearPotion"},{"floor":4,"key":"Block Potion"},{"floor":8,"key":"Poison Potion"},{"floor":11,"key":"Strength Potion"},{"floor":14,"key":"Explosive Potion"}],"is_trial":false,"path_per_floor":["M","?","?","M","$","R","E","?","T","R","M","E","M","M","R","B"],"character_chosen":"THE_SILENT","items_purchased":["Noxious Fumes"],"campfire_rested":0,"item_purchase_floors":[5],"current_hp_per_floor":[59,59,52,52,52,52,52,37,37,37,37,37,26,25,25,0],"gold":283,"neow_bonus":"THREE_ENEMY_KILL","is_prod":false,"is_daily":false,"chose_seed":false,"campfire_upgraded":3,"win_rate":0,"timestamp":1563589046,"path_taken":["M","?","?","M","$","R","E","?","T","R","M","E","?","M","R","BOSS"],"build_version":"2019-07-18","purchased_purges":0,"victory":false,"max_hp_per_floor":[66,60,60,60,60,60,60,60,60,60,60,60,60,60,60,60],"card_choices":[{"not_picked":["Blade Dance","Concentrate"],"picked":"Crippling Poison","floor":1},{"not_picked":["Backflip","Heel Hook"],"picked":"Footwork","floor":7},{"not_picked":["Sucker Punch","Dagger Throw"],"picked":"Crippling Poison","floor":8},{"not_picked":["Bane","Unload"],"picked":"Dodge and Roll","floor":11},{"not_picked":["Prepared","Dagger Throw"],"picked":"Crippling Poison","floor":12},{"not_picked":["Sucker Punch","Deadly Poison"],"picked":"Crippling Poison","floor":13},{"not_picked":["Terror","All Out Attack"],"picked":"Well Laid Plans","floor":14}],"player_experience":1375702,"relics_obtained":[{"floor":7,"key":"Bag of Marbles"},{"floor":8,"key":"Singing Bowl"},{"floor":9,"key":"Happy Flower"},{"floor":12,"key":"Kunai"}],"event_choices":[{"damage_healed":0,"gold_gain":0,"player_choice":"Lose Max HP","damage_taken":0,"relics_obtained":["Golden Idol"],"max_hp_gain":0,"max_hp_loss":6,"event_name":"Golden Idol","floor":2,"gold_loss":0},{"cards_removed":["Defend_G"],"damage_healed":0,"gold_gain":0,"player_choice":"Card Removal","damage_taken":7,"max_hp_gain":0,"max_hp_loss":0,"event_name":"Golden Wing","floor":3,"gold_loss":0},{"damage_healed":0,"gold_gain":0,"player_choice":"Searched \u00271\u0027 times","damage_taken":0,"max_hp_gain":0,"max_hp_loss":0,"event_name":"Dead Adventurer","floor":8,"gold_loss":0}],"is_beta":true,"boss_relics":[],"items_purged_floors":[],"is_endless":false,"potions_floor_spawned":[1,4,8,11,14],"killed_by":"Slime Boss","ascension_level":20}