{"gold_per_floor":[20,36,50,50,125,125,158,158,184,217,217,188,188,215,215,215],"floor_reached":16,"playtime":640,"items_purged":[],"score":179,"play_id":"2df3fee1-c0d8-4267-8c31-16ddb740fd6e","local_time":"20190823163411","is_ascension_mode":true,"campfire_choices":[{"data":"Bash","floor":6,"key":"SMITH"},{"data":"True Grit","floor":11,"key":"SMITH"},{"data":"Infernal Blade","floor":13,"key":"SMITH"},{"data":"Pommel Strike","floor":15,"key":"SMITH"}],"neow_cost":"NO_GOLD","seed_source_timestamp":274206837740600,"circlet_count":0,"master_deck":["Strike_R","Strike_R","Strike_R","Strike_R","Strike_R","Defend_R","Defend_R","Defend_R","Bash+1","True Grit+1","Pommel Strike+1","Clash","Impervious","Infernal Blade+1","Twin Strike"],"relics":["Burning Blood","FossilizedHelix","Bag of Preparation","Oddly Smooth Stone","The Courier","Bottled Lightning"],"potions_floor_usage":[14,16],"damage_taken":[{"damage":0,"enemies":"Jaw Worm","floor":1,"turns":3},{"damage":0,"enemies":"Small Slimes","floor":2,"turns":4},{"damage":0,"enemies":"2 Louse","floor":3,"turns":2},{"damage":33,"enemies":"3 Sentries","floor":7,"turns":11},{"damage":20,"enemies":"Lagavulin","floor":10,"turns":6},{"damage":0,"enemies":"Exordium Thugs","floor":12,"turns":5},{"damage":0,"enemies":"3 Sentries","floor":14,"turns":13},{"damage":35,"enemies":"The Guardian","floor":16,"turns":10}],"seed_played":"-2480438968827923867","potions_obtained":[{"floor":2,"key":"EssenceOfSteel"},{"floor":14,"key":"SneckoOil"}],"is_trial":false,"path_per_floor":["M","M","M","?","?","R","E","?","T","E","R","M","R","E","R","B"],"character_chosen":"IRONCLAD","items_purchased":[],"campfire_rested":0,"item_purchase_floors":[],"current_hp_per_floor":[80,80,80,73,62,62,35,35,35,21,21,27,27,33,33,0],"gold":215,"neow_bonus":"ONE_RARE_RELIC","is_prod":false,"is_daily":false,"chose_seed":false,"campfire_upgraded":4,"win_rate":0,"timestamp":1566545651,"path_taken":["M","M","M","?","?","R","E","?","T","E","R","M","R","E","R","BOSS"],"build_version":"2019-07-17","purchased_purges":0,"victory":false,"max_hp_per_floor":[80,80,80,80,80,80,80,80,80,80,80,80,80,80,80,80],"card_choices":[{"not_picked":["Flex","Reckless Charge"],"picked":"True Grit","floor":1},{"not_picked":["Heavy Blade","Anger"],"picked":"Pommel Strike","floor":2},{"not_picked":["Flex","Clothesline"],"picked":"Clash","floor":3},{"not_picked":["Armaments","Burning Pact"],"picked":"Impervious","floor":7},{"not_picked":["Fire Breathing","Bloodletting","Havoc"],"picked":"SKIP","floor":10},{"not_picked":["Combust","Wild Strike"],"picked":"Infernal Blade","floor":12},{"not_picked":["Burning Pact","Hemokinesis"],"picked":"Twin Strike","floor":14}],"player_experience":221721,"relics_obtained":[{"floor":7,"key":"Bag of Preparation"},{"floor":9,"key":"Oddly Smooth Stone"},{"floor":10,"key":"The Courier"},{"floor":14,"key":"Bottled Lightning"}],"event_choices":[{"cards_removed":["Defend_R"],"damage_healed":0,"gold_gain":0,"player_choice":"Card Removal","damage_taken":7,"max_hp_gain":0,"max_hp_loss":0,"event_name":"Golden Wing","floor":4,"gold_loss":0},{"damage_healed":0,"gold_gain":75,"player_choice":"Gather Gold","damage_taken":11,"max_hp_gain":0,"max_hp_loss":0,"event_name":"World of Goop","floor":5,"gold_loss":0},{"damage_healed":0,"gold_gain":0,"player_choice":"Fled","damage_taken":0,"max_hp_gain":0,"max_hp_loss":0,"event_name":"Scrap Ooze","floor":8,"gold_loss":0}],"is_beta":false,"boss_relics":[],"items_purged_floors":[],"is_endless":false,"potions_floor_spawned":[2,14],"killed_by":"The Guardian","ascension_level":5}