{"gold_per_floor":[111,186,111,111,111,138,154,54,132,151,151,26,26,26,26,156,156,171,186,186,211,227,262,262,297,297,147,72,96,96,96,96,96],"floor_reached":33,"playtime":1791,"items_purged":["Catalyst","Accuracy","Deflect","Escape Plan"],"score":295,"play_id":"a7d4dc31-5788-4d7e-b729-9e1413693514","local_time":"20190827013415","is_ascension_mode":true,"campfire_choices":[{"data":"A Thousand Cuts","floor":11.0,"key":"SMITH"},{"data":"Underhanded Strike","floor":13.0,"key":"SMITH"},{"data":"Neutralize","floor":15.0,"key":"SMITH"},{"data":"Prepared","floor":24.0,"key":"SMITH"},{"floor":30.0,"key":"REST"},{"data":"Survivor","floor":32.0,"key":"SMITH"}],"neow_cost":"NONE","seed_source_timestamp":0,"circlet_count":0,"master_deck":["Survivor+1","Neutralize+1","After Image","Underhanded Strike+1","A Thousand Cuts+1","Tactician","Storm of Steel"],"special_seed":0,"relics":["Pandora\u0027s Box","Dodecahedron","Gremlin Horn","Golden Idol","Runic Dome","Omamori","Anchor","Frozen Egg 2"],"potions_floor_usage":[],"damage_taken":[{"damage":1.0,"enemies":"2 Louse","floor":1.0,"turns":3.0},{"damage":5.0,"enemies":"Gremlin Nob","floor":6.0,"turns":5.0},{"damage":5.0,"enemies":"Small Slimes","floor":7.0,"turns":3.0},{"damage":0.0,"enemies":"Jaw Worm","floor":10.0,"turns":4.0},{"damage":1.0,"enemies":"The Guardian","floor":16.0,"turns":9.0},{"damage":2.0,"enemies":"Chosen","floor":18.0,"turns":3.0},{"damage":0.0,"enemies":"Shell Parasite","floor":19.0,"turns":5.0},{"damage":4.0,"enemies":"Centurion and Healer","floor":21.0,"turns":6.0},{"damage":3.0,"enemies":"Snecko","floor":22.0,"turns":5.0},{"damage":2.0,"enemies":"Gremlin Leader","floor":23.0,"turns":6.0},{"damage":38.0,"enemies":"Slavers","floor":25.0,"turns":6.0},{"damage":4.0,"enemies":"3 Cultists","floor":29.0,"turns":5.0},{"damage":65,"enemies":"Automaton","floor":33,"turns":6}],"seed_played":"2669","potions_obtained":[{"floor":1.0,"key":"SteroidPotion"},{"floor":10.0,"key":"Block Potion"},{"floor":16.0,"key":"EssenceOfSteel"},{"floor":19.0,"key":"SneckoOil"},{"floor":21.0,"key":"GamblersBrew"},{"floor":23.0,"key":"EssenceOfSteel"}],"is_trial":false,"path_per_floor":["M","?","$","?","?","E","M","$","T","M","R","$","R","?","R","B",null,"M","M","?","M","M","E","R","E","T","$","?","M","R","?","R","B"],"character_chosen":"THE_SILENT","items_purchased":[],"campfire_rested":1,"item_purchase_floors":[],"current_hp_per_floor":[69,58,58,63,63,58,53,53,53,53,53,53,53,53,53,52,69,67,67,69,65,62,60,60,22,22,22,22,18,38,61,61,0],"gold":96,"neow_bonus":"BOSS_RELIC","is_prod":false,"is_daily":false,"chose_seed":false,"campfire_upgraded":5,"win_rate":0,"timestamp":1566894855,"path_taken":["M","?","$","?","?","E","M","?","T","M","R","$","R","?","R","BOSS","M","M","?","M","?","E","R","E","T","$","?","M","R","?","R","BOSS"],"build_version":"2019-08-23","purchased_purges":4,"victory":false,"max_hp_per_floor":[70,70,70,75,75,75,75,75,75,75,75,75,75,69,69,69,69,69,69,69,69,69,69,69,69,69,69,69,69,69,69,69,69],"card_choices":[{"not_picked":["Escape Plan","Slice","Endless Agony"],"picked":"SKIP","floor":1.0},{"not_picked":["Cloak And Dagger","PiercingWail","Outmaneuver"],"picked":"SKIP","floor":6.0},{"not_picked":["Masterful Stab","Endless Agony","Escape Plan"],"picked":"SKIP","floor":7.0},{"not_picked":["Predator","Concentrate","Skewer"],"picked":"SKIP","floor":10.0},{"not_picked":["Tools of the Trade","Malaise"],"picked":"Storm of Steel","floor":16.0},{"not_picked":["Dagger Throw","Deflect","Well Laid Plans"],"picked":"SKIP","floor":18.0},{"not_picked":["Bouncing Flask+1","Calculated Gamble","Prepared"],"picked":"SKIP","floor":19.0},{"not_picked":["Blade Dance","Prepared+1","All Out Attack+1"],"picked":"SKIP","floor":21.0},{"not_picked":["Underhanded Strike","Predator","Quick Slash"],"picked":"SKIP","floor":22.0},{"not_picked":["Bane","Underhanded Strike","Calculated Gamble"],"picked":"SKIP","floor":23.0},{"not_picked":["PiercingWail","All Out Attack+1","Grand Finale"],"picked":"SKIP","floor":25.0},{"not_picked":["Eviscerate","Dagger Throw","PiercingWail+1"],"picked":"SKIP","floor":29.0}],"player_experience":1456207,"relics_obtained":[{"floor":6.0,"key":"Dodecahedron"},{"floor":9.0,"key":"Gremlin Horn"},{"floor":23.0,"key":"Omamori"},{"floor":25.0,"key":"Anchor"},{"floor":26.0,"key":"Frozen Egg 2"}],"event_choices":[{"damage_healed":0.0,"max_hp_gain":0.0,"max_hp_loss":0.0,"gold_gain":75.0,"event_name":"World of Goop","player_choice":"Gather Gold","floor":2.0,"gold_loss":0.0,"damage_taken":11.0},{"damage_healed":0.0,"max_hp_gain":5.0,"max_hp_loss":0.0,"gold_gain":0.0,"event_name":"Big Fish","player_choice":"Donut","floor":4.0,"gold_loss":0.0,"damage_taken":0.0},{"damage_healed":0.0,"max_hp_gain":0.0,"max_hp_loss":0.0,"gold_gain":0.0,"event_name":"Liars Game","player_choice":"Ignored","floor":5.0,"gold_loss":0.0,"damage_taken":0.0},{"damage_healed":0.0,"max_hp_gain":0.0,"max_hp_loss":6.0,"gold_gain":0.0,"event_name":"Golden Idol","player_choice":"Lose Max HP","floor":14.0,"gold_loss":0.0,"damage_taken":0.0,"relics_obtained":["Golden Idol"]},{"cards_removed":["Backstab"],"damage_healed":2.0,"max_hp_gain":0.0,"max_hp_loss":0.0,"gold_gain":0.0,"event_name":"Bonfire Elementals","player_choice":"Offered Uncommon","floor":20.0,"gold_loss":0.0,"damage_taken":0.0},{"cards_removed":["Prepared"],"damage_healed":0.0,"max_hp_gain":0.0,"max_hp_loss":0.0,"gold_gain":0.0,"event_name":"Beggar","player_choice":"Gave Gold","floor":28.0,"gold_loss":75.0,"damage_taken":0.0},{"damage_healed":23.0,"max_hp_gain":0.0,"max_hp_loss":0.0,"gold_gain":0.0,"event_name":"The Library","player_choice":"Heal","floor":31.0,"gold_loss":0.0,"damage_taken":0.0}],"is_beta":true,"boss_relics":[{"not_picked":["Ectoplasm","Tiny House"],"picked":"Runic Dome"}],"items_purged_floors":[3,8,12,27],"is_endless":false,"potions_floor_spawned":[1,10,16,19,21,23],"killed_by":"Automaton","ascension_level":1}