{"path_per_floor":["M","M","M","$","?","R","?","E","T","M","R","M","R","M","R","B",null,"M","M","$","M","?","R"],"character_chosen":"IRONCLAD","items_purchased":["Inflame","True Grit"],"gold_per_floor":[115,125,135,26,26,26,26,54,125,145,145,161,161,179,179,279,279,293,304,153,168,83,83],"floor_reached":24,"campfire_rested":2,"playtime":2379,"current_hp_per_floor":[80,80,76,76,81,81,81,44,44,39,64,66,66,69,69,40,85,66,25,25,17,17,42],"items_purged":["Strike_R","Bash"],"gold":83,"score":198,"play_id":"78f77612-af77-4257-ac86-d85764a27694","is_prod":false,"is_daily":false,"is_ascension_mode":false,"campfire_upgraded":3,"path_taken":["M","M","M","$","?","R","?","E","T","M","R","M","R","M","R","BOSS","M","M","$","M","?","R","E"],"build_version":"2018-02-22-PROD2","purchased_purges":2,"victory":false,"master_deck":["Strike_R","Strike_R","Strike_R","Defend_R","Defend_R","Defend_R","Defend_R","Whirlwind+1","Body Slam+1","Inflame+1","Writhe","Pommel Strike","Demon Form","Pommel Strike","Feel No Pain","True Grit","Offering"],"max_hp_per_floor":[80,80,80,80,85,85,85,85,85,85,85,85,85,85,85,85,85,85,85,85,85,85,85],"relics":["Burning Blood","Blood Vial","Dodecahedron","Orrery","Orichalcum"],"card_choices":[{"not_picked":["Twin Strike","Cleave"],"picked":"Whirlwind"},{"not_picked":["Wild Strike","Warcry"],"picked":"Body Slam"},{"not_picked":["Clothesline","Shrug It Off"],"picked":"Pommel Strike"},{"not_picked":["Offering","Reaper"],"picked":"Demon Form"},{"not_picked":["Iron Wave","Juggernaut"],"picked":"Pommel Strike"},{"not_picked":["Anger","Searing Blow"],"picked":"Feel No Pain"},{"not_picked":["Blood for Blood","Ghostly Armor"],"picked":"Offering"}],"player_experience":54781,"potions_floor_usage":[16,16,16],"damage_taken":[{"damage":0,"enemies":"Small Slimes","floor":1,"turns":3},{"damage":0,"enemies":"2 Louse","floor":2,"turns":1},{"damage":10,"enemies":"Cultist","floor":3,"turns":4},{"damage":43,"enemies":"Gremlin Nob","floor":8,"turns":5},{"damage":13,"enemies":"Lots of Slimes","floor":10,"turns":2},{"damage":6,"enemies":"Blue Slaver","floor":12,"turns":4},{"damage":5,"enemies":"Looter","floor":14,"turns":3},{"damage":37,"enemies":"The Guardian","floor":16,"turns":10},{"damage":25,"enemies":"2 Thieves","floor":18,"turns":3},{"damage":49,"enemies":"Shell Parasite","floor":19,"turns":7},{"damage":16,"enemies":"Snecko","floor":21,"turns":5},{"damage":50,"enemies":"Slavers","floor":24,"turns":3}],"event_choices":[{"event_name":"Big Fish","player_choice":"Donut","floor":5,"damage_taken":0},{"event_name":"Match and Keep!","player_choice":"1 cards matched","floor":7,"damage_taken":0},{"event_name":"Addict","player_choice":"Obtained Relic","floor":22,"damage_taken":0}],"boss_relics":[{"not_picked":["Black Star","Snecko Eye"],"picked":"Orrery"}],"potions_floor_spawned":[2,10,12,14,21],"seed_played":"-7032361526477601590","killed_by":"Slavers","ascension_level":0,"is_trial":false}