{"path_per_floor":["M","M","M","M","M","E","M","E","T","M","M","M","M","M","R","B",null,"M","M","$","?","?","E","R","$","T","M","M","R","?"],"character_chosen":"IRONCLAD","items_purchased":["Bottled Flame","Armaments","Flex","Evolve","Rage"],"gold_per_floor":[109,125,145,159,178,207,225,252,252,270,290,301,317,331,331,435,435,445,455,57,57,57,82,82,7,7,24,38,38,38,38],"floor_reached":31,"campfire_rested":2,"playtime":3127,"item_purchase_floors":[20,20,20,20,25],"current_hp_per_floor":[80,80,80,76,71,61,53,37,37,30,23,21,14,17,61,13,98,87,72,72,104,88,90,90,90,90,62,26,73,73,0],"items_purged":[],"gold":38,"score":325,"play_id":"df1cd4c6-2665-48cc-91ac-fa1275bdf29f","local_time":"20180605134636","is_prod":false,"is_daily":false,"chose_seed":false,"is_ascension_mode":false,"campfire_upgraded":1,"win_rate":0,"timestamp":1528220796,"campfire_choices":[{"floor":15,"key":"REST"},{"data":"Dual Wield","floor":24,"key":"SMITH"},{"floor":29,"key":"REST"}],"path_taken":["M","M","M","M","M","E","M","E","T","M","?","?","M","M","R","BOSS","M","M","$","?","?","E","R","?","T","M","M","R","?","M"],"build_version":"2018-05-31","seed_source_timestamp":11164533451701,"purchased_purges":0,"victory":false,"master_deck":["Strike_R","Strike_R","Strike_R","Strike_R","Strike_R","Defend_R","Defend_R","Bash+1","Cleave","Flex","Feed","Anger","Pummel","Dual Wield+1","Perfected Strike","Iron Wave","Battle Trance","Perfected Strike","Headbutt","Fiend Fire","Burning Pact+1","Searing Blow+1","Infernal Blade+1","Disarm+1","Impervious","Armaments","Flex","Evolve","Rage","Armaments","Sword Boomerang"],"max_hp_per_floor":[80,80,80,80,83,83,83,83,83,86,89,92,95,98,98,98,98,101,104,104,104,104,107,107,107,107,107,107,107,107,110],"relics":["Burning Blood","Regal Pillow","Paper Frog","Bird Faced Urn","Astrolabe","Bottled Flame","Juzu Bracelet","Smiling Mask"],"card_choices":[{"not_picked":["Wild Strike","Evolve"],"picked":"Cleave","floor":1},{"not_picked":["Twin Strike","Disarm"],"picked":"Flex","floor":2},{"not_picked":["Cleave","Perfected Strike"],"picked":"Feed","floor":3},{"not_picked":["Wild Strike","Body Slam"],"picked":"Anger","floor":4},{"not_picked":["Clothesline","Clash"],"picked":"Pummel","floor":5},{"not_picked":["Power Through","Armaments"],"picked":"Dual Wield","floor":6},{"not_picked":["Anger","Ghostly Armor"],"picked":"Perfected Strike","floor":7},{"not_picked":["Second Wind","Clothesline"],"picked":"Iron Wave","floor":8},{"not_picked":["Seeing Red","Rage"],"picked":"Combust","floor":10},{"not_picked":["Pommel Strike","Shrug It Off"],"picked":"Battle Trance","floor":11},{"not_picked":["Barricade","Feel No Pain"],"picked":"Perfected Strike","floor":12},{"not_picked":["Cleave","Clash"],"picked":"Headbutt","floor":13},{"not_picked":["Twin Strike","Ghostly Armor","Reckless Charge"],"picked":"SKIP","floor":14},{"not_picked":["Berserk","Reaper"],"picked":"Fiend Fire","floor":16},{"not_picked":["Body Slam","True Grit"],"picked":"Disarm+1","floor":18},{"not_picked":["Twin Strike","Power Through"],"picked":"Impervious","floor":19},{"not_picked":["Combust+1","Clothesline"],"picked":"Second Wind","floor":23},{"not_picked":["Anger","Thunderclap"],"picked":"Armaments","floor":27},{"not_picked":["Sever Soul","Sword Boomerang","Twin Strike"],"picked":"SKIP","floor":28}],"player_experience":54578,"potions_floor_usage":[3,6,6,14,16,16,18,23,31],"damage_taken":[{"damage":1,"enemies":"Cultist","floor":1,"turns":3},{"damage":6,"enemies":"Jaw Worm","floor":2,"turns":3},{"damage":0,"enemies":"Small Slimes","floor":3,"turns":2},{"damage":10,"enemies":"Looter","floor":4,"turns":3},{"damage":14,"enemies":"Large Slime","floor":5,"turns":5},{"damage":16,"enemies":"Lagavulin","floor":6,"turns":6},{"damage":14,"enemies":"Blue Slaver","floor":7,"turns":3},{"damage":22,"enemies":"3 Sentries","floor":8,"turns":5},{"damage":16,"enemies":"Red Slaver","floor":10,"turns":4},{"damage":16,"enemies":"Lots of Slimes","floor":11,"turns":3},{"damage":11,"enemies":"3 Louse","floor":12,"turns":2},{"damage":16,"enemies":"Exordium Wildlife","floor":13,"turns":3},{"damage":6,"enemies":"Large Slime","floor":14,"turns":3},{"damage":56,"enemies":"The Guardian","floor":16,"turns":9},{"damage":20,"enemies":"3 Byrds","floor":18,"turns":4},{"damage":24,"enemies":"Shell Parasite","floor":19,"turns":4},{"damage":7,"enemies":"Gremlin Leader","floor":23,"turns":5},{"damage":36,"enemies":"Snake Plant","floor":27,"turns":4},{"damage":44,"enemies":"Centurion and Healer","floor":28,"turns":8},{"damage":89,"enemies":"Slaver and Parasite","floor":31,"turns":11}],"relics_obtained":[{"floor":6,"key":"Regal Pillow"},{"floor":8,"key":"Paper Frog"},{"floor":9,"key":"Bird Faced Urn"},{"floor":23,"key":"Juzu Bracelet"},{"floor":26,"key":"Smiling Mask"}],"event_choices":[{"event_name":"The Library","player_choice":"Heal","floor":21,"damage_taken":0},{"event_name":"Cursed Tome","player_choice":"Obtained Book","floor":22,"damage_taken":0},{"event_name":"Transmorgrifier","player_choice":"Transform","floor":30,"damage_taken":0}],"boss_relics":[{"not_picked":["Orrery","Runic Dome"],"picked":"Astrolabe"}],"items_purged_floors":[],"potions_floor_spawned":[2,4,5,11,12,14,16,19,28],"seed_played":"7483569662680845726","killed_by":"Slaver and Parasite","ascension_level":0,"potions_obtained":[{"floor":2,"key":"Poison Potion"},{"floor":4,"key":"Swift Potion"},{"floor":5,"key":"Weak Potion"},{"floor":11,"key":"SteroidPotion"},{"floor":12,"key":"GamblersBrew"},{"floor":14,"key":"Energy Potion"},{"floor":16,"key":"FearPotion"},{"floor":19,"key":"Fire Potion"},{"floor":28,"key":"Dexterity Potion"}],"is_trial":false}