{"gold_per_floor":[117,42,42,58,68,68,82,111,111,146,146,159,41,116,116,193,193,205,205],"floor_reached":19,"playtime":381,"items_purged":[],"score":454,"play_id":"34e0af9b-5a07-484e-85e0-34fdce3013de","local_time":"20190202182611","is_ascension_mode":true,"campfire_choices":[{"data":"Ball Lightning","floor":6,"key":"SMITH"},{"data":"Electrodynamics","floor":11,"key":"SMITH"},{"floor":15,"key":"REST"}],"neow_cost":"","seed_source_timestamp":56547671767141,"circlet_count":0,"master_deck":["AscendersBane","Strike_B","Strike_B","Strike_B","Defend_B","Defend_B","Defend_B","Defend_B","Zap","Dualcast","Streamline+1","Undo","Ball Lightning+1","Electrodynamics+1","Recycle","Rebound","Hello World","Consume","Creative AI","Compile Driver+1"],"relics":["Snecko Eye","Bronze Scales","Oddly Smooth Stone","Symbiotic Virus","Sozu"],"potions_floor_usage":[8,10,16],"damage_taken":[{"damage":11,"enemies":"2 Louse","floor":1,"turns":2},{"damage":0,"enemies":"Cultist","floor":4,"turns":2},{"damage":7,"enemies":"Jaw Worm","floor":5,"turns":2},{"damage":4,"enemies":"Exordium Wildlife","floor":7,"turns":4},{"damage":7,"enemies":"Lagavulin","floor":8,"turns":4},{"damage":9,"enemies":"3 Sentries","floor":10,"turns":3},{"damage":0,"enemies":"Lots of Slimes","floor":12,"turns":2},{"damage":0,"enemies":"Slime Boss","floor":16,"turns":3},{"damage":27,"enemies":"2 Thieves","floor":18,"turns":3},{"damage":0,"enemies":"Spheric Guardian","floor":19,"turns":3}],"seed_played":"2952253225571886720","potions_obtained":[{"floor":5,"key":"SpeedPotion"},{"floor":7,"key":"FearPotion"},{"floor":8,"key":"FearPotion"},{"floor":12,"key":"GamblersBrew"}],"is_trial":true,"path_per_floor":["M","?","?","M","M","R","M","E","T","E","R","M","$","?","R","B",null,"M","M"],"character_chosen":"DEFECT","items_purchased":["Hello World","Consume"],"campfire_rested":1,"item_purchase_floors":[13,13],"current_hp_per_floor":[53,53,53,53,46,46,42,35,35,26,26,26,26,15,36,36,62,35,35],"gold":205,"neow_bonus":"","is_prod":false,"is_daily":false,"chose_seed":false,"campfire_upgraded":2,"win_rate":0,"timestamp":1549160771,"path_taken":["M","?","?","M","M","R","M","E","T","E","R","?","$","?","R","BOSS","M","M"],"build_version":"2019-01-23","purchased_purges":0,"victory":false,"max_hp_per_floor":[71,71,71,71,71,71,71,71,71,71,71,71,71,71,71,71,71,71,71],"card_choices":[{"not_picked":["Darkness","Turbo"],"picked":"Streamline","floor":1},{"not_picked":["Compile Driver","Beam Cell"],"picked":"Undo","floor":4},{"not_picked":["Go for the Eyes","Sweeping Beam"],"picked":"Ball Lightning","floor":5},{"not_picked":["Biased Cognition","Turbo"],"picked":"Electrodynamics","floor":8},{"not_picked":["Reprogram","Gash"],"picked":"Recycle","floor":10},{"not_picked":["Gash","Steam"],"picked":"Rebound","floor":12},{"not_picked":["Biased Cognition","Reboot"],"picked":"Creative AI","floor":16},{"not_picked":["Self Repair","Rebound"],"picked":"Compile Driver+1","floor":18}],"player_experience":1112887,"relics_obtained":[{"floor":8,"key":"Bronze Scales"},{"floor":9,"key":"Oddly Smooth Stone"},{"floor":10,"key":"Symbiotic Virus"}],"event_choices":[{"cards_removed":["Strike_B"],"damage_healed":0,"gold_gain":0,"player_choice":"Card Removal","damage_taken":0,"max_hp_gain":0,"max_hp_loss":0,"event_name":"The Cleric","floor":2,"gold_loss":75},{"damage_healed":0,"gold_gain":0,"player_choice":"Upgraded","damage_taken":0,"max_hp_gain":0,"max_hp_loss":0,"event_name":"Upgrade Shrine","floor":3,"gold_loss":0,"cards_upgraded":["Streamline"]},{"damage_healed":0,"gold_gain":75,"player_choice":"Gather Gold","damage_taken":11,"max_hp_gain":0,"max_hp_loss":0,"event_name":"World of Goop","floor":14,"gold_loss":0}],"is_beta":true,"boss_relics":[{"not_picked":["Tiny House","Velvet Choker"],"picked":"Sozu"}],"items_purged_floors":[],"is_endless":false,"potions_floor_spawned":[5,7,8,12],"killed_by":"Spheric Guardian","ascension_level":20}