{"gold_per_floor":[114,114,2,17,17,17,36,51,81,113,38,38,53,87,87,166,166,182,132,132],"floor_reached":20,"playtime":543,"items_purged":["Strike_R"],"score":364,"play_id":"4ba93d99-396c-4873-8533-2e4659eae78a","local_time":"20190120003008","is_ascension_mode":true,"campfire_choices":[{"data":"Bash","floor":6,"key":"SMITH"},{"data":"Feel No Pain","floor":12,"key":"SMITH"},{"data":"Armaments","floor":15,"key":"SMITH"}],"neow_cost":"PERCENT_DAMAGE","seed_source_timestamp":1270585759945,"circlet_count":0,"master_deck":["AscendersBane","Strike_R","Strike_R","Strike_R","Strike_R","Bash+1","Clash","Feel No Pain+1","Inflame","Anger","Rage","Twin Strike","Iron Wave","Armaments+1","Juggernaut","Thunderclap+1","Whirlwind+1","Rampage+1","Flex"],"relics":["Burning Blood","Thread and Needle","Shuriken","Tiny Chest","Paper Frog","Champion Belt","Astrolabe"],"potions_floor_usage":[10,14,14],"damage_taken":[{"damage":5,"enemies":"2 Louse","floor":1,"turns":3},{"damage":3,"enemies":"Small Slimes","floor":4,"turns":4},{"damage":2,"enemies":"Cultist","floor":7,"turns":4},{"damage":7,"enemies":"Looter","floor":8,"turns":3},{"damage":27,"enemies":"Lagavulin","floor":10,"turns":6},{"damage":0,"enemies":"Blue Slaver","floor":13,"turns":3},{"damage":6,"enemies":"3 Sentries","floor":14,"turns":5},{"damage":36,"enemies":"Hexaghost","floor":16,"turns":9},{"damage":25,"enemies":"Shell Parasite","floor":18,"turns":4},{"damage":15,"enemies":"Spheric Guardian","floor":20,"turns":4}],"seed_played":"-786643291269328423","potions_obtained":[{"floor":4,"key":"Dexterity Potion"},{"floor":7,"key":"Energy Potion"},{"floor":10,"key":"AttackPotion"},{"floor":18,"key":"SpeedPotion"}],"is_trial":false,"path_per_floor":["M","?","$","M","?","R","M","M","T","E","?","R","M","E","R","B",null,"M","?","M"],"character_chosen":"IRONCLAD","items_purchased":["Feel No Pain"],"campfire_rested":0,"item_purchase_floors":[3],"current_hp_per_floor":[51,56,56,59,54,54,58,57,57,36,36,36,42,42,42,12,63,44,44,29],"gold":132,"neow_bonus":"ONE_RARE_RELIC","is_prod":false,"is_daily":false,"chose_seed":false,"campfire_upgraded":3,"win_rate":0,"timestamp":1547973008,"path_taken":["M","?","$","M","?","R","M","M","T","E","?","R","M","E","R","BOSS","M","?","?"],"build_version":"2019-01-17","purchased_purges":1,"victory":false,"max_hp_per_floor":[75,80,80,80,80,80,80,80,80,80,80,80,80,80,80,80,80,80,80,80],"card_choices":[{"not_picked":["Warcry","Burning Pact"],"picked":"Clash","floor":1},{"not_picked":["Dropkick","Clothesline"],"picked":"Inflame","floor":4},{"not_picked":["Cleave","Twin Strike"],"picked":"Anger","floor":7},{"not_picked":["Bloodletting","Reckless Charge"],"picked":"Rage","floor":8},{"not_picked":["Dark Embrace","Power Through"],"picked":"Twin Strike","floor":10},{"not_picked":["Heavy Blade","Sword Boomerang"],"picked":"Iron Wave","floor":13},{"not_picked":["Uppercut","Warcry"],"picked":"Armaments","floor":14},{"not_picked":["Barricade","Immolate"],"picked":"Juggernaut","floor":16},{"not_picked":["Heavy Blade","Evolve"],"picked":"Flex","floor":18}],"player_experience":1034401,"relics_obtained":[{"floor":9,"key":"Tiny Chest"},{"floor":10,"key":"Paper Frog"},{"floor":14,"key":"Champion Belt"}],"event_choices":[{"damage_healed":0,"gold_gain":0,"player_choice":"Donut","damage_taken":0,"max_hp_gain":5,"max_hp_loss":0,"event_name":"Big Fish","floor":2,"gold_loss":0},{"damage_healed":0,"gold_gain":0,"player_choice":"Success","damage_taken":5,"relics_obtained":["Shuriken"],"max_hp_gain":0,"max_hp_loss":0,"event_name":"Scrap Ooze","floor":5,"gold_loss":0},{"cards_removed":["Defend_R"],"damage_healed":0,"gold_gain":0,"player_choice":"Card Removal","damage_taken":0,"max_hp_gain":0,"max_hp_loss":0,"event_name":"The Cleric","floor":11,"gold_loss":75},{"damage_healed":0,"gold_gain":0,"player_choice":"Bet on Murderer","damage_taken":0,"max_hp_gain":0,"max_hp_loss":0,"event_name":"The Joust","floor":19,"gold_loss":50}],"is_beta":true,"boss_relics":[{"not_picked":["Fusion Hammer","Pandora\u0027s Box"],"picked":"Astrolabe"}],"items_purged_floors":[3],"is_endless":false,"potions_floor_spawned":[4,7,10,13,18],"killed_by":"Spheric Guardian","ascension_level":20}