{"gold_per_floor":[110,127,127,52,26,26,60,160,160,160,176,212,226,259,259,348,348,361,382,398,398,421,421,462,462,462,481,519,17,17,32,32,121,121,135,1,14,29,29,29,47,91,91,91,91,111,111,127,127,127],"floor_reached":50,"playtime":1782,"items_purged":["Pain"],"score":1364,"play_id":"ad2f9dc8-8018-490b-96de-8f040594aa3c","local_time":"20190205024657","is_ascension_mode":true,"campfire_choices":[{"data":"Armaments","floor":6.0,"key":"SMITH"},{"data":"Bludgeon","floor":10.0,"key":"SMITH"},{"data":"Uppercut","floor":15.0,"key":"SMITH"},{"floor":23.0,"key":"REST"},{"data":"Double Tap","floor":25.0,"key":"SMITH"},{"floor":30.0,"key":"REST"},{"floor":32.0,"key":"REST"},{"data":"Dual Wield","floor":40,"key":"SMITH"},{"floor":44,"key":"REST"},{"floor":47,"key":"REST"},{"floor":49,"key":"REST"}],"neow_cost":"NONE","seed_source_timestamp":38564971344875,"circlet_count":0,"master_deck":["AscendersBane","Strike_R","Strike_R","Strike_R","Strike_R","Strike_R","Defend_R+1","Defend_R","Defend_R","Bash","Armaments+1","Metallicize","Shrug It Off","Bludgeon+1","Regret","Iron Wave","Uppercut+1","Feel No Pain+1","Corruption+1","Immolate","Body Slam","Shrug It Off+1","Burning Pact+1","Double Tap+1","Carnage+1","Injury","Body Slam","Metallicize+1","Anger","Dark Embrace+1","Havoc+1","Disarm","Clash","Dual Wield+1","Shrug It Off+1","Clumsy","Body Slam","Shrug It Off","Parasite","Apotheosis","Shrug It Off","Feel No Pain+1"],"special_seed":0,"relics":["Cursed Key","Golden Idol","Frozen Egg 2","Magic Flower","Blue Candle","Orichalcum","Philosopher\u0027s Stone","WarpedTongs","Bag of Preparation","Darkstone Periapt","War Paint","Unceasing Top","White Beast Statue","Incense Burner","Bottled Lightning","StoneCalendar"],"potions_floor_usage":[38,42,50],"damage_taken":[{"damage":2.0,"enemies":"Jaw Worm","floor":1.0,"turns":3.0},{"damage":0.0,"enemies":"2 Louse","floor":2.0,"turns":2.0},{"damage":22.0,"enemies":"Gremlin Nob","floor":7.0,"turns":4.0},{"damage":3.0,"enemies":"Cultist","floor":11.0,"turns":2.0},{"damage":20.0,"enemies":"Lagavulin","floor":12.0,"turns":6.0},{"damage":10.0,"enemies":"Exordium Thugs","floor":13.0,"turns":5.0},{"damage":0.0,"enemies":"Gremlin Nob","floor":14.0,"turns":2.0},{"damage":31.0,"enemies":"The Guardian","floor":16.0,"turns":12.0},{"damage":7.0,"enemies":"2 Thieves","floor":18.0,"turns":2.0},{"damage":7.0,"enemies":"Chosen","floor":19.0,"turns":5.0},{"damage":1.0,"enemies":"Snecko","floor":20.0,"turns":4.0},{"damage":5.0,"enemies":"3 Cultists","floor":22.0,"turns":4.0},{"damage":17.0,"enemies":"Slavers","floor":24.0,"turns":3.0},{"damage":3.0,"enemies":"Shelled Parasite and Fungi","floor":27.0,"turns":3.0},{"damage":3.0,"enemies":"Gremlin Leader","floor":28.0,"turns":6.0},{"damage":16.0,"enemies":"Centurion and Healer","floor":31.0,"turns":4.0},{"damage":20.0,"enemies":"Champ","floor":33.0,"turns":8.0},{"damage":2,"enemies":"3 Shapes","floor":35,"turns":5},{"damage":2,"enemies":"Orb Walker","floor":37,"turns":2},{"damage":16,"enemies":"3 Darklings","floor":38,"turns":4},{"damage":5,"enemies":"Maw","floor":41,"turns":4},{"damage":30,"enemies":"Nemesis","floor":42,"turns":5},{"damage":12,"enemies":"Spire Growth","floor":46,"turns":3},{"damage":4,"enemies":"Transient","floor":48,"turns":6},{"damage":100,"enemies":"Awakened One","floor":50,"turns":7}],"seed_played":"7591570018886676209","potions_obtained":[{"floor":1.0,"key":"BloodPotion"},{"floor":12.0,"key":"BloodPotion"},{"floor":13.0,"key":"FearPotion"},{"floor":14.0,"key":"BloodPotion"},{"floor":19.0,"key":"Ancient Potion"},{"floor":20.0,"key":"Explosive Potion"},{"floor":24.0,"key":"EntropicBrew"},{"floor":27.0,"key":"Poison Potion"},{"floor":31.0,"key":"Fire Potion"},{"floor":35,"key":"Fire Potion"},{"floor":37,"key":"FearPotion"},{"floor":38,"key":"Poison Potion"},{"floor":42,"key":"PowerPotion"}],"is_trial":false,"path_per_floor":["M","M","?","?","$","R","E","?","T","R","M","E","M","E","R","B",null,"M","M","M","?","M","R","E","R","T","M","E","$","R","M","R","B",null,"M","$","M","M","T","R","M","E","T","R","?","M","R","M","R","B"],"character_chosen":"IRONCLAD","items_purchased":["Shrug It Off","Metallicize+1","Unceasing Top","Disarm","Clash"],"campfire_rested":6,"item_purchase_floors":[5,29,29,36,36],"current_hp_per_floor":[66,66,66,66,66,66,44,44,44,44,41,30,29,29,29,7,53,46,39,38,38,33,53,36,36,36,33,30,30,50,34,54,34,60,58,58,56,40,46,46,41,11,17,41,41,29,53,49,73,0],"gold":127,"neow_bonus":"BOSS_RELIC","is_prod":false,"is_daily":false,"chose_seed":false,"campfire_upgraded":5,"win_rate":0,"timestamp":1549363617,"path_taken":["M","M","?","?","?","R","E","?","T","R","M","E","M","E","R","BOSS","M","M","?","?","M","R","E","R","T","?","E","$","R","M","R","BOSS","M","$","?","M","?","R","M","E","T","R","?","M","R","M","R","BOSS"],"build_version":"2019-01-23","purchased_purges":1,"victory":false,"max_hp_per_floor":[75,75,68,68,68,68,68,68,68,68,68,68,68,68,68,68,68,68,68,68,68,68,68,68,68,68,68,68,68,68,68,68,68,68,68,68,68,68,74,74,74,74,80,80,80,80,80,80,80,80],"card_choices":[{"not_picked":["Searing Blow","Body Slam"],"picked":"Armaments","floor":1.0},{"not_picked":["Combust","Power Through"],"picked":"Metallicize","floor":2.0},{"not_picked":["Sword Boomerang","Flex"],"picked":"Bludgeon","floor":7.0},{"not_picked":["Perfected Strike","Warcry"],"picked":"Iron Wave","floor":11.0},{"not_picked":["Twin Strike","Havoc"],"picked":"Uppercut","floor":12.0},{"not_picked":["Twin Strike","Havoc"],"picked":"Feel No Pain+1","floor":13.0},{"not_picked":["Dropkick","Pommel Strike"],"picked":"Corruption+1","floor":14.0},{"not_picked":["Barricade+1","Offering"],"picked":"Immolate","floor":16.0},{"not_picked":["Twin Strike","Armaments"],"picked":"Body Slam","floor":18.0},{"not_picked":["Warcry","True Grit"],"picked":"Shrug It Off","floor":19.0},{"not_picked":["Perfected Strike+1","Pommel Strike"],"picked":"Burning Pact+1","floor":20.0},{"not_picked":["Sword Boomerang","Armaments"],"picked":"Double Tap","floor":22.0},{"not_picked":["Wild Strike","Fiend Fire"],"picked":"Carnage+1","floor":24.0},{"not_picked":["Inflame+1","Body Slam","Iron Wave"],"picked":"SKIP","floor":27.0},{"not_picked":["Hemokinesis","Sword Boomerang"],"picked":"Body Slam","floor":28.0},{"not_picked":["Reckless Charge+1","Iron Wave"],"picked":"Anger","floor":31.0},{"not_picked":["Impervious","Berserk+1"],"picked":"Dark Embrace+1","floor":33.0},{"not_picked":["Armaments+1","Iron Wave"],"picked":"Havoc+1","floor":35},{"not_picked":["Clash","Cleave"],"picked":"Dual Wield","floor":37},{"not_picked":["Spot Weakness","Havoc+1"],"picked":"Shrug It Off+1","floor":38},{"not_picked":["Thunderclap","Dual Wield"],"picked":"Body Slam","floor":41},{"not_picked":["Dual Wield","Uppercut"],"picked":"Shrug It Off","floor":42},{"not_picked":["Deep Breath","Panacea"],"picked":"Apotheosis","floor":45},{"not_picked":["Inflame+1","Warcry"],"picked":"Shrug It Off","floor":46},{"not_picked":["Clothesline+1","Bloodletting+1"],"picked":"Feel No Pain+1","floor":48}],"player_experience":1130798,"relics_obtained":[{"floor":7.0,"key":"Frozen Egg 2"},{"floor":9.0,"key":"Magic Flower"},{"floor":12.0,"key":"Blue Candle"},{"floor":14.0,"key":"Orichalcum"},{"floor":24.0,"key":"Bag of Preparation"},{"floor":26.0,"key":"Darkstone Periapt"},{"floor":28.0,"key":"War Paint"},{"floor":39,"key":"Incense Burner"},{"floor":42,"key":"Bottled Lightning"},{"floor":43,"key":"StoneCalendar"}],"event_choices":[{"damage_healed":0.0,"max_hp_gain":0.0,"max_hp_loss":7.0,"gold_gain":0.0,"event_name":"Golden Idol","player_choice":"Lose Max HP","floor":3.0,"gold_loss":0.0,"damage_taken":0.0,"relics_obtained":["Golden Idol"]},{"cards_removed":["Defend_R"],"damage_healed":0.0,"max_hp_gain":0.0,"max_hp_loss":0.0,"gold_gain":0.0,"event_name":"The Cleric","player_choice":"Card Removal","floor":4.0,"gold_loss":75.0,"damage_taken":0.0},{"damage_healed":0.0,"max_hp_gain":0.0,"max_hp_loss":0.0,"gold_gain":100.0,"event_name":"Wheel of Change","player_choice":"Gold","floor":8.0,"gold_loss":0.0,"damage_taken":0.0},{"damage_healed":0.0,"max_hp_gain":0.0,"max_hp_loss":0.0,"gold_gain":0.0,"event_name":"Accursed Blacksmith","player_choice":"Rummage","floor":21.0,"gold_loss":0.0,"damage_taken":0.0,"relics_obtained":["WarpedTongs"],"cards_obtained":["Pain"]},{"damage_healed":0,"gold_gain":0,"player_choice":"Memory 1","damage_taken":0,"max_hp_gain":0,"max_hp_loss":0,"event_name":"SensoryStone","floor":45,"gold_loss":0}],"is_beta":true,"boss_relics":[{"not_picked":["Velvet Choker","Runic Dome"],"picked":"Philosopher\u0027s Stone"},{"not_picked":["Tiny House","Snecko Eye"],"picked":"White Beast Statue"}],"items_purged_floors":[29],"is_endless":false,"potions_floor_spawned":[1,12,13,14,19,20,24,27,31,35,37,38,41,42,46,48],"killed_by":"Awakened One","ascension_level":20}