{"gold_per_floor":[99,99,99,99,99,99,99,99,99,99,99,99,99,99,99,99,99],"floor_reached":17,"playtime":268,"items_purged":[],"score":171,"play_id":"fe7abbd5-0968-4d88-a925-5f956bf28838","local_time":"20180709213656","is_ascension_mode":false,"campfire_choices":[{"data":"Dagger Throw","floor":6,"key":"SMITH"},{"data":"Neutralize","floor":8,"key":"SMITH"},{"data":"Deadly Poison","floor":10,"key":"SMITH"},{"data":"Poisoned Stab","floor":12,"key":"SMITH"},{"data":"Dagger Spray","floor":15,"key":"SMITH"}],"neow_cost":"NONE","seed_source_timestamp":145169442699685,"circlet_count":0,"master_deck":["Defend_G","Defend_G+1","Defend_G","Defend_G","Strike_G+1","Strike_G","Strike_G","Strike_G","Strike_G","Survivor","Neutralize+1","Dagger Throw+1","Deadly Poison+1","Terror","Poisoned Stab+1","Dagger Spray+1","Flying Knee","Bullet Time"],"relics":["Ectoplasm","Tiny Chest","Boot","Centennial Puzzle","Dodecahedron","Meat on the Bone","Lizard Tail"],"potions_floor_usage":[14],"damage_taken":[{"damage":0,"enemies":"2 Louse","floor":1,"turns":3},{"damage":1,"enemies":"Cultist","floor":2,"turns":3},{"damage":3,"enemies":"3 Sentries","floor":7,"turns":7},{"damage":10,"enemies":"Gremlin Nob","floor":11,"turns":3},{"damage":0,"enemies":"Small Slimes","floor":13,"turns":2},{"damage":3,"enemies":"Lagavulin","floor":14,"turns":5},{"damage":20,"enemies":"Slime Boss","floor":16,"turns":5}],"seed_played":"6197196272408440408","potions_obtained":[{"floor":7,"key":"Dexterity Potion"},{"floor":11,"key":"Energy Potion"}],"is_trial":false,"path_per_floor":["M","M","?","?","T","R","E","R","T","R","E","R","M","E","R","B"],"character_chosen":"THE_SILENT","items_purchased":[],"campfire_rested":0,"item_purchase_floors":[],"current_hp_per_floor":[70,69,55,55,55,55,52,52,52,52,42,42,42,39,39,31,31],"gold":99,"neow_bonus":"BOSS_RELIC","is_prod":false,"is_daily":false,"chose_seed":false,"campfire_upgraded":5,"win_rate":0,"timestamp":1531197416,"path_taken":["M","M","?","?","?","R","E","R","T","R","E","R","M","E","R","BOSS"],"build_version":"2018-07-05","purchased_purges":0,"victory":false,"max_hp_per_floor":[70,70,70,70,70,70,70,70,70,70,70,70,70,70,70,70,70],"card_choices":[{"not_picked":["Blur","Blade Dance"],"picked":"Dagger Throw","floor":1},{"not_picked":["Acrobatics","Catalyst"],"picked":"Deadly Poison","floor":2},{"not_picked":["Quick Slash","Acrobatics"],"picked":"Terror","floor":7},{"not_picked":["Backflip","Crippling Poison"],"picked":"Poisoned Stab","floor":11},{"not_picked":["Eviscerate","Accuracy"],"picked":"Dagger Spray","floor":13},{"not_picked":["Blur","Escape Plan"],"picked":"Flying Knee","floor":14},{"not_picked":["Storm of Steel","Grand Finale"],"picked":"Bullet Time","floor":16}],"player_experience":558064,"relics_obtained":[{"floor":5,"key":"Tiny Chest"},{"floor":7,"key":"Boot"},{"floor":9,"key":"Centennial Puzzle"},{"floor":11,"key":"Dodecahedron"},{"floor":14,"key":"Meat on the Bone"}],"event_choices":[{"event_name":"Shining Light","player_choice":"Entered Light","floor":3,"damage_taken":0},{"event_name":"Purifier","player_choice":"One Purge","floor":4,"damage_taken":0}],"boss_relics":[{"not_picked":["Fusion Hammer","Runic Pyramid"],"picked":"Lizard Tail"}],"items_purged_floors":[],"is_endless":false,"potions_floor_spawned":[7,11],"ascension_level":0}