{"gold_per_floor":[110,130,144,154,154,189,189,208,234,234,249,266,280,280,280,385,385,402,402,414,37,52,52,72,72,72,83,83,93,18,18,18,121,121,136,86,186,186,198,198,231,231,254,269,280,280],"floor_reached":46,"playtime":3506,"items_purged":["Strike_B","Strike_B","Strike_B"],"score":456,"play_id":"ed666059-7337-448c-8a22-320cb7817a57","local_time":"20190527224001","is_ascension_mode":false,"campfire_choices":[{"floor":7,"key":"REST"},{"data":"Fission","floor":10,"key":"SMITH"},{"data":"Creative AI","floor":15,"key":"SMITH"},{"floor":23,"key":"DIG"},{"floor":28,"key":"DIG"},{"floor":32,"key":"REST"},{"data":"Dualcast","floor":40,"key":"SMITH"}],"neow_cost":"NONE","seed_source_timestamp":1040085963677154,"circlet_count":0,"master_deck":["Defend_B","Defend_B","Defend_B","Defend_B","Zap","Dualcast+1","Fission+1","Cold Snap","Capacitor","Ball Lightning","Leap","Leap","FTL","Chill","Creative AI+1","Hologram","Darkness+1","Reinforced Body","Conserve Battery","Cold Snap","Consume","Compile Driver","Amplify","Rebound+1","Darkness+1","Multi-Cast","Fission+1"],"relics":["FrozenCore","Pantograph","Dream Catcher","Sozu","Shovel","Oddly Smooth Stone","Kunai","Smiling Mask","StoneCalendar","Girya","Ancient Tea Set"],"potions_floor_usage":[4,16,18,33],"damage_taken":[{"damage":4,"enemies":"Cultist","floor":1,"turns":4},{"damage":5,"enemies":"2 Louse","floor":2,"turns":2},{"damage":3,"enemies":"Small Slimes","floor":3,"turns":3},{"damage":3,"enemies":"Blue Slaver","floor":4,"turns":3},{"damage":20,"enemies":"3 Sentries","floor":6,"turns":8},{"damage":0,"enemies":"2 Fungi Beasts","floor":8,"turns":4},{"damage":0,"enemies":"Exordium Thugs","floor":11,"turns":4},{"damage":0,"enemies":"Blue Slaver","floor":12,"turns":3},{"damage":4,"enemies":"Large Slime","floor":13,"turns":6},{"damage":30,"enemies":"The Guardian","floor":16,"turns":10},{"damage":0,"enemies":"Chosen","floor":18,"turns":5},{"damage":8,"enemies":"Spheric Guardian","floor":20,"turns":4},{"damage":10,"enemies":"Chosen and Byrds","floor":22,"turns":8},{"damage":17,"enemies":"Snake Plant","floor":24,"turns":4},{"damage":0,"enemies":"Centurion and Healer","floor":27,"turns":9},{"damage":9,"enemies":"Snecko","floor":29,"turns":4},{"damage":51,"enemies":"Collector","floor":33,"turns":13},{"damage":3,"enemies":"Orb Walker","floor":35,"turns":5},{"damage":0,"enemies":"Mind Bloom Boss Battle","floor":37,"turns":6},{"damage":17,"enemies":"3 Darklings","floor":39,"turns":6},{"damage":18,"enemies":"Nemesis","floor":41,"turns":7},{"damage":5,"enemies":"Sphere and 2 Shapes","floor":44,"turns":5},{"damage":44,"enemies":"Maw","floor":45,"turns":8},{"damage":5,"enemies":"4 Shapes","floor":46,"turns":1}],"seed_played":"-4171081634711050120","potions_obtained":[{"floor":2,"key":"EssenceOfSteel"},{"floor":6,"key":"Block Potion"},{"floor":11,"key":"Poison Potion"},{"floor":13,"key":"GamblersBrew"}],"is_trial":false,"path_per_floor":["M","M","M","M","?","E","R","M","T","R","M","M","M","?","R","B",null,"M","?","M","$","M","R","M","?","T","M","R","M","$","?","R","B",null,"M","$","?","?","M","R","E","?","T","M","M","M"],"character_chosen":"DEFECT","items_purchased":["Shovel","Compile Driver"],"campfire_rested":2,"item_purchase_floors":[21,30],"current_hp_per_floor":[71,66,63,60,53,33,55,55,55,55,55,55,51,56,56,50,80,80,80,72,72,62,62,45,45,45,45,45,36,36,21,46,20,85,82,82,85,85,68,68,50,50,50,45,1,0],"gold":280,"neow_bonus":"ONE_RANDOM_RARE_CARD","is_prod":false,"is_daily":false,"chose_seed":false,"campfire_upgraded":3,"win_rate":1,"timestamp":1559011201,"path_taken":["M","?","?","M","?","E","R","M","T","R","M","M","M","?","R","BOSS","M","?","M","$","M","R","M","?","T","M","R","?","$","?","R","BOSS","M","$","?","?","M","R","E","?","T","M","M","?"],"build_version":"2019-01-23","purchased_purges":3,"victory":false,"max_hp_per_floor":[75,75,75,75,75,75,75,75,75,75,75,75,75,80,80,80,80,80,80,80,80,80,80,80,80,80,80,80,80,80,85,85,85,85,85,85,85,85,85,85,85,85,85,85,85,85],"card_choices":[{"not_picked":["Compile Driver","Conserve Battery"],"picked":"Cold Snap","floor":1},{"not_picked":["Hologram","Barrage"],"picked":"Capacitor","floor":2},{"not_picked":["Chaos","Rebound"],"picked":"Ball Lightning","floor":3},{"not_picked":["Static Discharge","Steam Power"],"picked":"Leap","floor":4},{"not_picked":["Compile Driver","Blizzard"],"picked":"Leap","floor":6},{"not_picked":["Coolheaded","Scrape"],"picked":"FTL","floor":8},{"not_picked":["Fusion","Streamline"],"picked":"Chill","floor":11},{"not_picked":["Cold Snap","Double Energy"],"picked":"Creative AI","floor":12},{"not_picked":["Skim","Reprogram"],"picked":"Hologram","floor":13},{"not_picked":["Self Repair","Beam Cell"],"picked":"Darkness+1","floor":18},{"not_picked":["Coolheaded","Steam"],"picked":"Go for the Eyes+1","floor":20},{"not_picked":["Force Field","Rip and Tear"],"picked":"Conserve Battery","floor":22},{"not_picked":["Stack","Go for the Eyes"],"picked":"Cold Snap","floor":24},{"not_picked":["Gash","Coolheaded","Tempest"],"picked":"SKIP","floor":27},{"not_picked":["Sunder+1","White Noise"],"picked":"Consume","floor":29},{"not_picked":["Rainbow","Machine Learning"],"picked":"Amplify","floor":33},{"not_picked":["Turbo","Coolheaded+1"],"picked":"Rebound+1","floor":35},{"not_picked":["Hologram","Auto Shields+1"],"picked":"Darkness+1","floor":39},{"not_picked":["Force Field","Steam"],"picked":"Multi-Cast","floor":41},{"not_picked":["Turbo+1","Double Energy+1","Gash"],"picked":"SKIP","floor":44},{"not_picked":["Gash+1","Hologram","Leap"],"picked":"SKIP","floor":45}],"player_experience":26130,"relics_obtained":[{"floor":6,"key":"Pantograph"},{"floor":9,"key":"Dream Catcher"},{"floor":23,"key":"Oddly Smooth Stone"},{"floor":26,"key":"Kunai"},{"floor":28,"key":"Smiling Mask"},{"floor":37,"key":"StoneCalendar"},{"floor":41,"key":"Girya"},{"floor":43,"key":"Ancient Tea Set"}],"event_choices":[{"cards_removed":["Strike_B"],"damage_healed":0,"gold_gain":0,"player_choice":"Card Removal","damage_taken":7,"max_hp_gain":0,"max_hp_loss":0,"event_name":"Golden Wing","floor":5,"gold_loss":0},{"damage_healed":0,"gold_gain":0,"player_choice":"Donut","damage_taken":0,"max_hp_gain":5,"max_hp_loss":0,"event_name":"Big Fish","floor":14,"gold_loss":0},{"damage_healed":0,"gold_gain":0,"player_choice":"Read","damage_taken":0,"max_hp_gain":0,"max_hp_loss":0,"event_name":"The Library","floor":19,"gold_loss":0,"cards_obtained":["Reinforced Body"]},{"damage_healed":0,"gold_gain":0,"player_choice":"Ignored","damage_taken":0,"max_hp_gain":0,"max_hp_loss":0,"event_name":"Cursed Tome","floor":25,"gold_loss":0},{"damage_healed":0,"gold_gain":0,"player_choice":"Shed Blood","damage_taken":20,"max_hp_gain":5,"max_hp_loss":0,"event_name":"Forgotten Altar","floor":31,"gold_loss":0},{"damage_healed":0,"gold_gain":0,"player_choice":"Fight","damage_taken":0,"max_hp_gain":0,"max_hp_loss":0,"event_name":"MindBloom","floor":37,"gold_loss":0},{"cards_removed":["Go for the Eyes"],"damage_healed":0,"gold_gain":0,"player_choice":"Removed Attack","damage_taken":0,"max_hp_gain":0,"max_hp_loss":0,"event_name":"Falling","floor":38,"gold_loss":0},{"damage_healed":0,"gold_gain":0,"player_choice":"Copied","damage_taken":0,"max_hp_gain":0,"max_hp_loss":0,"event_name":"Duplicator","floor":42,"gold_loss":0,"cards_obtained":["Fission"]}],"is_beta":false,"boss_relics":[{"not_picked":["Velvet Choker","Inserter"],"picked":"Sozu"},{"not_picked":["Astrolabe","Lizard Tail"],"picked":"FrozenCore"}],"items_purged_floors":[21,30,36],"is_endless":false,"potions_floor_spawned":[2,6,11,13,22,27,29,35,37,39],"killed_by":"4 Shapes","ascension_level":0}