{"path_per_floor":["M","?","M","?","M","R","M","R","T","E","M"],"character_chosen":"THE_SILENT","items_purchased":[],"gold_per_floor":[114,114,129,129,144,144,159,159,234,264,279],"floor_reached":12,"campfire_rested":1,"playtime":1681,"current_hp_per_floor":[67,67,66,66,66,66,47,68,68,28,15],"items_purged":[],"gold":279,"score":80,"play_id":"aea075e5-d20f-4c26-a7a0-3192591ecb9f","local_time":"20180303182755","daily_mods":[{"name":"All Star","description":"Start with 2 colorless cards.","modID":"Allstar","img":{"data":{"file":{"file":{"path":"images\\ui\\run_mods\\all_star.png"},"type":"Internal"},"width":64,"height":64,"format":"RGBA8888","useMipMaps":false,"isPrepared":false},"glTarget":3553,"glHandle":684,"minFilter":"Linear","magFilter":"Linear","uWrap":"ClampToEdge","vWrap":"ClampToEdge"},"positive":true},{"name":"Lethal Enemies","description":"All enemies start with +3 Strength.","modID":"Lethal Enemies","img":{"data":{"file":{"file":{"path":"images\\ui\\run_mods\\lethal_enemies.png"},"type":"Internal"},"width":64,"height":64,"format":"RGBA8888","useMipMaps":false,"isPrepared":false},"glTarget":3553,"glHandle":675,"minFilter":"Linear","magFilter":"Linear","uWrap":"ClampToEdge","vWrap":"ClampToEdge"},"positive":false},{"name":"Elite Swarm","description":"Elite enemies are swarming the Spire.","modID":"Elite Swarm","img":{"data":{"file":{"file":{"path":"images\\ui\\run_mods\\elite_swarm.png"},"type":"Internal"},"width":64,"height":64,"format":"RGBA8888","useMipMaps":false,"isPrepared":false},"glTarget":3553,"glHandle":674,"minFilter":"Linear","magFilter":"Linear","uWrap":"ClampToEdge","vWrap":"ClampToEdge"},"positive":false},{"name":"Restless Journey","description":"You no longer heal when entering new acts.","modID":"Restless Journey","img":{"data":{"file":{"file":{"path":"images\\ui\\run_mods\\restless_journey.png"},"type":"Internal"},"width":64,"height":64,"format":"RGBA8888","useMipMaps":false,"isPrepared":false},"glTarget":3553,"glHandle":676,"minFilter":"Linear","magFilter":"Linear","uWrap":"ClampToEdge","vWrap":"ClampToEdge"},"positive":false}],"is_prod":false,"is_daily":true,"is_ascension_mode":false,"campfire_upgraded":1,"timestamp":1520098075,"path_taken":["M","?","M","?","M","R","M","R","T","E","M","?"],"build_version":"2018-03-01-PROD1","purchased_purges":0,"victory":false,"master_deck":["Defend_G","Defend_G","Defend_G","Defend_G","Defend_G","Strike_G","Strike_G","Strike_G","Strike_G","Survivor","Neutralize+1","Dark Shackles","Purity","Backflip","Backflip","Deflect"],"max_hp_per_floor":[70,70,70,70,70,70,70,70,70,70,70],"relics":["Ring of the Snake","Molten Egg 2","Toolbox"],"card_choices":[{"not_picked":["Infinite Blades","Bane"],"picked":"Backflip"},{"not_picked":["Cloak And Dagger","Quick Slash"],"picked":"Backflip"},{"not_picked":["Dodge and Roll","Dagger Spray"],"picked":"Deflect"}],"player_experience":129729,"potions_floor_usage":[7,7,10,12],"damage_taken":[{"damage":3,"enemies":"Small Slimes","floor":1,"turns":4},{"damage":1,"enemies":"Cultist","floor":3,"turns":4},{"damage":0,"enemies":"2 Louse","floor":5,"turns":3},{"damage":19,"enemies":"Gremlin Gang","floor":7,"turns":6},{"damage":40,"enemies":"Lagavulin","floor":10,"turns":10},{"damage":13,"enemies":"3 Louse","floor":11,"turns":5},{"damage":19,"enemies":"Lots of Slimes","floor":12,"turns":4}],"event_choices":[{"event_name":"The Lab","player_choice":"Got Potions","floor":2,"damage_taken":0},{"event_name":"Purifier","player_choice":"One Purge","floor":4,"damage_taken":0}],"boss_relics":[],"potions_floor_spawned":[3,5,11],"seed_played":"7095695899989429765","killed_by":"Lots of Slimes","ascension_level":0,"is_trial":false}