{"gold_per_floor":[114,189,189,203,216,244,244,271,271,289,307,318,318],"floor_reached":13,"playtime":529,"items_purged":[],"score":194,"play_id":"c655be4f-15e2-453f-9576-e7f5e1a7da42","local_time":"20190825204319","is_ascension_mode":true,"campfire_choices":[{"floor":7,"key":"REST"}],"neow_cost":"NONE","seed_source_timestamp":462066343160400,"circlet_count":0,"master_deck":["AscendersBane","Strike_B","Strike_B","Strike_B","Strike_B","Defend_B","Defend_B","Defend_B","Defend_B","Zap","Dualcast","Rainbow","Capacitor","Barrage","Genetic Algorithm","Cold Snap","Beam Cell","Steam"],"relics":["Cracked Core","Orichalcum","Question Card","Bag of Preparation","Centennial Puzzle"],"potions_floor_usage":[6,8,13],"damage_taken":[{"damage":3,"enemies":"2 Louse","floor":1,"turns":2},{"damage":0,"enemies":"Cultist","floor":4,"turns":4},{"damage":6,"enemies":"Small Slimes","floor":5,"turns":5},{"damage":16,"enemies":"3 Sentries","floor":6,"turns":7},{"damage":28,"enemies":"Lagavulin","floor":8,"turns":8},{"damage":5,"enemies":"Looter","floor":10,"turns":5},{"damage":1,"enemies":"2 Fungi Beasts","floor":11,"turns":3},{"damage":7,"enemies":"Blue Slaver","floor":12,"turns":4},{"damage":11,"enemies":"Gremlin Gang","floor":13,"turns":3}],"seed_played":"1988580630874406384","potions_obtained":[{"floor":4,"key":"AttackPotion"},{"floor":6,"key":"Weak Potion"},{"floor":11,"key":"Strength Potion"},{"floor":12,"key":"Block Potion"}],"is_trial":false,"path_per_floor":["M","?","?","M","M","E","R","E","T","M","M","M","M"],"character_chosen":"DEFECT","items_purchased":[],"campfire_rested":1,"item_purchase_floors":[],"current_hp_per_floor":[61,50,50,50,44,28,49,21,21,16,15,8,0],"gold":318,"neow_bonus":"ONE_RANDOM_RARE_CARD","is_prod":false,"is_daily":false,"chose_seed":false,"campfire_upgraded":0,"win_rate":0,"timestamp":1566733399,"path_taken":["M","?","?","M","M","E","R","E","T","?","M","M","M"],"build_version":"2019-07-17","purchased_purges":0,"victory":false,"max_hp_per_floor":[71,71,71,71,71,71,71,71,71,71,71,71,71],"card_choices":[{"not_picked":["Hologram","Chaos"],"picked":"Rebound","floor":1},{"not_picked":["Streamline","Leap"],"picked":"Capacitor","floor":4},{"not_picked":["Conserve Battery","Rip and Tear"],"picked":"Barrage","floor":5},{"not_picked":["Heatsinks","Force Field","Steam Power"],"picked":"SKIP","floor":6},{"not_picked":["Stack","FTL","Thunder Strike"],"picked":"Genetic Algorithm","floor":8},{"not_picked":["Conserve Battery","Hologram","Sweeping Beam"],"picked":"Cold Snap","floor":10},{"not_picked":["Streamline","Leap","Skim"],"picked":"Beam Cell","floor":11},{"not_picked":["Reprogram","Blizzard","Sunder"],"picked":"Steam","floor":12}],"player_experience":247419,"relics_obtained":[{"floor":6,"key":"Question Card"},{"floor":8,"key":"Bag of Preparation"},{"floor":9,"key":"Centennial Puzzle"}],"event_choices":[{"damage_healed":0,"gold_gain":75,"player_choice":"Gather Gold","damage_taken":11,"max_hp_gain":0,"max_hp_loss":0,"event_name":"World of Goop","floor":2,"gold_loss":0},{"cards_removed":["Rebound"],"damage_healed":0,"gold_gain":0,"player_choice":"Gave Card","damage_taken":0,"relics_obtained":["Orichalcum"],"max_hp_gain":0,"max_hp_loss":0,"event_name":"WeMeetAgain","floor":3,"gold_loss":0}],"is_beta":false,"boss_relics":[],"items_purged_floors":[],"is_endless":false,"potions_floor_spawned":[4,6,11,12],"killed_by":"Gremlin Gang","ascension_level":20}