{"gold_per_floor":[118,138,138,8,19,19,37,54,54,76,104,104,67,85,85,85],"floor_reached":16,"playtime":396,"items_purged":[],"score":179,"play_id":"c9c4f7aa-c0a1-45c4-ae56-fc22e99705e3","local_time":"20180727174012","is_ascension_mode":true,"campfire_choices":[{"data":"Bash","floor":6,"key":"SMITH"},{"floor":12,"key":"REST"},{"floor":15,"key":"REST"}],"neow_cost":"NONE","seed_source_timestamp":322389277784001,"circlet_count":0,"master_deck":["Strike_R","Strike_R","Strike_R","Strike_R","Strike_R","Defend_R","Defend_R","Defend_R","Defend_R","Bash+1","AscendersBane","Wild Strike","Inflame","Evolve","Pommel Strike","Clothesline","True Grit","Infernal Blade","True Grit","Metallicize","Flame Barrier"],"relics":["Eternal Feather","Blue Candle","Odd Mushroom","Self Forming Clay"],"potions_floor_usage":[10,10],"damage_taken":[{"damage":4,"enemies":"2 Louse","floor":1,"turns":4},{"damage":2,"enemies":"Small Slimes","floor":2,"turns":4},{"damage":0,"enemies":"Cultist","floor":5,"turns":3},{"damage":13,"enemies":"Red Slaver","floor":7,"turns":4},{"damage":8,"enemies":"Looter","floor":8,"turns":4},{"damage":18,"floor":10,"turns":4},{"damage":34,"enemies":"Gremlin Nob","floor":11,"turns":5},{"damage":14,"enemies":"Gremlin Gang","floor":14,"turns":8},{"damage":0,"enemies":"Hexaghost","floor":16,"turns":1}],"seed_played":"4770204619641280936","potions_obtained":[{"floor":2,"key":"GamblersBrew"},{"floor":7,"key":"Explosive Potion"},{"floor":10,"key":"Ancient Potion"}],"is_trial":false,"path_per_floor":["M","M","?","$","M","R","M","M","T","?","E","R","$","M","R"],"character_chosen":"IRONCLAD","items_purchased":["Evolve","Pommel Strike","Metallicize"],"campfire_rested":2,"item_purchase_floors":[4,4,13],"current_hp_per_floor":[64,62,67,67,67,76,63,55,55,37,3,36,36,22,58,58],"gold":85,"neow_bonus":"BOSS_RELIC","is_prod":false,"is_daily":false,"chose_seed":false,"campfire_upgraded":1,"win_rate":0,"timestamp":1532738412,"path_taken":["M","M","?","$","M","R","M","M","T","?","E","R","$","M","R","BOSS"],"build_version":"2018-07-26","purchased_purges":0,"victory":false,"max_hp_per_floor":[75,75,80,80,80,80,80,80,80,80,80,80,80,80,80,80],"card_choices":[{"not_picked":["Flex","Heavy Blade"],"picked":"Wild Strike","floor":1},{"not_picked":["Flex","Headbutt"],"picked":"Inflame","floor":2},{"not_picked":["Iron Wave","Havoc"],"picked":"Clothesline","floor":5},{"not_picked":["Evolve","Clothesline"],"picked":"True Grit","floor":7},{"not_picked":["Corruption","Flex"],"picked":"Infernal Blade","floor":10},{"not_picked":["Wild Strike","Berserk"],"picked":"True Grit","floor":11},{"not_picked":["Infernal Blade","Warcry"],"picked":"Flame Barrier","floor":14}],"player_experience":697025,"relics_obtained":[{"floor":9,"key":"Blue Candle"},{"floor":10,"key":"Odd Mushroom"},{"floor":11,"key":"Self Forming Clay"}],"event_choices":[{"event_name":"Big Fish","player_choice":"Donut","floor":3,"damage_taken":0},{"event_name":"Mushrooms","player_choice":"Fought Mushrooms","floor":10,"damage_taken":0}],"is_beta":true,"boss_relics":[],"items_purged_floors":[],"is_endless":false,"potions_floor_spawned":[2,7,10],"killed_by":"Hexaghost","ascension_level":15}