{"gold_per_floor":[111,111,125,125,125,151,151,168,168,202,202,202,202,217,217,289,289,301,29,48,61,35,35,35,35],"floor_reached":25,"playtime":613,"items_purged":["Strike_R"],"score":508,"play_id":"1c598be9-ecd8-41e0-a71d-e077b2b39fbb","local_time":"20190318132455","is_ascension_mode":true,"campfire_choices":[{"data":"Wild Strike","floor":7,"key":"SMITH"},{"data":"Uppercut","floor":11,"key":"SMITH"},{"data":"Power Through","floor":13,"key":"SMITH"},{"data":"Hemokinesis","floor":15,"key":"SMITH"},{"data":"True Grit","floor":23,"key":"SMITH"}],"neow_cost":"NONE","seed_source_timestamp":5676433981410,"circlet_count":0,"master_deck":["AscendersBane","Strike_R","Strike_R","Strike_R","Strike_R","Defend_R","Defend_R+1","Defend_R","Defend_R","Bash+1","Feel No Pain","Wild Strike+1","Power Through+1","Havoc+1","Uppercut+1","Hemokinesis+1","Demon Form","Havoc","Feel No Pain","Second Wind","Shockwave","Shrug It Off","True Grit+1"],"relics":["Burning Blood","NeowsBlessing","NlothsMask","Potion Belt","War Paint","Art of War","Cursed Key"],"potions_floor_usage":[10,10,20,24],"damage_taken":[{"damage":0,"enemies":"Jaw Worm","floor":1,"turns":1},{"damage":0,"enemies":"Cultist","floor":3,"turns":1},{"damage":0,"enemies":"Lagavulin","floor":6,"turns":1},{"damage":12,"enemies":"Small Slimes","floor":8,"turns":2},{"damage":1,"enemies":"3 Sentries","floor":10,"turns":7},{"damage":4,"enemies":"Exordium Wildlife","floor":14,"turns":4},{"damage":37,"enemies":"The Guardian","floor":16,"turns":11},{"damage":4,"enemies":"Chosen","floor":18,"turns":5},{"damage":4,"enemies":"3 Byrds","floor":20,"turns":2},{"damage":47,"enemies":"Shelled Parasite and Fungi","floor":21,"turns":9},{"damage":0,"enemies":"Gremlin Leader","floor":24,"turns":2},{"damage":0,"enemies":"Cultist and Chosen","floor":25,"turns":1}],"seed_played":"3113052100045960001","potions_obtained":[{"floor":1,"key":"AttackPotion"},{"floor":8,"key":"PowerPotion"},{"floor":16,"key":"LiquidBronze"},{"floor":21,"key":"SmokeBomb"}],"is_trial":false,"path_per_floor":["M","?","M","?","T","E","R","M","T","E","R","?","R","M","R","B",null,"M","$","M","M","$","R","E","M"],"character_chosen":"IRONCLAD","items_purchased":["Havoc","Feel No Pain","Second Wind","True Grit"],"campfire_rested":0,"item_purchase_floors":[19,19,19,22],"current_hp_per_floor":[74,74,75,75,75,75,75,69,69,74,74,79,79,80,80,49,72,74,74,76,35,35,35,41,41],"gold":35,"neow_bonus":"THREE_ENEMY_KILL","is_prod":false,"is_daily":false,"chose_seed":false,"campfire_upgraded":5,"win_rate":0,"timestamp":1552940695,"path_taken":["M","?","?","?","?","E","R","M","T","E","R","?","R","M","R","BOSS","M","$","M","M","$","R","E","M"],"build_version":"2019-03-15","purchased_purges":1,"victory":false,"max_hp_per_floor":[75,75,75,75,75,75,75,75,75,75,75,80,80,80,80,80,80,80,80,80,80,80,80,80,80],"card_choices":[{"not_picked":["Headbutt","Body Slam"],"picked":"Feel No Pain","floor":1},{"not_picked":["Twin Strike","Dual Wield"],"picked":"Wild Strike","floor":3},{"not_picked":["Pommel Strike","Fire Breathing"],"picked":"Power Through","floor":6},{"not_picked":["Seeing Red","Pummel"],"picked":"Havoc","floor":8},{"not_picked":["Carnage","Sword Boomerang"],"picked":"Uppercut","floor":10},{"not_picked":["Headbutt","Flex"],"picked":"Hemokinesis","floor":14},{"not_picked":["Dark Embrace","Limit Break"],"picked":"Demon Form","floor":16},{"not_picked":["Rampage","Clash","Cleave"],"picked":"SKIP","floor":18},{"not_picked":["Combust","True Grit"],"picked":"Shockwave","floor":20},{"not_picked":["Inflame","Havoc"],"picked":"Shrug It Off","floor":21}],"player_experience":1317147,"relics_obtained":[{"floor":6,"key":"Potion Belt"},{"floor":9,"key":"War Paint"},{"floor":10,"key":"Art of War"}],"event_choices":[{"damage_healed":0,"gold_gain":0,"player_choice":"Trade","damage_taken":0,"relics_obtained":["NlothsMask"],"max_hp_gain":0,"max_hp_loss":0,"event_name":"FaceTrader","floor":2,"gold_loss":0},{"damage_healed":0,"gold_gain":0,"player_choice":"Grow","damage_taken":0,"max_hp_gain":0,"max_hp_loss":0,"event_name":"Living Wall","floor":4,"gold_loss":0,"cards_upgraded":["Bash"]},{"damage_healed":0,"gold_gain":0,"player_choice":"Donut","damage_taken":0,"max_hp_gain":5,"max_hp_loss":0,"event_name":"Big Fish","floor":12,"gold_loss":0}],"is_beta":true,"boss_relics":[{"not_picked":["Runic Pyramid","Empty Cage"],"picked":"Cursed Key"}],"items_purged_floors":[19],"is_endless":false,"potions_floor_spawned":[1,8,16,21],"killed_by":"Cultist and Chosen","ascension_level":20}