{"gold_per_floor":[119,119,132,5,20,20,33,33,33,62,76,101,101,118,118,118],"floor_reached":16,"playtime":280,"items_purged":["Defend_G"],"score":204,"play_id":"fe8b5fcd-c590-493e-b172-5e0c1b0c689b","local_time":"20190103180230","is_ascension_mode":true,"campfire_choices":[{"data":"Neutralize","floor":6,"key":"SMITH"},{"data":"Neutralize","floor":8,"key":"SMITH"},{"floor":13,"key":"REST"},{"floor":15,"key":"REST"}],"neow_cost":"NONE","seed_source_timestamp":54188692393811,"circlet_count":0,"master_deck":["AscendersBane","Defend_G","Defend_G","Defend_G","Defend_G","Strike_G","Strike_G","Strike_G","Strike_G","Strike_G","Survivor","Neutralize+1","Dagger Throw","Heel Hook","Neutralize+1","Terror","Blade Dance","Acrobatics","All Out Attack","Quick Slash","Backstab","Glass Knife"],"relics":["Sozu","Matryoshka","Gremlin Horn","Centennial Puzzle","Happy Flower"],"potions_floor_usage":[],"damage_taken":[{"damage":5,"enemies":"2 Louse","floor":1,"turns":2},{"damage":0,"enemies":"Cultist","floor":3,"turns":3},{"damage":0,"enemies":"Small Slimes","floor":5,"turns":3},{"damage":8,"enemies":"Blue Slaver","floor":7,"turns":3},{"damage":32,"enemies":"3 Sentries","floor":10,"turns":8},{"damage":3,"enemies":"3 Louse","floor":11,"turns":2},{"damage":0,"enemies":"2 Fungi Beasts","floor":14,"turns":2},{"damage":0,"enemies":"The Guardian","floor":16,"turns":1}],"seed_played":"1166269209758867831","potions_obtained":[],"is_trial":false,"path_per_floor":["M","?","M","$","M","R","M","R","T","E","M","T","R","M","R","B"],"character_chosen":"THE_SILENT","items_purchased":["Blade Dance"],"campfire_rested":2,"item_purchase_floors":[4],"current_hp_per_floor":[54,54,54,54,54,54,46,46,46,14,11,11,30,30,49,49],"gold":118,"neow_bonus":"BOSS_RELIC","is_prod":false,"is_daily":false,"chose_seed":false,"campfire_upgraded":2,"win_rate":0,"timestamp":1546567350,"path_taken":["M","?","?","$","M","R","M","R","T","E","M","?","R","?","R","BOSS"],"build_version":"2019-01-02","purchased_purges":1,"victory":false,"max_hp_per_floor":[66,66,66,66,66,66,66,66,66,66,66,66,66,66,66,66],"card_choices":[{"not_picked":["Tactician","Quick Slash"],"picked":"Dagger Throw","floor":1},{"not_picked":["Finisher","Underhanded Strike"],"picked":"Terror","floor":3},{"not_picked":["Bane","Dodge and Roll"],"picked":"Acrobatics","floor":5},{"not_picked":["Choke","Quick Slash"],"picked":"All Out Attack","floor":7},{"not_picked":["Slice","Well Laid Plans"],"picked":"Quick Slash","floor":10},{"not_picked":["Poisoned Stab","Dodge and Roll"],"picked":"Backstab","floor":11},{"not_picked":["Footwork","Backstab"],"picked":"Glass Knife","floor":14}],"player_experience":1006494,"relics_obtained":[{"floor":9,"key":"Matryoshka"},{"floor":10,"key":"Gremlin Horn"},{"floor":12,"key":"Centennial Puzzle"},{"floor":12,"key":"Happy Flower"}],"event_choices":[{"damage_healed":0,"gold_gain":0,"player_choice":"2 cards matched","damage_taken":0,"max_hp_gain":0,"max_hp_loss":0,"event_name":"Match and Keep!","floor":2,"gold_loss":0,"cards_obtained":["Heel Hook","Neutralize"]}],"is_beta":true,"boss_relics":[],"items_purged_floors":[4],"is_endless":false,"potions_floor_spawned":[1,7,10,11],"killed_by":"The Guardian","ascension_level":20}