{"gold_per_floor":[111,131,131,150,160,160,195,195,249,259,278,294,219,219,219,291,291,304,53,53,53,73,73,73,73,122,122,148,148],"floor_reached":29,"playtime":808,"items_purged":[],"score":486,"play_id":"4bf2a63c-b9f7-4549-bc00-eed0f41f17dd","local_time":"20190112105201","is_ascension_mode":true,"campfire_choices":[{"data":"Neutralize","floor":6.0,"key":"SMITH"},{"data":"Cloak And Dagger","floor":8.0,"key":"SMITH"},{"data":"Deadly Poison","floor":15.0,"key":"SMITH"},{"data":"Malaise","floor":23,"key":"SMITH"},{"data":"Catalyst","floor":25,"key":"SMITH"},{"data":"Noxious Fumes","floor":27,"key":"SMITH"}],"neow_cost":"NONE","seed_source_timestamp":0,"circlet_count":0,"master_deck":["AscendersBane","Defend_G","Defend_G","Defend_G","Defend_G","Defend_G","Strike_G","Survivor","Neutralize+1","Cloak And Dagger+1","Dodge and Roll","Deadly Poison+1","Bane","Dagger Throw","Backflip","After Image","Deadly Poison","Malaise+1","Escape Plan+1","Noxious Fumes+1","Venomology","Malaise","Cloak And Dagger","Catalyst+1"],"special_seed":0,"relics":["Ring of the Snake","NeowsBlessing","Mummified Hand","Centennial Puzzle","Sozu","Snake Skull","Art of War","Smiling Mask"],"potions_floor_usage":[28],"damage_taken":[{"damage":0.0,"enemies":"Jaw Worm","floor":1.0,"turns":1.0},{"damage":0.0,"enemies":"Cultist","floor":2.0,"turns":1.0},{"damage":0.0,"enemies":"2 Louse","floor":4.0,"turns":1.0},{"damage":1.0,"enemies":"2 Fungi Beasts","floor":5.0,"turns":4.0},{"damage":7.0,"enemies":"3 Sentries","floor":7.0,"turns":13.0},{"damage":6.0,"enemies":"Exordium Wildlife","floor":10.0,"turns":4.0},{"damage":6.0,"enemies":"Large Slime","floor":11.0,"turns":5.0},{"damage":0.0,"enemies":"2 Fungi Beasts","floor":12.0,"turns":4.0},{"damage":9.0,"enemies":"The Guardian","floor":16.0,"turns":10.0},{"damage":3,"enemies":"Chosen","floor":18,"turns":6},{"damage":0,"enemies":"3 Byrds","floor":22,"turns":5},{"damage":49,"enemies":"Slavers","floor":28,"turns":6},{"damage":4,"enemies":"Shelled Parasite and Fungi","floor":29,"turns":1}],"seed_played":"8036900013202835111","potions_obtained":[{"floor":3.0,"key":"GamblersBrew"},{"floor":3.0,"key":"Dexterity Potion"},{"floor":5.0,"key":"Fire Potion"},{"floor":10.0,"key":"Poison Potion"},{"floor":11.0,"key":"GamblersBrew"},{"floor":12.0,"key":"Fire Potion"}],"is_trial":false,"path_per_floor":["M","M","?","M","M","R","E","R","T","M","M","M","?","?","R","B",null,"M","$","?","?","M","R","?","R","T","R","E","M"],"character_chosen":"THE_SILENT","items_purchased":["Snake Skull","Noxious Fumes"],"campfire_rested":0,"item_purchase_floors":[19,19],"current_hp_per_floor":[59,59,59,59,58,58,51,51,51,45,39,39,39,32,32,23,55,52,52,52,52,52,52,52,52,52,52,3,0],"gold":148,"neow_bonus":"THREE_ENEMY_KILL","is_prod":false,"is_daily":false,"chose_seed":false,"campfire_upgraded":6,"win_rate":0,"timestamp":1547319121,"path_taken":["M","M","?","M","M","R","E","R","T","?","?","M","?","?","R","BOSS","M","$","?","?","M","R","?","R","T","R","E","?"],"build_version":"2019-01-10","purchased_purges":0,"victory":false,"max_hp_per_floor":[66,66,66,66,66,66,66,66,66,66,66,66,66,66,66,66,66,66,66,66,66,66,66,66,66,66,66,66,66],"card_choices":[{"not_picked":["Slice","Sucker Punch"],"picked":"Cloak And Dagger","floor":1.0},{"not_picked":["Accuracy","Slice"],"picked":"Dodge and Roll","floor":2.0},{"not_picked":["Underhanded Strike","Escape Plan"],"picked":"Deadly Poison","floor":4.0},{"not_picked":["Masterful Stab","PiercingWail"],"picked":"Bane","floor":5.0},{"not_picked":["Underhanded Strike","Riddle With Holes"],"picked":"Dagger Throw","floor":7.0},{"not_picked":["Choke","Blade Dance"],"picked":"Backflip","floor":10.0},{"not_picked":["Catalyst","Dodge and Roll"],"picked":"After Image","floor":11.0},{"not_picked":["Quick Slash","Tactician"],"picked":"Deadly Poison","floor":12.0},{"not_picked":["Corpse Explosion","Wraith Form v2"],"picked":"Malaise","floor":16.0},{"not_picked":["Heel Hook","PiercingWail+1"],"picked":"Escape Plan+1","floor":18},{"not_picked":["Expertise","Acrobatics"],"picked":"Cloak And Dagger","floor":22}],"player_experience":1010761,"relics_obtained":[{"floor":7.0,"key":"Mummified Hand"},{"floor":9.0,"key":"Centennial Puzzle"},{"floor":26,"key":"Art of War"},{"floor":28,"key":"Smiling Mask"}],"event_choices":[{"damage_healed":0.0,"max_hp_gain":0.0,"max_hp_loss":0.0,"gold_gain":0.0,"event_name":"Lab","player_choice":"Got Potions","floor":3.0,"gold_loss":0.0,"damage_taken":0.0},{"cards_removed":["Strike_G"],"damage_healed":0.0,"max_hp_gain":0.0,"max_hp_loss":0.0,"gold_gain":0.0,"event_name":"The Cleric","player_choice":"Card Removal","floor":13.0,"gold_loss":75.0,"damage_taken":0.0},{"cards_removed":["Strike_G"],"damage_healed":0.0,"max_hp_gain":0.0,"max_hp_loss":0.0,"gold_gain":0.0,"event_name":"Golden Wing","player_choice":"Card Removal","floor":14.0,"gold_loss":0.0,"damage_taken":7.0},{"damage_healed":0,"gold_gain":0,"cards_transformed":["Strike_G","Strike_G"],"player_choice":"Became Test Subject","damage_taken":0,"max_hp_gain":0,"max_hp_loss":0,"event_name":"Drug Dealer","floor":20,"gold_loss":0,"cards_obtained":["Venomology","Malaise"]},{"damage_healed":0,"gold_gain":0,"player_choice":"Ignored","damage_taken":0,"max_hp_gain":0,"max_hp_loss":0,"event_name":"Vampires","floor":21,"gold_loss":0},{"damage_healed":0,"gold_gain":0,"player_choice":"Read","damage_taken":0,"max_hp_gain":0,"max_hp_loss":0,"event_name":"The Library","floor":24,"gold_loss":0,"cards_obtained":["Catalyst"]}],"is_beta":true,"boss_relics":[{"not_picked":["Orrery","Philosopher\u0027s Stone"],"picked":"Sozu"}],"items_purged_floors":[],"is_endless":false,"potions_floor_spawned":[5,10,11,12,22,28],"killed_by":"Shelled Parasite and Fungi","ascension_level":20}