{"gold_per_floor":[113,79,91,102,102,140,240,240,266,307,328,352,352,372,372,372],"floor_reached":16,"playtime":665,"items_purged":[],"score":112,"play_id":"47524283-f613-4b0f-ad5e-4bbe3001468c","local_time":"20190109221552","is_ascension_mode":false,"campfire_choices":[{"floor":8,"key":"REST"},{"floor":13,"key":"REST"},{"data":"Flame Barrier","floor":15,"key":"SMITH"}],"neow_cost":"NONE","seed_source_timestamp":15045625522744,"circlet_count":0,"master_deck":["Strike_R","Strike_R","Strike_R","Strike_R","Strike_R","Defend_R","Defend_R","Defend_R","Defend_R","Bash","Flame Barrier+1","Ghostly Armor","Injury","Pommel Strike","Shrug It Off","Flex"],"relics":["Burning Blood","Golden Idol","Orichalcum","Lantern","Sundial"],"potions_floor_usage":[10,16],"damage_taken":[{"damage":7,"enemies":"Cultist","floor":1,"turns":5},{"damage":1,"enemies":"2 Louse","floor":3,"turns":3},{"damage":2,"enemies":"Small Slimes","floor":4,"turns":4},{"damage":60,"enemies":"3 Sentries","floor":6,"turns":17},{"damage":55,"enemies":"Lagavulin","floor":10,"turns":11},{"damage":7,"enemies":"3 Louse","floor":11,"turns":6},{"damage":0,"enemies":"Looter","floor":12,"turns":4},{"damage":2,"enemies":"Exordium Thugs","floor":14,"turns":6},{"damage":47,"enemies":"Hexaghost","floor":16,"turns":14}],"seed_played":"4033025119560549228","potions_obtained":[{"floor":6,"key":"Fire Potion"},{"floor":10,"key":"Explosive Potion"}],"is_trial":false,"path_per_floor":["M","$","M","M","?","E","?","R","T","E","M","M","R","M","R","B"],"character_chosen":"IRONCLAD","items_purchased":["Flame Barrier"],"campfire_rested":2,"item_purchase_floors":[2],"current_hp_per_floor":[87,87,88,88,88,34,34,60,60,11,10,16,42,46,46,0],"gold":372,"neow_bonus":"TEN_PERCENT_HP_BONUS","is_prod":false,"is_daily":false,"chose_seed":false,"campfire_upgraded":1,"win_rate":0.0,"timestamp":1547090152,"path_taken":["M","$","M","?","?","E","?","R","T","E","M","M","R","M","R","BOSS"],"build_version":"2019-01-03v4","purchased_purges":0,"victory":false,"max_hp_per_floor":[88,88,88,88,88,88,88,88,88,88,88,88,88,88,88,88],"card_choices":[{"not_picked":["Clash","Warcry","Infernal Blade"],"picked":"SKIP","floor":1},{"not_picked":["Body Slam","Dropkick"],"picked":"Ghostly Armor","floor":3},{"not_picked":["Flame Barrier","Pummel","Second Wind"],"picked":"SKIP","floor":4},{"not_picked":["Battle Trance","Dropkick"],"picked":"Pommel Strike","floor":6},{"not_picked":["Carnage","Heavy Blade"],"picked":"Shrug It Off","floor":10},{"not_picked":["Thunderclap","Pommel Strike"],"picked":"Flex","floor":11},{"not_picked":["Iron Wave","Heavy Blade","Ghostly Armor"],"picked":"SKIP","floor":12},{"not_picked":["Rupture","Carnage","Clash"],"picked":"SKIP","floor":14}],"player_experience":8657,"relics_obtained":[{"floor":6,"key":"Orichalcum"},{"floor":9,"key":"Lantern"},{"floor":10,"key":"Sundial"}],"event_choices":[{"damage_healed":0,"gold_gain":0,"player_choice":"Take Wound","damage_taken":0,"relics_obtained":["Golden Idol"],"max_hp_gain":0,"max_hp_loss":0,"event_name":"Golden Idol","floor":5,"gold_loss":0,"cards_obtained":["Injury"]},{"damage_healed":0,"gold_gain":100,"player_choice":"Gold","damage_taken":0,"max_hp_gain":0,"max_hp_loss":0,"event_name":"Wheel of Change","floor":7,"gold_loss":0}],"is_beta":false,"boss_relics":[],"items_purged_floors":[],"is_endless":false,"potions_floor_spawned":[6,10],"killed_by":"Hexaghost","ascension_level":0}