{"gold_per_floor":[112,112,125,0,175,206,225,225,225,225,225,240,259,278,278,381,381,361,42,222,238,251,251,271,305,317,329,400,430,442,27,27,127,127,137,150,167,167,167,202,202,227,227,227,243,243,257,257,257,257],"floor_reached":51,"playtime":2440,"items_purged":["Doubt"],"score":1244,"play_id":"9041e7a3-6218-4c1e-8157-d09351cbfbee","local_time":"20190817173652","is_ascension_mode":true,"campfire_choices":[{"floor":8,"key":"REST"},{"data":"Streamline","floor":10,"key":"SMITH"},{"floor":15,"key":"REST"},{"floor":23,"key":"REST"},{"floor":27,"key":"REST"},{"data":"Apotheosis","floor":32,"key":"SMITH"},{"floor":41,"key":"REST"},{"data":"Defragment","floor":44,"key":"SMITH"},{"floor":49,"key":"RECALL"}],"neow_cost":"CURSE","seed_source_timestamp":158708394415100,"circlet_count":0,"master_deck":["AscendersBane","Strike_B","Strike_B","Strike_B","Strike_B","Defend_B","Defend_B","Defend_B","Zap","Dualcast","Streamline+1","Machine Learning","Impatience+1","Capacitor","Defragment+1","Cold Snap","Capacitor","Hologram","Go for the Eyes","Reboot","Coolheaded+1","Creative AI","Cold Snap","Bandage Up","Cold Snap+1","Glacier","Defragment","Self Repair","Apotheosis+1","Rainbow","Cold Snap+1","Leap+1","Reinforced Body+1","Loop+1","BootSequence+1"],"relics":["Cracked Core","Dead Branch","Gremlin Horn","Pen Nib","Cursed Key","PreservedInsect","MawBank","Tiny Chest","Bottled Lightning","Black Star","Juzu Bracelet","DataDisk","War Paint","Bronze Scales"],"potions_floor_usage":[13,14,16,21,25,28,35,40,50,50],"damage_taken":[{"damage":9,"enemies":"Small Slimes","floor":1,"turns":4},{"damage":1,"enemies":"Cultist","floor":3,"turns":3},{"damage":32,"enemies":"3 Sentries","floor":6,"turns":7},{"damage":7,"enemies":"2 Louse","floor":7,"turns":3},{"damage":25,"enemies":"Large Slime","floor":12,"turns":5},{"damage":13,"enemies":"Gremlin Gang","floor":13,"turns":4},{"damage":9,"enemies":"Lots of Slimes","floor":14,"turns":3},{"damage":21,"enemies":"Slime Boss","floor":16,"turns":10},{"damage":21,"enemies":"2 Thieves","floor":18,"turns":4},{"damage":0,"enemies":"Chosen","floor":21,"turns":4},{"damage":9,"enemies":"Snake Plant","floor":22,"turns":5},{"damage":17,"enemies":"Snecko","floor":24,"turns":7},{"damage":17,"enemies":"Gremlin Leader","floor":25,"turns":6},{"damage":3,"enemies":"Slavers","floor":28,"turns":7},{"damage":1,"enemies":"Sentry and Sphere","floor":29,"turns":8},{"damage":27,"enemies":"Automaton","floor":33,"turns":12},{"damage":19,"enemies":"3 Shapes","floor":35,"turns":4},{"damage":7,"enemies":"Orb Walker","floor":36,"turns":4},{"damage":24,"enemies":"Spire Growth","floor":37,"turns":6},{"damage":15,"enemies":"Nemesis","floor":40,"turns":7},{"damage":5,"enemies":"Giant Head","floor":42,"turns":10},{"damage":9,"enemies":"Writhing Mass","floor":45,"turns":10},{"damage":7,"enemies":"Maw","floor":47,"turns":9},{"damage":14,"enemies":"Donu and Deca","floor":50,"turns":8}],"seed_played":"-8122018722415263076","potions_obtained":[{"floor":6,"key":"FearPotion"},{"floor":7,"key":"FocusPotion"},{"floor":13,"key":"EssenceOfSteel"},{"floor":16,"key":"Regen Potion"},{"floor":21,"key":"EssenceOfSteel"},{"floor":24,"key":"LiquidBronze"},{"floor":28,"key":"Poison Potion"},{"floor":33,"key":"Energy Potion"},{"floor":37,"key":"PowerPotion"},{"floor":45,"key":"Poison Potion"},{"floor":48,"key":"PowerPotion"},{"floor":48,"key":"SkillPotion"}],"is_trial":false,"path_per_floor":["M","?","M","$","?","E","M","R","T","R","?","M","M","M","R","B",null,"M","$","?","M","M","R","M","E","T","R","E","M","?","$","R","B",null,"M","M","M","?","T","E","R","E","T","R","M","?","M","?","R","B",null],"character_chosen":"DEFECT","items_purchased":["Defragment","Cold Snap","PreservedInsect","Bandage Up","Apotheosis","Bottled Lightning"],"campfire_rested":5,"item_purchase_floors":[4,4,19,19,31,31],"current_hp_per_floor":[59,59,58,58,58,26,19,41,41,41,66,41,28,19,41,20,61,40,40,19,35,30,52,39,26,26,48,49,59,59,59,59,48,68,59,68,60,60,60,61,75,75,75,75,75,75,75,75,75,75],"gold":257,"neow_bonus":"ONE_RARE_RELIC","is_prod":false,"is_daily":false,"chose_seed":false,"campfire_upgraded":3,"win_rate":0,"timestamp":1566031012,"path_taken":["M","?","M","?","?","E","M","R","T","R","?","M","M","M","R","BOSS","M","$","?","M","M","R","M","E","T","R","E","?","?","$","R","BOSS","M","?","M","?","?","E","R","E","T","R","M","?","M","?","R","BOSS"],"build_version":"2019-07-17","purchased_purges":1,"victory":true,"max_hp_per_floor":[75,75,75,75,75,75,75,75,75,75,75,75,75,75,75,75,75,75,75,75,75,75,75,75,75,75,75,75,75,75,75,75,75,75,75,75,75,75,75,75,75,75,75,75,75,75,75,75,75,75],"card_choices":[{"not_picked":["Gash","Cold Snap"],"picked":"Streamline","floor":1},{"not_picked":["Cold Snap","Go for the Eyes"],"picked":"Capacitor","floor":3},{"not_picked":["Leap","Rebound"],"picked":"Capacitor","floor":6},{"not_picked":["Turbo","Aggregate"],"picked":"Hologram","floor":7},{"not_picked":["Sweeping Beam","Hello World"],"picked":"Go for the Eyes","floor":12},{"not_picked":["Lockon","Turbo"],"picked":"Reboot","floor":13},{"not_picked":["Streamline","Leap"],"picked":"Coolheaded","floor":14},{"not_picked":["Fission","Echo Form"],"picked":"Creative AI","floor":16},{"not_picked":["Turbo","Hologram"],"picked":"Cold Snap","floor":18},{"not_picked":["Tempest","Steam Power"],"picked":"Cold Snap+1","floor":21},{"not_picked":["Streamline","Turbo","Barrage"],"picked":"SKIP","floor":22},{"not_picked":["Turbo+1","Thunder Strike"],"picked":"Glacier","floor":24},{"not_picked":["Beam Cell+1","Ball Lightning+1"],"picked":"Defragment","floor":25},{"not_picked":["Hologram","Go for the Eyes"],"picked":"Self Repair","floor":28},{"not_picked":["Redo","Hologram+1","Stack"],"picked":"SKIP","floor":29},{"not_picked":["Multi-Cast","Meteor Strike"],"picked":"Rainbow","floor":33},{"not_picked":["Turbo+1","Loop+1"],"picked":"Cold Snap+1","floor":35},{"not_picked":["Turbo+1","Redo","Tempest"],"picked":"SKIP","floor":36},{"not_picked":["Cold Snap","Force Field+1"],"picked":"Leap+1","floor":37},{"not_picked":["Redo+1","Coolheaded"],"picked":"Reinforced Body+1","floor":40},{"not_picked":["Steam+1","Barrage"],"picked":"Loop+1","floor":42},{"not_picked":["Leap+1","Go for the Eyes"],"picked":"BootSequence+1","floor":45},{"not_picked":["Compile Driver+1","Reprogram+1","Heatsinks"],"picked":"SKIP","floor":47}],"player_experience":180192,"relics_obtained":[{"floor":6,"key":"Gremlin Horn"},{"floor":9,"key":"Pen Nib"},{"floor":25,"key":"MawBank"},{"floor":28,"key":"Tiny Chest"},{"floor":40,"key":"Juzu Bracelet"},{"floor":40,"key":"DataDisk"},{"floor":42,"key":"War Paint"},{"floor":42,"key":"Bronze Scales"}],"event_choices":[{"damage_healed":0,"gold_gain":0,"player_choice":"2 cards matched","damage_taken":0,"max_hp_gain":0,"max_hp_loss":0,"event_name":"Match and Keep!","floor":2,"gold_loss":0,"cards_obtained":["Machine Learning","Impatience"]},{"damage_healed":0,"gold_gain":175,"player_choice":"AGREE","damage_taken":0,"max_hp_gain":0,"max_hp_loss":0,"event_name":"Liars Game","floor":5,"gold_loss":0,"cards_obtained":["Doubt"]},{"damage_healed":25,"gold_gain":0,"player_choice":"Banana","damage_taken":0,"max_hp_gain":0,"max_hp_loss":0,"event_name":"Big Fish","floor":11,"gold_loss":0},{"damage_healed":0,"gold_gain":180,"player_choice":"GOLD GOLD ","damage_taken":21,"max_hp_gain":0,"max_hp_loss":0,"event_name":"Knowing Skull","floor":20,"potions_obtained":[],"gold_loss":0,"cards_obtained":[]},{"cards_removed":["Doubt"],"damage_healed":0,"gold_gain":0,"player_choice":"Purged","damage_taken":0,"max_hp_gain":0,"max_hp_loss":0,"event_name":"Purifier","floor":30,"gold_loss":0},{"damage_healed":0,"gold_gain":0,"player_choice":"Ignored","damage_taken":0,"max_hp_gain":0,"max_hp_loss":0,"event_name":"Mysterious Sphere","floor":38,"gold_loss":0},{"cards_removed":["Defend_B"],"damage_healed":0,"gold_gain":0,"player_choice":"Removed Skill","damage_taken":0,"max_hp_gain":0,"max_hp_loss":0,"event_name":"Falling","floor":46,"gold_loss":0},{"damage_healed":0,"gold_gain":0,"player_choice":"Got Potions","damage_taken":0,"max_hp_gain":0,"max_hp_loss":0,"event_name":"Lab","floor":48,"gold_loss":0}],"is_beta":false,"boss_relics":[{"not_picked":["Runic Dome","Fusion Hammer"],"picked":"Cursed Key"},{"not_picked":["Calling Bell","Eternal Feather"],"picked":"Black Star"}],"items_purged_floors":[19],"is_endless":false,"potions_floor_spawned":[6,7,13,16,21,24,28,33,37,45,47],"ascension_level":11}