{"gold_per_floor":[116,116,116,41,61,61,76,111,111,111,144,144,160,201,201,297,297,322,322,322,82,82,123,123,141,164,164,202,53,96,114,114,207,207,231,254,254,124,143,143,168,168,168,191,191,222,36,59,59,59],"floor_reached":50,"playtime":1840,"items_purged":["Shame","Decay"],"score":1221,"play_id":"858bb485-cbf0-411b-a79c-3a2da1a28e0a","local_time":"20190302114907","is_ascension_mode":true,"campfire_choices":[{"data":"Perfected Strike","floor":6.0,"key":"SMITH"},{"data":"Armaments","floor":12.0,"key":"SMITH"},{"data":"Disarm","floor":15.0,"key":"SMITH"},{"data":"Perfected Strike","floor":24.0,"key":"SMITH"},{"data":"Perfected Strike","floor":27.0,"key":"SMITH"},{"data":"Bash","floor":32.0,"key":"SMITH"},{"data":"Immolate","floor":40.0,"key":"SMITH"},{"data":"Fiend Fire","floor":42.0,"key":"SMITH"},{"floor":45.0,"key":"REST"},{"floor":49.0,"key":"REST"}],"neow_cost":"NONE","seed_source_timestamp":377383516621,"circlet_count":0,"master_deck":["AscendersBane","Strike_R","Strike_R","Strike_R","Strike_R","Strike_R","Bash+1","Perfected Strike+1","Disarm+1","Perfected Strike+1","Armaments+1","Perfected Strike+1","Power Through+1","Wild Strike","Feed","Wild Strike","Battle Trance+1","Feel No Pain","Exhume+1","Rage+1","Evolve","Evolve","Havoc+1","Power Through+1","Shrug It Off+1","Wild Strike","Shrug It Off+1","Shrug It Off+1","Fiend Fire+1","Dual Wield+1","Warcry+1","Inflame","True Grit+1","Offering+1","Immolate+1","Seeing Red+1","Second Wind+1","Dual Wield+1","Shrug It Off+1"],"special_seed":0,"relics":["Burning Blood","NeowsBlessing","Golden Idol","Toxic Egg 2","Bottled Flame","Darkstone Periapt","StoneCalendar","Dodecahedron","Mark of Pain","Bronze Scales","Meat on the Bone","Red Skull","MawBank","Ornamental Fan","Cursed Key","Boot","Centennial Puzzle"],"potions_floor_usage":[50,50],"damage_taken":[{"damage":0.0,"enemies":"Cultist","floor":1.0,"turns":1.0},{"damage":0.0,"enemies":"2 Louse","floor":5.0,"turns":1.0},{"damage":0.0,"enemies":"Jaw Worm","floor":7.0,"turns":1.0},{"damage":32.0,"enemies":"Gremlin Nob","floor":8.0,"turns":4.0},{"damage":31.0,"enemies":"Lagavulin","floor":11.0,"turns":7.0},{"damage":6.0,"enemies":"Looter","floor":13.0,"turns":3.0},{"damage":6.0,"enemies":"Gremlin Nob","floor":14.0,"turns":3.0},{"damage":3.0,"enemies":"The Guardian","floor":16.0,"turns":8.0},{"damage":0.0,"enemies":"Chosen","floor":18.0,"turns":3.0},{"damage":0.0,"enemies":"3 Byrds","floor":19.0,"turns":1.0},{"damage":9.0,"enemies":"Slavers","floor":23.0,"turns":4.0},{"damage":9.0,"enemies":"Centurion and Healer","floor":25.0,"turns":7.0},{"damage":14.0,"enemies":"Book of Stabbing","floor":28.0,"turns":2.0},{"damage":25.0,"enemies":"Gremlin Leader","floor":30.0,"turns":7.0},{"damage":11.0,"enemies":"Shelled Parasite and Fungi","floor":31.0,"turns":6.0},{"damage":34.0,"enemies":"Champ","floor":33.0,"turns":10.0},{"damage":5.0,"enemies":"Orb Walker","floor":35.0,"turns":3.0},{"damage":1.0,"enemies":"3 Shapes","floor":36.0,"turns":3.0},{"damage":41.0,"enemies":"3 Darklings","floor":39.0,"turns":5.0},{"damage":0.0,"enemies":"4 Shapes","floor":41.0,"turns":3.0},{"damage":14.0,"enemies":"Jaw Worm Horde","floor":44.0,"turns":5.0},{"damage":6.0,"enemies":"Reptomancer","floor":46.0,"turns":7.0},{"damage":15.0,"enemies":"Maw","floor":48.0,"turns":6.0},{"damage":102,"enemies":"Time Eater","floor":50,"turns":15}],"seed_played":"-9161887298162217875","potions_obtained":[{"floor":7.0,"key":"Regen Potion"},{"floor":8.0,"key":"SmokeBomb"},{"floor":14.0,"key":"SkillPotion"},{"floor":16.0,"key":"Energy Potion"},{"floor":23.0,"key":"LiquidBronze"},{"floor":30.0,"key":"Ancient Potion"},{"floor":33.0,"key":"Poison Potion"},{"floor":36.0,"key":"Strength Potion"},{"floor":41.0,"key":"Dexterity Potion"},{"floor":48.0,"key":"Block Potion"}],"is_trial":false,"path_per_floor":["M","?","?","$","M","R","M","E","T","?","E","R","M","E","R","B",null,"M","M","?","$","?","E","R","M","T","R","E","$","E","M","R","B",null,"M","M","?","$","M","R","M","R","T","M","R","E","$","M","R","B"],"character_chosen":"IRONCLAD","items_purchased":["Disarm","Battle Trance+1","Feel No Pain","Power Through+1","Shrug It Off+1","Wild Strike","True Grit+1","Offering+1","Dual Wield+1"],"campfire_rested":2,"item_purchase_floors":[4,21,21,29,29,29,38,38,47],"current_hp_per_floor":[74,68,68,68,68,68,68,42,42,37,27,27,27,27,27,30,59,65,68,74,74,74,74,74,74,74,74,66,66,47,54,54,38,70,71,84,84,84,61,61,70,70,76,71,100,100,100,91,100,0],"gold":59,"neow_bonus":"THREE_ENEMY_KILL","is_prod":false,"is_daily":false,"chose_seed":false,"campfire_upgraded":8,"win_rate":0,"timestamp":1551556147,"path_taken":["M","?","?","$","M","R","?","E","T","?","E","R","M","E","R","BOSS","M","M","?","$","?","E","R","M","T","R","E","?","E","M","R","BOSS","M","?","?","?","M","R","M","R","T","?","R","E","$","M","R","BOSS"],"build_version":"2019-02-06","purchased_purges":2,"victory":false,"max_hp_per_floor":[75,68,68,68,68,68,68,68,68,68,68,68,68,68,68,68,68,68,68,74,74,74,77,77,80,80,80,80,80,80,80,80,80,80,80,88,88,88,88,88,91,91,97,100,100,100,100,100,100,100],"card_choices":[{"not_picked":["Iron Wave","Second Wind"],"picked":"Perfected Strike","floor":1.0},{"not_picked":["Headbutt","Dropkick"],"picked":"Perfected Strike","floor":5.0},{"not_picked":["Wild Strike","Cleave"],"picked":"Armaments","floor":7.0},{"not_picked":["Shockwave","Warcry"],"picked":"Perfected Strike","floor":8.0},{"not_picked":["Pommel Strike","Seeing Red+1"],"picked":"Power Through+1","floor":11.0},{"not_picked":["Twin Strike","Sword Boomerang"],"picked":"Wild Strike","floor":14.0},{"not_picked":["Barricade","Limit Break+1"],"picked":"Feed","floor":16.0},{"not_picked":["Rupture","Burning Pact+1"],"picked":"Wild Strike","floor":18.0},{"not_picked":["Flex+1","Anger"],"picked":"Evolve","floor":23.0},{"not_picked":["Sever Soul","Pommel Strike"],"picked":"Evolve","floor":25.0},{"not_picked":["Searing Blow","Body Slam"],"picked":"Havoc+1","floor":28.0},{"not_picked":["Warcry+1","Cleave"],"picked":"Shrug It Off+1","floor":30.0},{"not_picked":["Clash","Limit Break+1"],"picked":"Shrug It Off+1","floor":31.0},{"not_picked":["Demon Form","Offering+1"],"picked":"Fiend Fire","floor":33.0},{"not_picked":["Sword Boomerang","Reckless Charge"],"picked":"Dual Wield+1","floor":35.0},{"not_picked":["Thunderclap","Bloodletting+1"],"picked":"Warcry+1","floor":36.0},{"not_picked":["Armaments+1","Thunderclap"],"picked":"Immolate","floor":39.0},{"not_picked":["Thunderclap","Iron Wave"],"picked":"Seeing Red+1","floor":41.0},{"not_picked":["Armaments+1","Clash","Bloodletting+1"],"picked":"SKIP","floor":44.0},{"not_picked":["Shrug It Off+1","Infernal Blade+1"],"picked":"Second Wind+1","floor":46.0},{"not_picked":["Warcry+1","Clothesline"],"picked":"Shrug It Off+1","floor":48.0}],"player_experience":1263025,"relics_obtained":[{"floor":8.0,"key":"Toxic Egg 2"},{"floor":9.0,"key":"Bottled Flame"},{"floor":11.0,"key":"StoneCalendar"},{"floor":14.0,"key":"Dodecahedron"},{"floor":23.0,"key":"Meat on the Bone"},{"floor":26.0,"key":"Red Skull"},{"floor":28.0,"key":"MawBank"},{"floor":30.0,"key":"Ornamental Fan"},{"floor":43.0,"key":"Boot"},{"floor":46.0,"key":"Centennial Puzzle"}],"event_choices":[{"damage_healed":0.0,"max_hp_gain":0.0,"max_hp_loss":7.0,"gold_gain":0.0,"event_name":"Golden Idol","player_choice":"Lose Max HP","floor":2.0,"gold_loss":0.0,"damage_taken":0.0,"relics_obtained":["Golden Idol"]},{"cards_removed":["Defend_R"],"damage_healed":0.0,"max_hp_gain":0.0,"max_hp_loss":0.0,"gold_gain":0.0,"event_name":"Purifier","player_choice":"Purged","floor":3.0,"gold_loss":0.0,"damage_taken":0.0},{"damage_healed":0.0,"max_hp_gain":0.0,"max_hp_loss":0.0,"gold_gain":0.0,"event_name":"Scrap Ooze","player_choice":"Success","floor":10.0,"gold_loss":0.0,"damage_taken":5.0,"relics_obtained":["Darkstone Periapt"]},{"damage_healed":0.0,"max_hp_gain":0.0,"max_hp_loss":0.0,"gold_gain":0.0,"event_name":"Addict","player_choice":"Stole Relic","floor":20.0,"gold_loss":0.0,"damage_taken":0.0,"relics_obtained":["Bronze Scales"],"cards_obtained":["Shame"]},{"damage_healed":0.0,"max_hp_gain":0.0,"max_hp_loss":0.0,"gold_gain":0.0,"cards_transformed":["Defend_R","Defend_R"],"event_name":"Drug Dealer","player_choice":"Became Test Subject","floor":22.0,"gold_loss":0.0,"damage_taken":0.0,"cards_obtained":["Exhume","Rage"]},{"damage_healed":0.0,"max_hp_gain":0.0,"max_hp_loss":0.0,"gold_gain":0.0,"cards_transformed":["Defend_R"],"event_name":"Transmorgrifier","player_choice":"Transformed","floor":37.0,"gold_loss":0.0,"damage_taken":0.0,"cards_obtained":["Inflame"]}],"is_beta":true,"boss_relics":[{"not_picked":["Ectoplasm","Pandora\u0027s Box"],"picked":"Mark of Pain"},{"not_picked":["Velvet Choker","Sozu"],"picked":"Cursed Key"}],"items_purged_floors":[21,47],"is_endless":false,"potions_floor_spawned":[7,8,14,16,18,23,30,33,36,41,48],"killed_by":"Time Eater","ascension_level":20}