{"gold_per_floor":[119,131,147,161,60,90,110,110,134,134,163,338,143,143,143,247,247,265,25,38,38,53,79,91,103],"floor_reached":25,"playtime":1435,"items_purged":["Strike_R","Doubt"],"score":370,"play_id":"3b727dde-c206-448e-84dd-963b3404872c","local_time":"20190713002646","is_ascension_mode":true,"campfire_choices":[{"data":"Double Tap","floor":8,"key":"SMITH"},{"floor":10,"key":"REST"},{"data":"Flame Barrier","floor":15,"key":"SMITH"},{"floor":24,"key":"REST"}],"neow_cost":"NONE","seed_source_timestamp":240697284425548,"circlet_count":0,"master_deck":["AscendersBane","Strike_R","Strike_R","Strike_R","Defend_R","Defend_R","Defend_R","Defend_R","Bash","Deep Breath","Pommel Strike","Shrug It Off","Inflame","Heavy Blade","Sword Boomerang","Double Tap+1","Flame Barrier+1","Anger","Panacea","Brutality","Cleave","Shrug It Off+1"],"relics":["Burning Blood","Ornamental Fan","Orichalcum","Dream Catcher","Bag of Preparation","Mark of Pain","Self Forming Clay","MawBank"],"potions_floor_usage":[4,11,23,23],"damage_taken":[{"damage":6,"enemies":"Cultist","floor":1,"turns":3},{"damage":2,"enemies":"Small Slimes","floor":2,"turns":4},{"damage":0,"enemies":"Jaw Worm","floor":3,"turns":3},{"damage":25,"enemies":"Lots of Slimes","floor":4,"turns":5},{"damage":34,"enemies":"3 Sentries","floor":6,"turns":9},{"damage":9,"enemies":"Red Slaver","floor":7,"turns":4},{"damage":14,"enemies":"Gremlin Nob","floor":11,"turns":3},{"damage":36,"enemies":"The Guardian","floor":16,"turns":10},{"damage":2,"enemies":"Spheric Guardian","floor":18,"turns":3},{"damage":15,"enemies":"2 Thieves","floor":20,"turns":4},{"damage":0,"enemies":"Snake Plant","floor":22,"turns":3},{"damage":63,"enemies":"Slavers","floor":23,"turns":6},{"damage":31,"enemies":"Book of Stabbing","floor":25,"turns":5}],"seed_played":"-2769519687247841688","potions_obtained":[{"floor":1,"key":"FearPotion"},{"floor":3,"key":"Energy Potion"},{"floor":7,"key":"Dexterity Potion"},{"floor":16,"key":"Weak Potion"}],"is_trial":false,"path_per_floor":["M","M","M","M","$","E","M","R","T","R","E","?","$","?","R","B",null,"M","$","M","?","M","E","R","E"],"character_chosen":"IRONCLAD","items_purchased":["Sword Boomerang","Panacea","Self Forming Clay"],"campfire_rested":2,"item_purchase_floors":[5,13,19],"current_hp_per_floor":[72,76,80,61,61,33,30,30,30,54,46,46,46,43,43,13,63,67,67,58,58,64,7,31,0],"gold":103,"neow_bonus":"RANDOM_COLORLESS","is_prod":false,"is_daily":false,"chose_seed":false,"campfire_upgraded":2,"win_rate":0,"timestamp":1562995606,"path_taken":["M","M","M","M","$","E","M","R","T","R","E","?","$","?","R","BOSS","M","$","M","?","M","E","R","E"],"build_version":"2019-07-05","purchased_purges":2,"victory":false,"max_hp_per_floor":[80,80,80,80,80,80,80,80,80,80,80,80,80,80,80,80,80,80,80,80,80,80,80,80,80],"card_choices":[{"not_picked":["Blood for Blood","Havoc"],"picked":"Pommel Strike","floor":1},{"not_picked":["Clash","Wild Strike"],"picked":"Shrug It Off","floor":2},{"not_picked":["Rage","Flex"],"picked":"Inflame","floor":3},{"not_picked":["Shockwave","Wild Strike"],"picked":"Heavy Blade","floor":4},{"not_picked":["Searing Blow","Pommel Strike"],"picked":"Double Tap","floor":6},{"not_picked":["Shockwave","True Grit"],"picked":"Flame Barrier","floor":7},{"not_picked":["Clothesline","Sword Boomerang"],"picked":"Anger","floor":11},{"not_picked":["Fiend Fire","Immolate"],"picked":"Brutality","floor":16},{"not_picked":["Pommel Strike","Clash"],"picked":"Cleave","floor":18},{"not_picked":["Clash","Burning Pact+1"],"picked":"Shrug It Off+1","floor":20},{"not_picked":["Flex","Perfected Strike","Warcry"],"picked":"SKIP","floor":22},{"not_picked":["Feel No Pain","Iron Wave","Clash"],"picked":"SKIP","floor":23}],"player_experience":863709,"relics_obtained":[{"floor":6,"key":"Ornamental Fan"},{"floor":9,"key":"Orichalcum"},{"floor":11,"key":"Dream Catcher"},{"floor":23,"key":"MawBank"}],"event_choices":[{"damage_healed":0,"gold_gain":175,"player_choice":"AGREE","damage_taken":0,"max_hp_gain":0,"max_hp_loss":0,"event_name":"Liars Game","floor":12,"gold_loss":0,"cards_obtained":["Doubt"]},{"damage_healed":0,"gold_gain":0,"player_choice":"Success","damage_taken":3,"relics_obtained":["Bag of Preparation"],"max_hp_gain":0,"max_hp_loss":0,"event_name":"Scrap Ooze","floor":14,"gold_loss":0},{"cards_removed":["Strike_R"],"damage_healed":0,"gold_gain":0,"player_choice":"Purged","damage_taken":0,"max_hp_gain":0,"max_hp_loss":0,"event_name":"Purifier","floor":21,"gold_loss":0}],"is_beta":false,"boss_relics":[{"not_picked":["Lizard Tail","Orrery"],"picked":"Mark of Pain"}],"items_purged_floors":[5,13],"is_endless":false,"potions_floor_spawned":[1,3,7,16,18,20],"killed_by":"Book of Stabbing","ascension_level":12}