{"gold_per_floor":[119,119,119,129,129,129,149,149,196,196,258,329,339,358,358,456,456,469,469,559,268,286,286,301,226,226,226,260,260,260,270,270,375,375,390,404,404,504,523,523,537,537,537,458,470,470,320,335,335,335],"floor_reached":51,"playtime":2022,"items_purged":["Defend_B"],"score":680,"play_id":"303edd83-a634-4c8a-98f7-0a58c3e635d1","local_time":"20190106181313","is_ascension_mode":false,"campfire_choices":[{"data":"Dualcast","floor":6,"key":"SMITH"},{"data":"Zap","floor":8,"key":"SMITH"},{"data":"Chaos","floor":10,"key":"SMITH"},{"floor":15,"key":"REST"},{"data":"Apotheosis","floor":23,"key":"SMITH"},{"floor":27,"key":"REST"},{"floor":29,"key":"REST"},{"floor":32,"key":"REST"},{"floor":40,"key":"REST"},{"floor":46,"key":"REST"},{"floor":49,"key":"REST"}],"neow_cost":"NONE","seed_source_timestamp":67059825503653,"circlet_count":0,"master_deck":["Strike_B+1","Defend_B+1","Defend_B","Zap+1","Dualcast+1","Genetic Algorithm","Chaos+1","Conserve Battery","Reboot","Leap+1","Apotheosis+1","Ball Lightning","Sweeping Beam+1","Rip and Tear+1","Electrodynamics","Defragment+1","Capacitor","Force Field","Force Field+1","Capacitor","White Noise","Barrage+1","Beam Cell+1"],"relics":["Cracked Core","NeowsBlessing","Oddly Smooth Stone","Bottled Flame","Pantograph","Sozu","Darkstone Periapt","StoneCalendar","Empty Cage","Calipers","Dream Catcher","Strawberry"],"potions_floor_usage":[39,50,50],"damage_taken":[{"damage":0,"enemies":"Small Slimes","floor":1,"turns":1},{"damage":0,"enemies":"2 Louse","floor":4,"turns":1},{"damage":0,"enemies":"Cultist","floor":7,"turns":1},{"damage":18,"enemies":"Gremlin Nob","floor":11,"turns":4},{"damage":0,"enemies":"3 Louse","floor":13,"turns":3},{"damage":0,"enemies":"Large Slime","floor":14,"turns":5},{"damage":48,"enemies":"Slime Boss","floor":16,"turns":12},{"damage":6,"enemies":"Shell Parasite","floor":18,"turns":6},{"damage":2,"enemies":"Spheric Guardian","floor":22,"turns":4},{"damage":17,"enemies":"Shelled Parasite and Fungi","floor":24,"turns":5},{"damage":15,"enemies":"Gremlin Leader","floor":28,"turns":5},{"damage":0,"enemies":"Centurion and Healer","floor":31,"turns":7},{"damage":48,"enemies":"Champ","floor":33,"turns":10},{"damage":11,"enemies":"3 Darklings","floor":35,"turns":3},{"damage":20,"enemies":"Orb Walker","floor":36,"turns":5},{"damage":25,"enemies":"Mind Bloom Boss Battle","floor":38,"turns":6},{"damage":18,"enemies":"Maw","floor":39,"turns":7},{"damage":4,"enemies":"3 Darklings","floor":41,"turns":3},{"damage":0,"enemies":"Transient","floor":45,"turns":5},{"damage":20,"enemies":"Sphere and 2 Shapes","floor":48,"turns":4},{"damage":89,"enemies":"Awakened One","floor":50,"turns":11}],"seed_played":"-114945564635287094","potions_obtained":[{"floor":1,"key":"FearPotion"},{"floor":7,"key":"SpeedPotion"},{"floor":14,"key":"Weak Potion"},{"floor":16,"key":"Regen Potion"}],"is_trial":false,"path_per_floor":["M","?","?","M","?","R","M","R","T","R","?","T","M","M","R","B",null,"M","?","?","$","M","R","M","?","T","R","E","R","?","M","R","B",null,"M","M","?","?","M","R","M","?","T","$","M","R","$","M","R","B",null],"character_chosen":"DEFECT","items_purchased":["Apotheosis","Ball Lightning","Capacitor","Strawberry"],"campfire_rested":7,"item_purchase_floors":[21,21,44,47],"current_hp_per_floor":[75,60,60,60,60,60,60,60,60,60,42,42,42,42,64,27,75,69,55,39,39,37,37,20,20,20,44,29,53,53,53,77,32,80,69,49,49,49,31,53,49,49,49,49,49,71,78,58,82,9],"gold":335,"neow_bonus":"THREE_ENEMY_KILL","is_prod":false,"is_daily":false,"chose_seed":false,"campfire_upgraded":4,"win_rate":0.0,"timestamp":1546816393,"path_taken":["M","?","?","M","?","R","M","R","T","R","?","?","M","?","R","BOSS","M","?","?","$","?","R","M","?","T","R","E","R","?","?","R","BOSS","M","M","?","?","M","R","M","?","T","$","M","R","$","M","R","BOSS"],"build_version":"2019-01-03v4","purchased_purges":1,"victory":true,"max_hp_per_floor":[75,75,75,75,75,75,75,75,75,75,75,75,75,75,75,75,75,75,80,80,80,80,80,80,80,80,80,80,80,80,80,80,80,80,80,80,76,76,76,76,76,76,76,76,76,76,83,83,83,83],"card_choices":[{"not_picked":["Double Energy","Redo"],"picked":"Genetic Algorithm","floor":1},{"not_picked":["Sweeping Beam","Consume"],"picked":"Chaos","floor":4},{"not_picked":["Doom and Gloom","Coolheaded"],"picked":"Conserve Battery","floor":7},{"not_picked":["Compile Driver","Streamline","Heatsinks"],"picked":"SKIP","floor":13},{"not_picked":["Stack","Conserve Battery","Leap"],"picked":"SKIP","floor":14},{"not_picked":["Amplify","Thunder Strike"],"picked":"Reboot","floor":16},{"not_picked":["Tempest","Sweeping Beam"],"picked":"Leap+1","floor":18},{"not_picked":["Stack","FTL+1"],"picked":"Sweeping Beam+1","floor":22},{"not_picked":["Hologram","Steam","Coolheaded"],"picked":"SKIP","floor":24},{"not_picked":["Gash","Leap+1","Steam"],"picked":"SKIP","floor":28},{"not_picked":["BootSequence","Steam Power"],"picked":"Rip and Tear+1","floor":31},{"not_picked":["Reboot","Fission"],"picked":"Electrodynamics","floor":33},{"not_picked":["Lockon","FTL+1"],"picked":"Defragment+1","floor":35},{"not_picked":["Darkness+1","Auto Shields+1"],"picked":"Capacitor","floor":36},{"not_picked":["Gash+1","Steam+1"],"picked":"Force Field","floor":38},{"not_picked":["Cold Snap","Double Energy"],"picked":"Force Field+1","floor":39},{"not_picked":["Coolheaded+1","Beam Cell+1","Hologram+1"],"picked":"SKIP","floor":41},{"not_picked":["Ball Lightning","Thunder Strike"],"picked":"White Noise","floor":45},{"not_picked":["Coolheaded+1","Reprogram"],"picked":"Barrage+1","floor":46},{"not_picked":["Redo","Steam+1","Cold Snap"],"picked":"SKIP","floor":48},{"not_picked":["Cold Snap+1","Streamline"],"picked":"Beam Cell+1","floor":49}],"player_experience":2821,"relics_obtained":[{"floor":9,"key":"Oddly Smooth Stone"},{"floor":11,"key":"Bottled Flame"},{"floor":12,"key":"Pantograph"},{"floor":26,"key":"Darkstone Periapt"},{"floor":28,"key":"StoneCalendar"},{"floor":38,"key":"Calipers"},{"floor":43,"key":"Dream Catcher"}],"event_choices":[{"damage_healed":0,"gold_gain":0,"player_choice":"Entered Light","damage_taken":15,"max_hp_gain":0,"max_hp_loss":0,"event_name":"Shining Light","floor":2,"gold_loss":0,"cards_upgraded":["Defend_B","Strike_B"]},{"damage_healed":0,"gold_gain":0,"player_choice":"Ignored","damage_taken":0,"max_hp_gain":0,"max_hp_loss":0,"event_name":"Golden Wing","floor":3,"gold_loss":0},{"damage_healed":0,"gold_gain":0,"player_choice":"Ignored","damage_taken":0,"max_hp_gain":0,"max_hp_loss":0,"event_name":"Liars Game","floor":5,"gold_loss":0},{"damage_healed":0,"gold_gain":30,"player_choice":"Searched \u00272\u0027 times","damage_taken":0,"max_hp_gain":0,"max_hp_loss":0,"event_name":"Dead Adventurer","floor":11,"gold_loss":0},{"damage_healed":0,"gold_gain":0,"player_choice":"Shed Blood","damage_taken":19,"max_hp_gain":5,"max_hp_loss":0,"event_name":"Forgotten Altar","floor":19,"gold_loss":0},{"damage_healed":0,"gold_gain":90,"player_choice":"GOLD ","damage_taken":16,"max_hp_gain":0,"max_hp_loss":0,"event_name":"Knowing Skull","floor":20,"potions_obtained":[],"gold_loss":0,"cards_obtained":[]},{"cards_removed":["Strike_B"],"damage_healed":0,"gold_gain":0,"player_choice":"Gave Gold","damage_taken":0,"max_hp_gain":0,"max_hp_loss":0,"event_name":"Beggar","floor":25,"gold_loss":75},{"damage_healed":0,"gold_gain":0,"player_choice":"Got Potions","damage_taken":0,"max_hp_gain":0,"max_hp_loss":0,"event_name":"Lab","floor":30,"gold_loss":0},{"damage_healed":0,"gold_gain":0,"player_choice":"Max HP","damage_taken":0,"max_hp_gain":0,"max_hp_loss":4,"event_name":"Winding Halls","floor":37,"gold_loss":0},{"damage_healed":0,"gold_gain":0,"player_choice":"Fight","damage_taken":0,"max_hp_gain":0,"max_hp_loss":0,"event_name":"MindBloom","floor":38,"gold_loss":0},{"cards_removed":["Strike_B"],"damage_healed":0,"gold_gain":0,"player_choice":"Removed Attack","damage_taken":0,"max_hp_gain":0,"max_hp_loss":0,"event_name":"Falling","floor":42,"gold_loss":0}],"is_beta":false,"boss_relics":[{"not_picked":["Black Star","Cursed Key"],"picked":"Sozu"},{"not_picked":["Lizard Tail","Fusion Hammer"],"picked":"Empty Cage"}],"items_purged_floors":[21],"is_endless":false,"potions_floor_spawned":[1,7,14,16,22,28,33,45,48],"ascension_level":0}