{"gold_per_floor":[161,176,188,42,42,42,57,57,57,22,22,39,67,47,47,121,121,121,121,6,6,6,6,6,6,6,6,6,6,6,6,6,6,6,6,6,6,0,0,0,0,0,0,0,0,0,0,0,0,0],"floor_reached":51,"playtime":2521,"items_purged":["Defend_B"],"score":1161,"play_id":"f499394c-b6a2-4192-aa53-b11af6970195","local_time":"20180805012546","is_ascension_mode":true,"campfire_choices":[{"data":"Zap","floor":6,"key":"SMITH"},{"data":"Hello World","floor":8,"key":"SMITH"},{"data":"Sweeping Beam","floor":11,"key":"SMITH"},{"data":"Hologram","floor":15,"key":"SMITH"},{"floor":24,"key":"REST"},{"data":"Hologram","floor":27,"key":"SMITH"},{"floor":30,"key":"REST"},{"data":"BootSequence","floor":32,"key":"SMITH"},{"floor":41,"key":"REST"},{"floor":45,"key":"REST"},{"floor":49,"key":"REST"}],"neow_cost":"NONE","seed_source_timestamp":675124772315834,"circlet_count":0,"master_deck":["Strike_B","Strike_B","Strike_B","Strike_B","Defend_B","Defend_B","Defend_B+1","Zap+1","Dualcast","AscendersBane","Sweeping Beam+1","Cold Snap","Defragment+1","White Noise","Hello World+1","Glacier","Hello World+1","Hologram+1","All For One","Hello World+1","Self Repair+1","BootSequence+1","Reinforced Body+1","Hologram+1","Fusion","Decay","Rebound+1","All For One","Undo","Defragment+1","BootSequence+1"],"relics":["Tiny House","Frozen Egg 2","StoneCalendar","Ectoplasm","Matryoshka","Potion Belt","Strawberry","Meat on the Bone","Busted Crown","Red Mask","Art of War","Bronze Scales"],"potions_floor_usage":[7,7,16,23,28,33,42,50],"damage_taken":[{"damage":0,"enemies":"Cultist","floor":1,"turns":3},{"damage":0,"enemies":"Jaw Worm","floor":2,"turns":5},{"damage":7,"enemies":"2 Louse","floor":3,"turns":3},{"damage":7,"enemies":"Exordium Thugs","floor":7,"turns":4},{"damage":6,"enemies":"Red Slaver","floor":12,"turns":5},{"damage":9,"enemies":"3 Sentries","floor":13,"turns":7},{"damage":6,"enemies":"The Guardian","floor":16,"turns":8},{"damage":12,"enemies":"Chosen","floor":18,"turns":4},{"damage":1,"enemies":"Spheric Guardian","floor":19,"turns":5},{"damage":5,"enemies":"Centurion and Healer","floor":22,"turns":6},{"damage":37,"enemies":"Gremlin Leader","floor":23,"turns":9},{"damage":21,"enemies":"Snake Plant","floor":25,"turns":6},{"damage":29,"enemies":"3 Cultists","floor":28,"turns":6},{"damage":5,"enemies":"Book of Stabbing","floor":31,"turns":6},{"damage":33,"enemies":"Champ","floor":33,"turns":14},{"damage":16,"enemies":"3 Shapes","floor":35,"turns":7},{"damage":32,"enemies":"3 Darklings","floor":42,"turns":7},{"damage":11,"enemies":"4 Shapes","floor":44,"turns":7},{"damage":6,"enemies":"Spire Growth","floor":46,"turns":5},{"damage":36,"enemies":"Maw","floor":48,"turns":9},{"damage":57,"enemies":"Donu and Deca","floor":50,"turns":17}],"seed_played":"-6784343499830995047","potions_obtained":[{"floor":0,"key":"Energy Potion"},{"floor":1,"key":"FocusPotion"},{"floor":12,"key":"AttackPotion"},{"floor":13,"key":"Dexterity Potion"},{"floor":14,"key":"SteroidPotion"},{"floor":18,"key":"SteroidPotion"},{"floor":25,"key":"LiquidBronze"},{"floor":31,"key":"Block Potion"},{"floor":35,"key":"PowerPotion"},{"floor":44,"key":"Regen Potion"}],"is_trial":false,"path_per_floor":["M","M","M","$","?","R","M","R","T","?","R","M","E","?","R","B",null,"M","M","$","?","M","E","R","M","T","R","M","?","R","E","R","B",null,"M","$","?","?","?","$","R","M","T","M","R","M","$","M","R","B"],"character_chosen":"DEFECT","items_purchased":["Hello World","Conserve Battery","Self Repair+1"],"campfire_rested":5,"item_purchase_floors":[4,20,20],"current_hp_per_floor":[69,69,62,62,62,62,55,55,55,74,74,68,59,59,59,53,70,58,57,57,57,62,35,57,46,53,53,34,34,58,63,63,52,75,69,69,69,69,69,69,83,61,61,60,83,83,83,57,81,55],"gold":0,"neow_bonus":"BOSS_RELIC","is_prod":false,"is_daily":false,"chose_seed":false,"campfire_upgraded":6,"win_rate":0,"timestamp":1533457546,"path_taken":["M","M","?","?","?","R","?","R","T","?","R","M","E","?","R","BOSS","M","?","$","?","M","E","R","M","T","R","M","?","R","E","R","BOSS","M","$","?","?","?","?","R","M","T","M","R","?","$","M","R","BOSS"],"build_version":"2018-08-01","purchased_purges":1,"victory":true,"max_hp_per_floor":[76,76,76,76,76,76,76,76,76,76,76,76,76,76,76,76,76,76,76,76,76,76,76,76,76,83,83,83,83,83,83,83,83,83,83,83,83,83,83,83,83,83,83,83,83,83,83,83,83,83],"card_choices":[{"not_picked":["Steam Power","Tempest"],"picked":"Sweeping Beam","floor":0},{"not_picked":["Rebound","Gash"],"picked":"Cold Snap","floor":1},{"not_picked":["Hologram","Beam Cell"],"picked":"Defragment","floor":2},{"not_picked":["Doom and Gloom","Storm"],"picked":"White Noise","floor":3},{"not_picked":["Streamline","Consume"],"picked":"Glacier","floor":7},{"not_picked":["Leap","Reprogram"],"picked":"Hello World+1","floor":12},{"not_picked":["Aggregate","Conserve Battery"],"picked":"Hologram","floor":13},{"not_picked":["Fission","Rainbow"],"picked":"All For One","floor":16},{"not_picked":["Fusion","Rebound"],"picked":"Hello World+1","floor":19},{"not_picked":["Ball Lightning","Turbo+1"],"picked":"BootSequence","floor":22},{"not_picked":["Barrage+1","Streamline"],"picked":"Reinforced Body+1","floor":23},{"not_picked":["Go for the Eyes","Gash"],"picked":"Hologram","floor":25},{"not_picked":["Melter","Turbo+1"],"picked":"Fusion","floor":28},{"not_picked":["Reinforced Body","Beam Cell"],"picked":"Rebound+1","floor":31},{"not_picked":["Meteor Strike","Core Surge"],"picked":"All For One","floor":33},{"not_picked":[],"picked":"Undo","floor":35},{"not_picked":[],"picked":"BootSequence+1","floor":46}],"player_experience":736118,"relics_obtained":[{"floor":9,"key":"Frozen Egg 2"},{"floor":13,"key":"StoneCalendar"},{"floor":23,"key":"Matryoshka"},{"floor":26,"key":"Potion Belt"},{"floor":26,"key":"Strawberry"},{"floor":31,"key":"Meat on the Bone"},{"floor":43,"key":"Art of War"},{"floor":43,"key":"Bronze Scales"}],"event_choices":[{"event_name":"Living Wall","player_choice":"Grow","floor":5,"damage_taken":0},{"event_name":"The Cleric","player_choice":"Healed","floor":10,"damage_taken":0},{"event_name":"The Woman in Blue","player_choice":"Bought 1 Potion","floor":14,"damage_taken":0},{"event_name":"The Lab","player_choice":"Got Potions","floor":21,"damage_taken":0},{"event_name":"Forgotten Altar","player_choice":"Smashed Altar","floor":29,"damage_taken":0},{"event_name":"Duplicator","player_choice":"One dupe","floor":37,"damage_taken":0},{"event_name":"Tomb of Lord Red Mask","player_choice":"Paid","floor":38,"damage_taken":0},{"event_name":"Falling","player_choice":"Removed Skill","floor":39,"damage_taken":0}],"is_beta":true,"boss_relics":[{"not_picked":["Astrolabe","Runic Pyramid"],"picked":"Ectoplasm"},{"not_picked":["Orrery","Empty Cage"],"picked":"Busted Crown"}],"items_purged_floors":[4],"is_endless":false,"potions_floor_spawned":[1,3,12,13,18,25,31,35,44],"ascension_level":15}