{"gold_per_floor":[119,119,119,119,146,146,146,146,146,164,199,4,32,9,9,84,84,95,95,0,17,33,33,48,48,48,48,73,73,73],"floor_reached":30,"playtime":1143,"items_purged":["Strike_G"],"score":485,"play_id":"1dbf8539-849f-46af-b41e-d0d65165d80c","local_time":"20180714163049","is_ascension_mode":true,"campfire_choices":[{"data":"Acrobatics","floor":6,"key":"SMITH"},{"data":"Survivor","floor":8,"key":"SMITH"},{"data":"Footwork","floor":15,"key":"SMITH"},{"data":"Bouncing Flask","floor":23,"key":"SMITH"},{"floor":25,"key":"REST"},{"data":"Crippling Poison","floor":27,"key":"SMITH"}],"neow_cost":"NONE","seed_source_timestamp":315043001210927,"circlet_count":0,"master_deck":["Defend_G","Defend_G","Defend_G","Strike_G","Strike_G","Survivor+1","Neutralize+1","AscendersBane","Acrobatics+1","Backflip","Sucker Punch","Footwork+1","Quick Slash","Quick Slash","Outmaneuver","Adrenaline","Masterful Stab+1","Accuracy+1","Wraith Form v2+1","Crippling Poison+1","PanicButton","Deadly Poison","Dagger Spray","Bouncing Flask+1","Terror","Backflip","Bane+1"],"relics":["Snecko Eye","Strawberry","Paper Crane","Gremlin Horn","Blood Vial","Astrolabe","Pantograph","Art of War"],"potions_floor_usage":[11,16],"damage_taken":[{"damage":8,"enemies":"Jaw Worm","floor":1,"turns":8},{"damage":0,"enemies":"Small Slimes","floor":10,"turns":3},{"damage":0,"enemies":"Gremlin Nob","floor":11,"turns":6},{"damage":10,"enemies":"Lagavulin","floor":13,"turns":11},{"damage":10,"enemies":"The Guardian","floor":16,"turns":18},{"damage":0,"enemies":"Shell Parasite","floor":18,"turns":11},{"damage":19,"enemies":"Spheric Guardian","floor":21,"turns":7},{"damage":9,"enemies":"Snecko","floor":22,"turns":5},{"damage":9,"enemies":"Sentry and Sphere","floor":24,"turns":4},{"damage":24,"enemies":"Book of Stabbing","floor":28,"turns":7},{"damage":0,"enemies":"Cultist and Chosen","floor":30,"turns":1}],"seed_played":"35325382679604990","potions_obtained":[{"floor":1,"key":"PowerPotion"},{"floor":13,"key":"Fruit Juice"},{"floor":16,"key":"GamblersBrew"},{"floor":22,"key":"Ancient Potion"}],"is_trial":false,"path_per_floor":["M","?","?","?","T","R","?","R","T","M","E","$","E","$","R","B",null,"M","?","$","M","M","R","M","R","T","R","E","$"],"character_chosen":"THE_SILENT","items_purchased":["Footwork","Quick Slash","Outmaneuver","Deadly Poison","Dagger Spray"],"campfire_rested":1,"item_purchase_floors":[12,12,14,20,20],"current_hp_per_floor":[51,51,56,56,63,63,56,56,56,56,56,56,46,46,46,43,73,75,59,59,42,35,35,28,52,52,52,30,30,32],"gold":73,"neow_bonus":"BOSS_RELIC","is_prod":false,"is_daily":false,"chose_seed":false,"campfire_upgraded":5,"win_rate":0,"timestamp":1531611049,"path_taken":["M","?","?","?","?","R","?","R","T","M","E","$","E","$","R","BOSS","M","?","$","M","M","R","M","R","T","R","E","$","?"],"build_version":"2018-07-13","purchased_purges":1,"victory":false,"max_hp_per_floor":[66,66,71,71,78,78,78,78,78,78,78,78,78,78,78,83,83,83,83,83,83,83,83,83,83,83,83,83,83,83],"card_choices":[{"not_picked":["Flechettes","Heel Hook"],"picked":"Acrobatics","floor":1},{"not_picked":["Sucker Punch","Poisoned Stab"],"picked":"Backflip","floor":10},{"not_picked":["Outmaneuver","Slice"],"picked":"Sucker Punch","floor":11},{"not_picked":["PiercingWail","Finisher"],"picked":"Quick Slash","floor":13},{"not_picked":["Venomology","Tactician"],"picked":"Adrenaline","floor":16},{"not_picked":["Backflip","Acrobatics"],"picked":"Crippling Poison","floor":18},{"not_picked":["Expertise","Deflect"],"picked":"Bouncing Flask","floor":21},{"not_picked":["Flying Knee","Acrobatics+1"],"picked":"Terror","floor":22},{"not_picked":["Flechettes","Heel Hook"],"picked":"Backflip","floor":24},{"not_picked":["Storm of Steel","Acrobatics"],"picked":"Bane+1","floor":28}],"player_experience":643979,"relics_obtained":[{"floor":5,"key":"Strawberry"},{"floor":9,"key":"Paper Crane"},{"floor":11,"key":"Gremlin Horn"},{"floor":13,"key":"Blood Vial"},{"floor":26,"key":"Pantograph"},{"floor":28,"key":"Art of War"}],"event_choices":[{"event_name":"Living Wall","player_choice":"Grow","floor":2,"damage_taken":0},{"event_name":"Big Fish","player_choice":"Donut","floor":3,"damage_taken":0},{"event_name":"Shining Light","player_choice":"Ignored","floor":4,"damage_taken":0},{"event_name":"Golden Wing","player_choice":"Card Removal","floor":7,"damage_taken":0},{"event_name":"Knowing Skull","player_choice":"CARD ","floor":19,"damage_taken":0}],"boss_relics":[{"not_picked":["Black Star","Runic Pyramid"],"picked":"Astrolabe"}],"items_purged_floors":[12],"is_endless":false,"potions_floor_spawned":[1,13,16,22,28],"killed_by":"Cultist and Chosen","ascension_level":15}