{"gold_per_floor":[112,142,417,29,43,43,69,81,129,129,160,160,160,188,188,265,265,280,280],"floor_reached":19,"playtime":500,"items_purged":["Regret"],"score":416,"play_id":"80849c6d-756b-4de4-8e10-722abd97db45","local_time":"20190103010633","is_ascension_mode":true,"campfire_choices":[{"data":"Neutralize","floor":6,"key":"SMITH"},{"data":"Wraith Form v2","floor":12,"key":"SMITH"},{"data":"Caltrops","floor":15,"key":"SMITH"}],"neow_cost":"NONE","seed_source_timestamp":23756926900962,"circlet_count":0,"master_deck":["AscendersBane","Defend_G","Defend_G","Defend_G","Defend_G","Defend_G","Strike_G","Strike_G","Strike_G","Strike_G","Strike_G","Survivor","Neutralize+1","Flying Knee","Caltrops+1","Dagger Throw","Infinite Blades","Deflect","Parasite","Wraith Form v2+1","Unload","Malaise","Dodge and Roll"],"relics":["Ring of the Snake","NeowsBlessing","Tiny Chest","OrangePellets","Kunai","Juzu Bracelet","Boot","Singing Bowl","Sozu"],"potions_floor_usage":[11,19],"damage_taken":[{"damage":0,"enemies":"2 Louse","floor":1,"turns":1},{"damage":0,"enemies":"Cultist","floor":5,"turns":1},{"damage":0,"enemies":"Lagavulin","floor":7,"turns":1},{"damage":2,"enemies":"Jaw Worm","floor":8,"turns":5},{"damage":34,"enemies":"3 Sentries","floor":11,"turns":9},{"damage":1,"enemies":"Gremlin Nob","floor":14,"turns":5},{"damage":47,"enemies":"Hexaghost","floor":16,"turns":10},{"damage":7,"enemies":"Shell Parasite","floor":18,"turns":7},{"damage":27,"enemies":"Masked Bandits","floor":19,"turns":3}],"seed_played":"3061801532086337039","potions_obtained":[{"floor":7,"key":"Weak Potion"},{"floor":14,"key":"EssenceOfSteel"},{"floor":16,"key":"PowerPotion"}],"is_trial":false,"path_per_floor":["M","?","?","$","M","R","E","M","T","?","E","R","?","E","R","B",null,"M","?"],"character_chosen":"THE_SILENT","items_purchased":["OrangePellets","Caltrops"],"campfire_rested":0,"item_purchase_floors":[4,4],"current_hp_per_floor":[59,41,41,41,41,41,41,39,39,55,21,21,66,65,65,18,54,47,20],"gold":280,"neow_bonus":"THREE_ENEMY_KILL","is_prod":false,"is_daily":false,"chose_seed":false,"campfire_upgraded":3,"win_rate":0,"timestamp":1546506393,"path_taken":["M","?","?","$","?","R","E","M","T","?","E","R","?","E","R","BOSS","M","?"],"build_version":"2019-01-01v2","purchased_purges":1,"victory":false,"max_hp_per_floor":[66,66,66,66,66,66,66,66,66,66,66,66,66,66,66,66,66,66,66],"card_choices":[{"not_picked":["Prepared","Underhanded Strike"],"picked":"Flying Knee","floor":1},{"not_picked":["Underhanded Strike","Skewer"],"picked":"Dagger Throw","floor":5},{"not_picked":["Heel Hook","Eviscerate"],"picked":"Infinite Blades","floor":7},{"not_picked":["Prepared","Well Laid Plans"],"picked":"Deflect","floor":8},{"not_picked":["Prepared","Underhanded Strike"],"picked":"Wraith Form v2","floor":11},{"not_picked":["Outmaneuver","Backflip"],"picked":"Unload","floor":14},{"not_picked":["Unload","Glass Knife"],"picked":"Malaise","floor":16},{"not_picked":["Quick Slash+1","Dagger Throw"],"picked":"Dodge and Roll","floor":18}],"player_experience":1017537,"relics_obtained":[{"floor":7,"key":"Kunai"},{"floor":9,"key":"Juzu Bracelet"},{"floor":11,"key":"Boot"},{"floor":14,"key":"Singing Bowl"}],"event_choices":[{"damage_healed":0,"gold_gain":0,"player_choice":"Success","damage_taken":18,"relics_obtained":["Tiny Chest"],"max_hp_gain":0,"max_hp_loss":0,"event_name":"Scrap Ooze","floor":2,"gold_loss":0},{"damage_healed":0,"gold_gain":275,"player_choice":"Desecrate","damage_taken":0,"max_hp_gain":0,"max_hp_loss":0,"event_name":"Golden Shrine","floor":3,"gold_loss":0,"cards_obtained":["Regret"]},{"damage_healed":16,"gold_gain":0,"player_choice":"Healed and dodged fight","damage_taken":0,"max_hp_gain":0,"max_hp_loss":0,"event_name":"Mushrooms","floor":10,"gold_loss":0,"cards_obtained":["Parasite"]},{"damage_healed":45,"gold_gain":0,"player_choice":"Full Heal","damage_taken":0,"max_hp_gain":0,"max_hp_loss":0,"event_name":"Wheel of Change","floor":13,"gold_loss":0},{"damage_healed":0,"gold_gain":0,"player_choice":"Fought Bandits","damage_taken":0,"max_hp_gain":0,"max_hp_loss":0,"event_name":"Masked Bandits","floor":19,"gold_loss":0}],"is_beta":true,"boss_relics":[{"not_picked":["Velvet Choker","Lizard Tail"],"picked":"Sozu"}],"items_purged_floors":[4],"is_endless":false,"potions_floor_spawned":[7,14,16],"killed_by":"Masked Bandits","ascension_level":20}