{"gold_per_floor":[119,119,137,62,82,82,92,167,167,180,180,80,80,80,80,80],"floor_reached":16,"playtime":441,"items_purged":["Defend_G","Strike_G"],"score":95,"play_id":"db80993b-30c5-4d93-9b7a-0a5da33e133e","local_time":"20190806222027","is_ascension_mode":true,"campfire_choices":[{"data":"Neutralize","floor":6.0,"key":"SMITH"},{"data":"Reflex","floor":11.0,"key":"SMITH"},{"data":"Survivor","floor":15,"key":"SMITH"}],"neow_cost":"NONE","seed_source_timestamp":1043189794812,"circlet_count":0,"master_deck":["Strike_G","Strike_G","Strike_G","Strike_G","Defend_G","Defend_G","Defend_G","Survivor+1","Neutralize+1","Reflex+1"],"special_seed":0,"relics":["Cursed Key","Golden Idol"],"potions_floor_usage":[16,16,16],"damage_taken":[{"damage":0.0,"enemies":"Jaw Worm","floor":1.0,"turns":5.0},{"damage":0.0,"enemies":"Cultist","floor":3.0,"turns":4.0},{"damage":0.0,"enemies":"2 Louse","floor":5.0,"turns":2.0},{"damage":9.0,"enemies":"Exordium Thugs","floor":7.0,"turns":5.0},{"damage":8.0,"enemies":"Large Slime","floor":10.0,"turns":7.0},{"damage":45,"enemies":"Slime Boss","floor":16,"turns":20}],"seed_played":"-5623071305956109111","potions_obtained":[{"floor":3.0,"key":"EssenceOfSteel"},{"floor":7.0,"key":"Explosive Potion"},{"floor":10.0,"key":"EssenceOfSteel"}],"is_trial":false,"path_per_floor":["M","?","M","$","M","R","M","?","T","M","R","$","?","?","R","B"],"character_chosen":"THE_SILENT","items_purchased":[],"campfire_rested":0,"item_purchase_floors":[],"current_hp_per_floor":[70,70,70,70,70,70,61,54,54,46,46,46,46,46,46,1],"gold":80,"neow_bonus":"BOSS_RELIC","is_prod":false,"is_daily":false,"chose_seed":false,"campfire_upgraded":3,"win_rate":0,"timestamp":1565155227,"path_taken":["M","?","M","$","?","R","M","?","T","M","R","?","?","?","R","BOSS"],"build_version":"2019-07-18","purchased_purges":2,"victory":false,"max_hp_per_floor":[70,70,70,70,70,70,70,70,70,70,70,70,65,65,65,65],"card_choices":[{"not_picked":["Eviscerate","Footwork","Dodge and Roll"],"picked":"SKIP","floor":3.0},{"not_picked":["Concentrate","Masterful Stab","Dagger Spray"],"picked":"SKIP","floor":5.0},{"not_picked":["Prepared","Outmaneuver"],"picked":"Reflex","floor":7.0},{"not_picked":["Flying Knee","Escape Plan","Sucker Punch"],"picked":"SKIP","floor":10.0}],"player_experience":1380389,"relics_obtained":[],"event_choices":[{"cards_removed":["Defend_G"],"damage_healed":0.0,"max_hp_gain":0.0,"max_hp_loss":0.0,"gold_gain":0.0,"event_name":"Bonfire Elementals","player_choice":"Offered Basic","floor":2.0,"gold_loss":0.0,"damage_taken":0.0},{"damage_healed":0.0,"max_hp_gain":0.0,"max_hp_loss":0.0,"gold_gain":75.0,"event_name":"FaceTrader","player_choice":"Touch","floor":8.0,"gold_loss":0.0,"damage_taken":7.0},{"damage_healed":0.0,"max_hp_gain":0.0,"max_hp_loss":5.0,"gold_gain":0.0,"event_name":"Golden Idol","player_choice":"Lose Max HP","floor":13.0,"gold_loss":0.0,"damage_taken":0.0,"relics_obtained":["Golden Idol"]},{"damage_healed":0,"gold_gain":0,"player_choice":"Searched \u00270\u0027 times","damage_taken":0,"max_hp_gain":0,"max_hp_loss":0,"event_name":"Dead Adventurer","floor":14,"gold_loss":0}],"is_beta":true,"boss_relics":[],"items_purged_floors":[4,12],"is_endless":false,"potions_floor_spawned":[3,7,10],"killed_by":"Slime Boss","ascension_level":1}