{"gold_per_floor":[212,212,212,226,238,269,283,283],"floor_reached":8,"playtime":315,"items_purged":[],"score":61,"play_id":"5e7b215f-9722-4d38-93f0-38b4a6114623","local_time":"20190113160402","is_ascension_mode":true,"campfire_choices":[],"neow_cost":"NONE","seed_source_timestamp":338684672992299,"circlet_count":0,"master_deck":["Defend_G","Defend_G","Defend_G","Defend_G","Defend_G","Strike_G","Strike_G","Strike_G","Strike_G","Strike_G","Survivor","Neutralize","Outmaneuver","Dash","Slice","Dodge and Roll","Backflip"],"relics":["Ring of the Snake","Bag of Preparation","Ninja Scroll"],"potions_floor_usage":[],"damage_taken":[{"damage":5,"enemies":"Small Slimes","floor":1,"turns":5},{"damage":0,"enemies":"Cultist","floor":4,"turns":5},{"damage":0,"enemies":"2 Louse","floor":5,"turns":3},{"damage":48,"enemies":"Lagavulin","floor":6,"turns":11},{"damage":0,"enemies":"Looter","floor":7,"turns":4},{"damage":25,"enemies":"Lagavulin Event","floor":8,"turns":6}],"seed_played":"-2208990105825339834","potions_obtained":[{"floor":1,"key":"SpeedPotion"},{"floor":6,"key":"Swift Potion"}],"is_trial":false,"path_per_floor":["M","?","?","M","M","E","M","?"],"character_chosen":"THE_SILENT","items_purchased":[],"campfire_rested":0,"item_purchase_floors":[],"current_hp_per_floor":[65,65,65,65,65,17,17,0],"gold":283,"neow_bonus":"HUNDRED_GOLD","is_prod":false,"is_daily":false,"chose_seed":false,"campfire_upgraded":0,"win_rate":0,"timestamp":1547413442,"path_taken":["M","?","?","M","?","E","M","?"],"build_version":"2019-01-10","purchased_purges":0,"victory":false,"max_hp_per_floor":[70,70,70,70,70,70,70,70],"card_choices":[{"not_picked":["Flechettes","Backflip"],"picked":"Outmaneuver","floor":1},{"not_picked":["Acrobatics","Finisher"],"picked":"Dash","floor":4},{"not_picked":["Predator","PiercingWail"],"picked":"Slice","floor":5},{"not_picked":["Caltrops","Riddle With Holes"],"picked":"Dodge and Roll","floor":6},{"not_picked":["Cloak And Dagger","Blade Dance"],"picked":"Backflip","floor":7}],"player_experience":31166,"relics_obtained":[{"floor":6,"key":"Bag of Preparation"}],"event_choices":[{"damage_healed":0,"gold_gain":0,"player_choice":"Ignored","damage_taken":0,"max_hp_gain":0,"max_hp_loss":0,"event_name":"Golden Idol","floor":2,"gold_loss":0},{"damage_healed":0,"gold_gain":0,"player_choice":"Bought 0 Potions","damage_taken":0,"max_hp_gain":0,"max_hp_loss":0,"event_name":"The Woman in Blue","floor":3,"gold_loss":0},{"damage_healed":0,"gold_gain":0,"player_choice":"Searched \u00272\u0027 times","damage_taken":0,"relics_obtained":["Ninja Scroll"],"max_hp_gain":0,"max_hp_loss":0,"event_name":"Dead Adventurer","floor":8,"gold_loss":0}],"is_beta":false,"boss_relics":[],"items_purged_floors":[],"is_endless":false,"potions_floor_spawned":[1,6],"killed_by":"Lagavulin Event","ascension_level":1}