{"gold_per_floor":[110,121,140,140,110,110,170,170,170,188,219,137,156,171,171,272,272,290,300,58,70,70,70,82,82,82,114,114,125,125,225,225,330,330,346,357,15,15,29,29,49,77,77,77,0,20,20,37,37,37],"floor_reached":51,"playtime":2780,"items_purged":["Strike_G"],"score":796,"play_id":"006b8f22-206c-43a1-9936-b83343accf61","local_time":"20190711180749","is_ascension_mode":true,"campfire_choices":[{"data":"Dagger Spray","floor":6,"key":"SMITH"},{"data":"Catalyst","floor":15,"key":"SMITH"},{"data":"After Image","floor":23,"key":"SMITH"},{"data":"Leg Sweep","floor":25,"key":"SMITH"},{"floor":28,"key":"REST"},{"floor":32,"key":"REST"},{"data":"Panacea","floor":40,"key":"SMITH"},{"floor":44,"key":"REST"},{"data":"Noxious Fumes","floor":47,"key":"SMITH"},{"data":"Neutralize","floor":49,"key":"SMITH"}],"neow_cost":"NONE","seed_source_timestamp":879373074827083,"circlet_count":0,"master_deck":["Strike_G","Strike_G","Defend_G","Defend_G","Defend_G","Defend_G","Defend_G","Survivor","Neutralize+1","Leg Sweep+1","Cloak And Dagger","Dagger Spray+1","Poisoned Stab","Corpse Explosion","Catalyst+1","Panacea+1","Deadly Poison","Deflect","After Image+1","Noxious Fumes+1","Jack Of All Trades","Cloak And Dagger","Backflip+1","Doppelganger","Well Laid Plans+1","Secret Weapon","Master of Strategy","Deadly Poison","Dagger Spray+1"],"relics":["Ring of the Serpent","Ninja Scroll","Pear","Nunchaku","Busted Crown","Bronze Scales","Regal Pillow","MutagenicStrength","Mango","Dodecahedron","Vajra","Bottled Tornado","Bottled Lightning","Red Mask"],"potions_floor_usage":[7,27,31,31,50,50],"damage_taken":[{"damage":1,"enemies":"Cultist","floor":1,"turns":5},{"damage":2,"enemies":"Small Slimes","floor":2,"turns":5},{"damage":3,"enemies":"2 Louse","floor":3,"turns":4},{"damage":0,"enemies":"Looter","floor":5,"turns":4},{"damage":39,"enemies":"Lagavulin Event","floor":7,"turns":10},{"damage":0,"enemies":"Lots of Slimes","floor":10,"turns":1},{"damage":12,"enemies":"Lagavulin","floor":11,"turns":8},{"damage":2,"enemies":"Exordium Thugs","floor":13,"turns":5},{"damage":0,"enemies":"Gremlin Gang","floor":14,"turns":1},{"damage":31,"enemies":"Slime Boss","floor":16,"turns":12},{"damage":7,"enemies":"Spheric Guardian","floor":18,"turns":4},{"damage":0,"enemies":"3 Byrds","floor":19,"turns":3},{"damage":0,"enemies":"Centurion and Healer","floor":21,"turns":4},{"damage":20,"enemies":"Sentry and Sphere","floor":24,"turns":7},{"damage":5,"enemies":"Slavers","floor":27,"turns":2},{"damage":9,"enemies":"3 Cultists","floor":29,"turns":4},{"damage":25,"enemies":"Colosseum Slavers","floor":31,"turns":2},{"damage":44,"enemies":"Colosseum Nobs","floor":31,"turns":6},{"damage":48,"enemies":"Champ","floor":33,"turns":14},{"damage":0,"enemies":"Orb Walker","floor":35,"turns":3},{"damage":0,"enemies":"3 Shapes","floor":36,"turns":4},{"damage":12,"enemies":"3 Darklings","floor":39,"turns":3},{"damage":2,"enemies":"Sphere and 2 Shapes","floor":41,"turns":5},{"damage":34,"enemies":"Reptomancer","floor":42,"turns":4},{"damage":16,"enemies":"Writhing Mass","floor":46,"turns":5},{"damage":0,"enemies":"Maw","floor":48,"turns":5},{"damage":51,"enemies":"Time Eater","floor":50,"turns":13}],"seed_played":"2439171104973634607","potions_obtained":[{"floor":1,"key":"PowerPotion"},{"floor":10,"key":"SteroidPotion"},{"floor":13,"key":"GhostInAJar"},{"floor":14,"key":"LiquidBronze"},{"floor":21,"key":"Energy Potion"},{"floor":27,"key":"Poison Potion"},{"floor":31,"key":"Energy Potion"},{"floor":33,"key":"Weak Potion"},{"floor":36,"key":"SkillPotion"}],"is_trial":false,"path_per_floor":["M","M","M","?","M","R","?","?","T","M","E","$","M","M","R","B",null,"M","M","$","M","?","R","M","R","T","E","R","M","?","?","R","B",null,"M","M","$","?","M","R","M","E","T","R","?","M","R","M","R","B",null],"character_chosen":"THE_SILENT","items_purchased":["Panacea","Noxious Fumes","Jack Of All Trades","Vajra","Secret Weapon"],"campfire_rested":3,"item_purchase_floors":[12,20,20,37,37],"current_hp_per_floor":[69,67,64,57,57,57,18,70,80,80,68,68,66,66,66,35,80,73,73,73,73,73,73,53,53,53,48,80,71,71,16,59,11,94,94,94,94,94,82,82,80,46,46,89,89,73,73,73,73,22],"gold":37,"neow_bonus":"REMOVE_CARD","is_prod":false,"is_daily":false,"chose_seed":false,"campfire_upgraded":7,"win_rate":0,"timestamp":1562836069,"path_taken":["M","?","?","?","M","R","?","?","T","?","E","?","M","M","R","BOSS","M","?","$","M","?","R","M","R","T","E","R","M","?","?","R","BOSS","M","M","$","?","M","R","M","E","T","R","?","M","R","M","R","BOSS"],"build_version":"2019-07-05","purchased_purges":1,"victory":true,"max_hp_per_floor":[70,70,70,70,70,70,70,70,80,80,80,80,80,80,80,80,80,80,80,80,80,80,80,80,80,80,80,80,80,80,94,94,94,94,94,94,94,94,94,94,94,94,94,94,94,94,94,94,94,94],"card_choices":[{"not_picked":["Deadly Poison","Flying Knee"],"picked":"Leg Sweep","floor":1},{"not_picked":["Deflect","Bane"],"picked":"Catalyst","floor":2},{"not_picked":["Underhanded Strike","Finisher"],"picked":"Cloak And Dagger","floor":3},{"not_picked":["Skewer","Blade Dance"],"picked":"Dagger Spray","floor":5},{"not_picked":["PiercingWail","Catalyst"],"picked":"Poisoned Stab","floor":7},{"not_picked":["Flechettes","Distraction"],"picked":"Corpse Explosion","floor":10},{"not_picked":["Blur","Dash"],"picked":"Catalyst","floor":11},{"not_picked":["Slice","Bane"],"picked":"Deadly Poison","floor":13},{"not_picked":["Calculated Gamble","Predator"],"picked":"Deflect","floor":14},{"not_picked":["Grand Finale","Night Terror"],"picked":"After Image","floor":16},{"not_picked":["Sucker Punch"],"picked":"SKIP","floor":18},{"not_picked":["Flying Knee+1"],"picked":"SKIP","floor":19},{"not_picked":["Blade Dance"],"picked":"SKIP","floor":21},{"not_picked":["Masterful Stab"],"picked":"SKIP","floor":24},{"not_picked":["Riddle With Holes"],"picked":"SKIP","floor":27},{"not_picked":[],"picked":"Cloak And Dagger","floor":29},{"not_picked":[],"picked":"Backflip+1","floor":31},{"not_picked":[],"picked":"Doppelganger","floor":33},{"not_picked":[],"picked":"Well Laid Plans+1","floor":35},{"not_picked":["Sucker Punch"],"picked":"SKIP","floor":36},{"not_picked":[],"picked":"Master of Strategy","floor":38},{"not_picked":["Flechettes"],"picked":"SKIP","floor":39},{"not_picked":[],"picked":"Deadly Poison","floor":41},{"not_picked":["Blade Dance+1"],"picked":"SKIP","floor":42},{"not_picked":[],"picked":"Dagger Spray+1","floor":46},{"not_picked":["Outmaneuver+1"],"picked":"SKIP","floor":48}],"player_experience":102483,"relics_obtained":[{"floor":7,"key":"Ninja Scroll"},{"floor":9,"key":"Pear"},{"floor":11,"key":"Nunchaku"},{"floor":26,"key":"Bronze Scales"},{"floor":27,"key":"Regal Pillow"},{"floor":31,"key":"Mango"},{"floor":31,"key":"Dodecahedron"},{"floor":42,"key":"Bottled Tornado"},{"floor":43,"key":"Bottled Lightning"}],"event_choices":[{"cards_removed":["Strike_G"],"damage_healed":0,"gold_gain":0,"player_choice":"Card Removal","damage_taken":7,"max_hp_gain":0,"max_hp_loss":0,"event_name":"Golden Wing","floor":4,"gold_loss":0},{"damage_healed":0,"gold_gain":0,"player_choice":"Searched \u00272\u0027 times","damage_taken":0,"max_hp_gain":0,"max_hp_loss":0,"event_name":"Dead Adventurer","floor":7,"gold_loss":0},{"cards_removed":["Catalyst"],"damage_healed":52,"gold_gain":0,"player_choice":"Offered Uncommon","damage_taken":0,"max_hp_gain":0,"max_hp_loss":0,"event_name":"Bonfire Elementals","floor":8,"gold_loss":0},{"damage_healed":0,"gold_gain":0,"player_choice":"Inject Mutagens","damage_taken":0,"relics_obtained":["MutagenicStrength"],"max_hp_gain":0,"max_hp_loss":0,"event_name":"Drug Dealer","floor":30,"gold_loss":0},{"damage_healed":0,"gold_gain":0,"player_choice":"Fight","damage_taken":0,"max_hp_gain":0,"max_hp_loss":0,"event_name":"Colosseum","floor":31,"gold_loss":0},{"damage_healed":0,"gold_gain":0,"player_choice":"Fought Nobs","damage_taken":0,"max_hp_gain":0,"max_hp_loss":0,"event_name":"Colosseum","floor":31,"gold_loss":0},{"damage_healed":0,"gold_gain":0,"player_choice":"Memory 1","damage_taken":0,"max_hp_gain":0,"max_hp_loss":0,"event_name":"SensoryStone","floor":38,"gold_loss":0},{"damage_healed":0,"gold_gain":0,"player_choice":"Paid","damage_taken":0,"relics_obtained":["Red Mask"],"max_hp_gain":0,"max_hp_loss":0,"event_name":"Tomb of Lord Red Mask","floor":45,"gold_loss":77}],"is_beta":false,"boss_relics":[{"not_picked":["White Beast Statue","Calling Bell"],"picked":"Busted Crown"},{"not_picked":["Snecko Eye","Velvet Choker"],"picked":"Ring of the Serpent"}],"items_purged_floors":[20],"is_endless":false,"potions_floor_spawned":[1,10,13,14,16,19,21,27,31,33,36,42,46],"ascension_level":3}