{"gold_per_floor":[118,118,132,151,161,161,196,196,221,249,263,263,289,303,303,379,379,390,390,315,333,178,178,178,198,253,272,300,39,39,139,139,210,210,222,222,222,222,238,238,263,32,57,57,75,103,103,103,103,103,103],"floor_reached":52,"playtime":2183,"items_purged":["Strike_B","Defend_B"],"score":1842,"play_id":"a1420da1-d732-4e26-82f5-80900fd8e266","local_time":"20190826234656","is_ascension_mode":true,"campfire_choices":[{"data":"Hello World","floor":6.0,"key":"SMITH"},{"data":"Streamline","floor":8.0,"key":"SMITH"},{"data":"Hologram","floor":12.0,"key":"SMITH"},{"data":"Defragment","floor":15.0,"key":"SMITH"},{"data":"Seek","floor":23.0,"key":"SMITH"},{"floor":30.0,"key":"REST"},{"floor":32.0,"key":"REST"},{"data":"Rainbow","floor":40,"key":"SMITH"},{"floor":47,"key":"REST"},{"floor":49,"key":"REST"}],"neow_cost":"NONE","seed_source_timestamp":60948634414778,"circlet_count":0,"master_deck":["AscendersBane","Defend_B+1","Defend_B+1","Defend_B+1","Zap+1","Dualcast+1","Gash+1","Hello World+1","Streamline+1","Self Repair+1","Conserve Battery+1","Hologram+1","Hologram+1","Defragment+1","Cold Snap+1","Biased Cognition+1","Skim+1","Barrage+1","Sunder+1","Seek+1","Necronomicurse","Cold Snap+1","Rainbow+1","Conserve Battery+1","Core Surge+1","Defragment+1","Core Surge+1","Chill+1","Stack+1"],"special_seed":0,"relics":["Cracked Core","NeowsBlessing","Pen Nib","PreservedInsect","DataDisk","Happy Flower","Philosopher\u0027s Stone","Necronomicon","Juzu Bracelet","Incense Burner","Turnip","Frozen Egg 2","Busted Crown","Bronze Scales","Omamori","Bag of Preparation","Mark of the Bloom"],"potions_floor_usage":[50,51],"damage_taken":[{"damage":0.0,"enemies":"2 Louse","floor":1.0,"turns":1.0},{"damage":0.0,"enemies":"Cultist","floor":3.0,"turns":1.0},{"damage":0.0,"enemies":"Jaw Worm","floor":4.0,"turns":1.0},{"damage":8.0,"enemies":"Blue Slaver","floor":5.0,"turns":2.0},{"damage":5.0,"enemies":"Lagavulin","floor":7.0,"turns":4.0},{"damage":9.0,"enemies":"Gremlin Nob","floor":10.0,"turns":3.0},{"damage":0.0,"enemies":"3 Louse","floor":11.0,"turns":1.0},{"damage":11.0,"enemies":"3 Sentries","floor":13.0,"turns":6.0},{"damage":6.0,"enemies":"Looter","floor":14.0,"turns":3.0},{"damage":11.0,"enemies":"The Guardian","floor":16.0,"turns":12.0},{"damage":0.0,"enemies":"Spheric Guardian","floor":18.0,"turns":3.0},{"damage":27.0,"enemies":"2 Thieves","floor":21.0,"turns":5.0},{"damage":18.0,"enemies":"Snecko","floor":25.0,"turns":5.0},{"damage":0.0,"enemies":"3 Cultists","floor":27.0,"turns":3.0},{"damage":2.0,"enemies":"Slavers","floor":28.0,"turns":3.0},{"damage":6.0,"enemies":"Colosseum Slavers","floor":31.0,"turns":2.0},{"damage":5.0,"enemies":"Colosseum Nobs","floor":31.0,"turns":4.0},{"damage":30.0,"enemies":"Champ","floor":33.0,"turns":9.0},{"damage":0.0,"enemies":"3 Darklings","floor":35.0,"turns":5.0},{"damage":0,"enemies":"3 Shapes","floor":39,"turns":4},{"damage":18,"enemies":"Giant Head","floor":41,"turns":6},{"damage":0,"enemies":"Transient","floor":45,"turns":6},{"damage":16,"enemies":"Reptomancer","floor":46,"turns":6},{"damage":11,"enemies":"Donu and Deca","floor":50,"turns":9},{"damage":16,"enemies":"Time Eater","floor":51,"turns":12}],"seed_played":"-4231286014203769493","potions_obtained":[{"floor":1.0,"key":"Strength Potion"},{"floor":4.0,"key":"AttackPotion"},{"floor":5.0,"key":"FocusPotion"},{"floor":7.0,"key":"Explosive Potion"},{"floor":11.0,"key":"Weak Potion"},{"floor":16.0,"key":"LiquidBronze"},{"floor":21.0,"key":"Energy Potion"},{"floor":27.0,"key":"Dexterity Potion"},{"floor":31.0,"key":"FocusPotion"},{"floor":35.0,"key":"LiquidBronze"},{"floor":45,"key":"SpeedPotion"},{"floor":46,"key":"PowerPotion"}],"is_trial":false,"path_per_floor":["M","?","M","M","M","R","E","R","T","E","M","R","E","M","R","B",null,"M","?","?","M","$","R","?","M","T","M","E","$","R","?","R","B",null,"M","?","?","?","M","R","E","$","T","$","M","E","R","?","R","B","B",null],"character_chosen":"DEFECT","items_purchased":["Seek","Rainbow","Defragment+1","Core Surge"],"campfire_rested":4,"item_purchase_floors":[22,29,42,42],"current_hp_per_floor":[64,64,64,64,56,56,58,58,58,49,49,49,45,46,46,42,64,64,64,64,44,44,44,23,12,12,19,17,17,38,34,55,32,61,68,68,68,67,67,67,56,56,56,56,63,54,67,67,67,56,40],"gold":103,"neow_bonus":"THREE_ENEMY_KILL","is_prod":false,"is_daily":false,"chose_seed":false,"campfire_upgraded":6,"win_rate":0,"timestamp":1566888416,"path_taken":["M","?","M","M","?","R","E","R","T","E","M","R","E","M","R","BOSS","M","?","?","M","$","R","?","M","T","M","E","$","R","?","R","BOSS","M","?","?","?","M","R","E","$","T","?","M","E","R","?","R","BOSS","BOSS"],"build_version":"2019-08-23","purchased_purges":2,"victory":true,"max_hp_per_floor":[71,71,71,71,71,71,71,71,71,71,71,71,71,71,71,71,71,71,71,71,71,71,71,71,71,71,71,71,71,71,71,71,71,71,71,71,71,67,67,67,67,67,67,67,67,67,67,67,67,67,67],"card_choices":[{"not_picked":["Undo","Beam Cell"],"picked":"Gash","floor":1.0},{"not_picked":["Darkness","Compile Driver"],"picked":"Hello World","floor":3.0},{"not_picked":["Consume","Coolheaded"],"picked":"Streamline","floor":4.0},{"not_picked":["Beam Cell","Steam Power"],"picked":"Self Repair","floor":5.0},{"not_picked":["Beam Cell","Machine Learning"],"picked":"Conserve Battery","floor":7.0},{"not_picked":["Skim","Reprogram"],"picked":"Hologram","floor":10.0},{"not_picked":["Go for the Eyes","Consume"],"picked":"Hologram","floor":11.0},{"not_picked":["Barrage","Ball Lightning"],"picked":"Defragment","floor":13.0},{"not_picked":["Self Repair","Double Energy"],"picked":"Cold Snap","floor":14.0},{"not_picked":["Seek","Creative AI"],"picked":"Biased Cognition","floor":16.0},{"not_picked":["Barrage","Aggregate"],"picked":"Sunder","floor":21.0},{"not_picked":["Reinforced Body","Sweeping Beam"],"picked":"Cold Snap","floor":25.0},{"not_picked":["Lockon","Leap"],"picked":"Conserve Battery","floor":31.0},{"not_picked":["Fission","Multi-Cast"],"picked":"Core Surge","floor":33.0},{"not_picked":["Ball Lightning"],"picked":"SKIP","floor":41},{"not_picked":[],"picked":"Chill","floor":45},{"not_picked":[],"picked":"Stack","floor":46}],"player_experience":1453501,"relics_obtained":[{"floor":7.0,"key":"Pen Nib"},{"floor":9.0,"key":"PreservedInsect"},{"floor":10.0,"key":"DataDisk"},{"floor":13.0,"key":"Happy Flower"},{"floor":24.0,"key":"Necronomicon"},{"floor":26.0,"key":"Juzu Bracelet"},{"floor":28.0,"key":"Incense Burner"},{"floor":31.0,"key":"Turnip"},{"floor":31.0,"key":"Frozen Egg 2"},{"floor":41,"key":"Bronze Scales"},{"floor":43,"key":"Omamori"},{"floor":46,"key":"Bag of Preparation"}],"event_choices":[{"damage_healed":0.0,"max_hp_gain":0.0,"max_hp_loss":0.0,"gold_gain":0.0,"event_name":"Upgrade Shrine","player_choice":"Upgraded","floor":2.0,"gold_loss":0.0,"damage_taken":0.0,"cards_upgraded":["Zap"]},{"damage_healed":0.0,"max_hp_gain":0.0,"max_hp_loss":0.0,"gold_gain":0.0,"cards_transformed":["Strike_B","Strike_B"],"event_name":"Drug Dealer","player_choice":"Became Test Subject","floor":19.0,"gold_loss":0.0,"damage_taken":0.0,"cards_obtained":["Skim","Barrage"]},{"cards_removed":["Strike_B"],"damage_healed":0.0,"max_hp_gain":0.0,"max_hp_loss":0.0,"gold_gain":0.0,"event_name":"Beggar","player_choice":"Gave Gold","floor":20.0,"gold_loss":75.0,"damage_taken":0.0},{"damage_healed":0.0,"max_hp_gain":0.0,"max_hp_loss":0.0,"gold_gain":0.0,"event_name":"Cursed Tome","player_choice":"Obtained Book","floor":24.0,"gold_loss":0.0,"damage_taken":21.0},{"damage_healed":0.0,"max_hp_gain":0.0,"max_hp_loss":0.0,"gold_gain":0.0,"event_name":"Colosseum","player_choice":"Fight","floor":31.0,"gold_loss":0.0,"damage_taken":0.0},{"damage_healed":0.0,"max_hp_gain":0.0,"max_hp_loss":0.0,"gold_gain":0.0,"event_name":"Colosseum","player_choice":"Fought Nobs","floor":31.0,"gold_loss":0.0,"damage_taken":0.0},{"damage_healed":0.0,"max_hp_gain":0.0,"max_hp_loss":0.0,"gold_gain":0.0,"event_name":"SensoryStone","player_choice":"Memory 1","floor":36.0,"gold_loss":0.0,"damage_taken":0.0},{"damage_healed":0.0,"max_hp_gain":0.0,"max_hp_loss":0.0,"gold_gain":0.0,"event_name":"Tomb of Lord Red Mask","player_choice":"Ignored","floor":37.0,"gold_loss":0.0,"damage_taken":0.0},{"damage_healed":0.0,"max_hp_gain":0.0,"max_hp_loss":4.0,"gold_gain":0.0,"event_name":"Winding Halls","player_choice":"Max HP","floor":38.0,"gold_loss":0.0,"damage_taken":0.0},{"damage_healed":0,"gold_gain":0,"player_choice":"Upgrade","damage_taken":0,"relics_obtained":["Mark of the Bloom"],"max_hp_gain":0,"max_hp_loss":0,"event_name":"MindBloom","floor":48,"gold_loss":0,"cards_upgraded":["Defend_B","Defend_B","Defend_B","Dualcast","Gash","Self Repair","Conserve Battery","Hologram","Cold Snap","Biased Cognition","Skim","Barrage","Sunder","Cold Snap","Conserve Battery","Core Surge","Core Surge","Chill","Stack"]}],"is_beta":true,"boss_relics":[{"not_picked":["Pandora\u0027s Box","Eternal Feather"],"picked":"Philosopher\u0027s Stone"},{"not_picked":["Calling Bell","Black Star"],"picked":"Busted Crown"}],"items_purged_floors":[22,29],"is_endless":false,"potions_floor_spawned":[1,4,5,7,11,16,21,27,31,31,35,45,46],"ascension_level":20}