{"gold_per_floor":[119,194,117,117,132,166,176,176,176,207,207,219,63,63,63,165,165,185,185,217,227,25,25,25,25,25,43,43,58,69,81,81,183,183,198,37,47,47,47,47,64,64,88,101,101,155,155,168,168,168,168,168,24,24],"floor_reached":54,"playtime":5952,"items_purged":["Strike_B"],"score":620,"play_id":"9f40f1f0-6055-4aff-af28-02525b412677","local_time":"20190529120009","is_ascension_mode":false,"campfire_choices":[{"floor":8,"key":"REST"},{"data":"Streamline","floor":11,"key":"SMITH"},{"data":"Zap","floor":15,"key":"SMITH"},{"floor":23,"key":"REST"},{"floor":25,"key":"REST"},{"floor":32,"key":"REST"},{"floor":40,"key":"RECALL"},{"floor":45,"key":"REST"},{"floor":49,"key":"REST"},{"floor":52,"key":"REST"}],"neow_cost":"NONE","seed_source_timestamp":1172016612854173,"circlet_count":0,"master_deck":["Strike_B","Strike_B","Strike_B","Defend_B","Defend_B","Defend_B","Defend_B","Zap+1","Dualcast+1","Streamline+1","Glacier","Ball Lightning","Leap+1","Creative AI+1","Coolheaded+1","Capacitor+1","Defragment+1","Conserve Battery+1","Leap+1","Echo Form+1","Reinforced Body+1","Fission+1","Go for the Eyes+1","Bullet Time+1","Barrage+1","Hologram+1","Panacea+1"],"special_seed":0,"relics":["FrozenCore","Blood Vial","Toxic Egg 2","Ornamental Fan","Frozen Egg 2","Fusion Hammer","Red Mask","Oddly Smooth Stone","Shuriken","Vajra"],"potions_floor_usage":[19,20,27,50,54],"damage_taken":[{"damage":2,"enemies":"Small Slimes","floor":1,"turns":4},{"damage":0,"enemies":"2 Louse","floor":5,"turns":3},{"damage":31,"enemies":"Gremlin Nob","floor":6,"turns":5},{"damage":0,"enemies":"Jaw Worm","floor":7,"turns":3},{"damage":12,"enemies":"3 Sentries","floor":10,"turns":9},{"damage":12,"enemies":"Exordium Wildlife","floor":12,"turns":7},{"damage":18,"enemies":"Hexaghost","floor":16,"turns":12},{"damage":24,"enemies":"Spheric Guardian","floor":18,"turns":6},{"damage":0,"enemies":"Colosseum Slavers","floor":19,"turns":1},{"damage":29,"enemies":"Masked Bandits","floor":20,"turns":6},{"damage":17,"enemies":"3 Byrds","floor":21,"turns":6},{"damage":22,"enemies":"Snake Plant","floor":27,"turns":4},{"damage":6,"enemies":"3 Cultists","floor":29,"turns":5},{"damage":0,"enemies":"Centurion and Healer","floor":30,"turns":5},{"damage":0,"enemies":"Snecko","floor":31,"turns":5},{"damage":2,"enemies":"Champ","floor":33,"turns":10},{"damage":4,"enemies":"Orb Walker","floor":35,"turns":6},{"damage":0,"enemies":"3 Shapes","floor":37,"turns":6},{"damage":1,"enemies":"Sphere and 2 Shapes","floor":41,"turns":7},{"damage":11,"enemies":"4 Shapes","floor":44,"turns":11},{"damage":4,"enemies":"Spire Growth","floor":48,"turns":5},{"damage":32,"enemies":"Donu and Deca","floor":50,"turns":9},{"damage":86,"enemies":"Shield and Spear","floor":54,"turns":8}],"seed_played":"127338011368359449","potions_obtained":[{"floor":1,"key":"Explosive Potion"},{"floor":6,"key":"Ancient Potion"},{"floor":16,"key":"SmokeBomb"},{"floor":18,"key":"SteroidPotion"},{"floor":20,"key":"Poison Potion"},{"floor":21,"key":"AttackPotion"},{"floor":31,"key":"EntropicBrew"},{"floor":41,"key":"Dexterity Potion"}],"is_trial":false,"path_per_floor":["M","?","$","?","M","E","M","R","T","E","R","M","$","?","R","B",null,"M","?","?","M","$","R","$","R","T","M","$","M","M","M","R","B",null,"M","$","M","?","?","R","M","$","T","M","R","T","?","M","R","B",null,"R","$","E"],"character_chosen":"DEFECT","items_purchased":["Glacier","Capacitor+1","Oddly Smooth Stone","Conserve Battery+1","Fission+1","Panacea+1","SteroidPotion"],"campfire_rested":7,"item_purchase_floors":[3,13,22,22,36,53,53],"current_hp_per_floor":[73,62,62,67,69,40,42,66,66,56,56,46,46,46,46,30,80,56,58,31,16,16,40,40,64,64,44,44,40,42,44,68,68,80,76,76,78,78,78,78,79,79,79,69,80,80,80,76,80,48,80,80,80,0],"gold":24,"neow_bonus":"RANDOM_COMMON_RELIC","is_prod":false,"is_daily":false,"chose_seed":false,"campfire_upgraded":2,"win_rate":0,"timestamp":1559145609,"path_taken":["M","?","$","?","M","E","M","R","T","E","R","M","$","?","R","BOSS","M","?","?","M","$","R","$","R","T","M","?","M","M","M","R","BOSS","M","$","M","?","?","R","?","?","T","M","R","?","?","?","R","BOSS","R","$","E"],"build_version":"2019-01-23","purchased_purges":1,"victory":false,"max_hp_per_floor":[75,75,75,80,80,80,80,80,80,80,80,80,80,80,80,80,80,80,80,80,80,80,80,80,80,80,80,80,80,80,80,80,80,80,80,80,80,80,80,80,80,80,80,80,80,80,80,80,80,80,80,80,80,80],"card_choices":[{"not_picked":["Self Repair","Aggregate"],"picked":"Streamline","floor":1},{"not_picked":["Stack","Rebound"],"picked":"Ball Lightning","floor":5},{"not_picked":["Fusion","Aggregate","Gash"],"picked":"SKIP","floor":6},{"not_picked":["Recycle+1","Beam Cell"],"picked":"Leap+1","floor":7},{"not_picked":["Self Repair","Go for the Eyes"],"picked":"Creative AI","floor":10},{"not_picked":["Leap+1","Streamline"],"picked":"Coolheaded+1","floor":12},{"not_picked":["Creative AI+1","Rainbow+1"],"picked":"Amplify+1","floor":16},{"not_picked":["Auto Shields+1","Compile Driver"],"picked":"Defragment+1","floor":18},{"not_picked":["Lockon","Sunder","Redo+1"],"picked":"SKIP","floor":21},{"not_picked":["Reprogram+1","FTL","Coolheaded+1"],"picked":"SKIP","floor":27},{"not_picked":["Chill+1","Self Repair+1"],"picked":"Leap+1","floor":29},{"not_picked":["Stack+1","Darkness+1","Meteor Strike"],"picked":"SKIP","floor":30},{"not_picked":["White Noise+1","Redo+1","Steam Power+1"],"picked":"SKIP","floor":31},{"not_picked":["Core Surge","Machine Learning+1"],"picked":"Echo Form+1","floor":33},{"not_picked":["Go for the Eyes","FTL"],"picked":"Reinforced Body+1","floor":35},{"not_picked":["Turbo+1","Compile Driver+1"],"picked":"Go for the Eyes+1","floor":37},{"not_picked":["Scrape+1","Genetic Algorithm+1"],"picked":"Barrage+1","floor":41},{"not_picked":["Rip and Tear","Tempest+1"],"picked":"Hologram+1","floor":44},{"not_picked":["Double Energy+1","Coolheaded+1","Cold Snap+1"],"picked":"SKIP","floor":48}],"player_experience":51623,"relics_obtained":[{"floor":6,"key":"Toxic Egg 2"},{"floor":9,"key":"Ornamental Fan"},{"floor":10,"key":"Frozen Egg 2"},{"floor":20,"key":"Red Mask"},{"floor":26,"key":"Shuriken"},{"floor":46,"key":"Vajra"}],"event_choices":[{"damage_healed":0,"gold_gain":75,"player_choice":"Gather Gold","damage_taken":11,"max_hp_gain":0,"max_hp_loss":0,"event_name":"World of Goop","floor":2,"gold_loss":0},{"damage_healed":0,"gold_gain":0,"player_choice":"Donut","damage_taken":0,"max_hp_gain":5,"max_hp_loss":0,"event_name":"Big Fish","floor":4,"gold_loss":0},{"damage_healed":0,"gold_gain":0,"player_choice":"Grow","damage_taken":0,"max_hp_gain":0,"max_hp_loss":0,"event_name":"Living Wall","floor":14,"gold_loss":0,"cards_upgraded":["Dualcast"]},{"damage_healed":0,"gold_gain":0,"player_choice":"Fight","damage_taken":0,"max_hp_gain":0,"max_hp_loss":0,"event_name":"Colosseum","floor":19,"gold_loss":0},{"damage_healed":0,"gold_gain":0,"player_choice":"Fled From Nobs","damage_taken":0,"max_hp_gain":0,"max_hp_loss":0,"event_name":"Colosseum","floor":19,"gold_loss":0},{"damage_healed":0,"gold_gain":0,"player_choice":"Fought Bandits","damage_taken":0,"max_hp_gain":0,"max_hp_loss":0,"event_name":"Masked Bandits","floor":20,"gold_loss":0},{"damage_healed":0,"gold_gain":0,"player_choice":"Ignored","damage_taken":0,"max_hp_gain":0,"max_hp_loss":0,"event_name":"Mysterious Sphere","floor":38,"gold_loss":0},{"cards_removed":["Amplify"],"damage_healed":0,"gold_gain":0,"player_choice":"Took Card","damage_taken":0,"max_hp_gain":0,"max_hp_loss":0,"event_name":"NoteForYourself","floor":39,"gold_loss":0,"cards_obtained":["Bullet Time"]},{"damage_healed":0,"gold_gain":0,"player_choice":"Forge","damage_taken":0,"max_hp_gain":0,"max_hp_loss":0,"event_name":"Accursed Blacksmith","floor":47,"gold_loss":0,"cards_upgraded":["Bullet Time"]}],"is_beta":false,"boss_relics":[{"not_picked":["Cursed Key","Inserter"],"picked":"Fusion Hammer"},{"not_picked":["Tiny House","Black Star"],"picked":"FrozenCore"}],"items_purged_floors":[13],"is_endless":false,"potions_floor_spawned":[1,6,16,18,20,21,31,41,44],"killed_by":"Shield and Spear","ascension_level":0}