{"gold_per_floor":[116,16,35,35,47,47,47,47,47,58,77,91,91,121,121,192,192,207,132,142,162,175,175,175,175,175,175,175,175,25,55,55,130,130,148,163,25,25,42,42,0,35,84,84,84,84,84,95,95,95,95],"floor_reached":52,"playtime":2811,"items_purged":["Strike_B"],"score":1825,"play_id":"ccd88a2c-53ae-458a-b0e2-15b3a84c20f5","local_time":"20190114124856","is_ascension_mode":true,"campfire_choices":[{"data":"Sunder","floor":6.0,"key":"SMITH"},{"data":"Doom and Gloom","floor":13.0,"key":"SMITH"},{"data":"Rainbow","floor":15.0,"key":"SMITH"},{"data":"Beam Cell","floor":23.0,"key":"SMITH"},{"data":"Defragment","floor":25,"key":"SMITH"},{"data":"Dualcast","floor":27,"key":"SMITH"},{"data":"Redo","floor":28,"key":"SMITH"},{"data":"Enlightenment","floor":32,"key":"SMITH"},{"data":"Hologram","floor":40,"key":"SMITH"},{"data":"Sunder","floor":44,"key":"SMITH"},{"data":"Meteor Strike","floor":46,"key":"SMITH"},{"data":"Go for the Eyes","floor":49,"key":"SMITH"}],"neow_cost":"NONE","seed_source_timestamp":250947877954227,"circlet_count":0,"master_deck":["AscendersBane","Strike_B","Defend_B","Defend_B","Defend_B","Defend_B","Zap","Dualcast+1","Doom and Gloom+1","Coolheaded","Sunder+1","Beam Cell+1","Go for the Eyes+1","Cold Snap","White Noise","Rainbow+1","Coolheaded","Meteor Strike+1","Redo+1","Auto Shields+1","Self Repair","Undo","Defragment+1","Undo","Hello World","Enlightenment+1","All For One","Leap","Force Field+1","Hologram+1","Sunder+1","Stack"],"special_seed":0,"relics":["Runic Dome","FossilizedHelix","FaceOfCleric","WingedGreaves","Sundial","Coffee Dripper","Bottled Lightning","Mango","Snecko Eye","Red Mask","Smiling Mask","DataDisk","Boot"],"potions_floor_usage":[33,45,51],"damage_taken":[{"damage":2.0,"enemies":"Cultist","floor":1.0,"turns":4.0},{"damage":0.0,"enemies":"Small Slimes","floor":3.0,"turns":3.0},{"damage":0.0,"enemies":"2 Louse","floor":5.0,"turns":1.0},{"damage":0.0,"enemies":"Looter","floor":10.0,"turns":2.0},{"damage":0.0,"enemies":"2 Fungi Beasts","floor":11.0,"turns":4.0},{"damage":13.0,"enemies":"Exordium Thugs","floor":12.0,"turns":3.0},{"damage":0.0,"enemies":"Gremlin Nob","floor":14.0,"turns":3.0},{"damage":21.0,"enemies":"Hexaghost","floor":16.0,"turns":9.0},{"damage":11.0,"enemies":"2 Thieves","floor":18.0,"turns":4.0},{"damage":0.0,"enemies":"Chosen","floor":20.0,"turns":5.0},{"damage":0.0,"enemies":"Snecko","floor":21.0,"turns":3.0},{"damage":6.0,"enemies":"Centurion and Healer","floor":22.0,"turns":8.0},{"damage":29,"enemies":"Book of Stabbing","floor":31,"turns":5},{"damage":30,"enemies":"Champ","floor":33,"turns":17},{"damage":0,"enemies":"Orb Walker","floor":35,"turns":2},{"damage":0,"enemies":"3 Shapes","floor":36,"turns":3},{"damage":0,"enemies":"Transient","floor":39,"turns":6},{"damage":1,"enemies":"Nemesis","floor":42,"turns":7},{"damage":0,"enemies":"4 Shapes","floor":45,"turns":1},{"damage":0,"enemies":"3 Darklings","floor":48,"turns":6},{"damage":3,"enemies":"Awakened One","floor":50,"turns":14},{"damage":12,"enemies":"Donu and Deca","floor":51,"turns":7}],"seed_played":"6433046679981968876","potions_obtained":[{"floor":1.0,"key":"SteroidPotion"},{"floor":12.0,"key":"Fruit Juice"},{"floor":14.0,"key":"Strength Potion"},{"floor":16.0,"key":"Regen Potion"},{"floor":36,"key":"SmokeBomb"}],"is_trial":false,"path_per_floor":["M","$","M","T","M","R","?","$","T","M","M","M","R","E","R","B",null,"M","$","M","M","M","R","?","R","T","R","R","?","$","E","R","B",null,"M","M","$","?","M","R","?","E","T","R","M","R","?","M","R","B","B",null],"character_chosen":"DEFECT","items_purchased":["Coolheaded","Sunder","Hello World","Enlightenment","Hologram","Sunder"],"campfire_rested":0,"item_purchase_floors":[2,2,30,30,37,37],"current_hp_per_floor":[62,62,62,62,62,62,62,62,62,63,64,57,57,58,58,38,70,60,60,61,62,64,64,64,64,64,64,64,64,64,57,57,50,88,89,97,97,97,104,104,104,105,105,105,106,106,106,107,107,108,104],"gold":95,"neow_bonus":"BOSS_RELIC","is_prod":false,"is_daily":false,"chose_seed":false,"campfire_upgraded":12,"win_rate":0,"timestamp":1547498936,"path_taken":["M","$","M","?","M","R","?","$","T","M","?","M","R","E","R","BOSS","M","$","M","?","M","R","?","R","T","R","R","?","$","E","R","BOSS","M","M","$","?","M","R","?","E","T","R","M","R","?","?","R","BOSS","BOSS"],"build_version":"2019-01-10","purchased_purges":1,"victory":true,"max_hp_per_floor":[71,71,71,71,71,71,71,71,71,72,73,79,79,80,80,81,81,82,82,83,84,85,85,85,85,85,85,85,85,85,100,100,101,101,102,103,103,103,104,104,104,105,105,105,106,106,106,107,107,108,109],"card_choices":[{"not_picked":["Beam Cell","Reprogram"],"picked":"Doom and Gloom","floor":1.0},{"not_picked":["Blizzard","Chaos"],"picked":"Beam Cell","floor":3.0},{"not_picked":["Streamline","Sweeping Beam"],"picked":"Go for the Eyes","floor":5.0},{"not_picked":["Aggregate","Turbo"],"picked":"Cold Snap","floor":10.0},{"not_picked":["Static Discharge","Gash"],"picked":"White Noise","floor":11.0},{"not_picked":["Chaos","Conserve Battery"],"picked":"Rainbow","floor":12.0},{"not_picked":["Leap","Beam Cell"],"picked":"Coolheaded","floor":14.0},{"not_picked":["Biased Cognition","Hyperbeam"],"picked":"Meteor Strike","floor":16.0},{"not_picked":["Heatsinks","Barrage"],"picked":"Redo","floor":18.0},{"not_picked":["Force Field","Rebound"],"picked":"Auto Shields+1","floor":20.0},{"not_picked":["Blizzard","Ball Lightning"],"picked":"Self Repair","floor":21.0},{"not_picked":["Go for the Eyes","Steam"],"picked":"Undo","floor":22.0},{"not_picked":["Seek","Biased Cognition"],"picked":"All For One","floor":33},{"not_picked":["Rebound","Heatsinks+1"],"picked":"Leap","floor":35},{"not_picked":["Gash+1","Cold Snap"],"picked":"Force Field+1","floor":36},{"not_picked":["Genetic Algorithm","Streamline+1"],"picked":"Stack","floor":42}],"player_experience":1017063,"relics_obtained":[{"floor":4.0,"key":"FossilizedHelix"},{"floor":9.0,"key":"WingedGreaves"},{"floor":14.0,"key":"Sundial"},{"floor":26,"key":"Bottled Lightning"},{"floor":31,"key":"Mango"},{"floor":42,"key":"Smiling Mask"},{"floor":43,"key":"DataDisk"},{"floor":47,"key":"Boot"}],"event_choices":[{"damage_healed":0.0,"max_hp_gain":0.0,"max_hp_loss":0.0,"gold_gain":0.0,"event_name":"FaceTrader","player_choice":"Trade","floor":7.0,"gold_loss":0.0,"damage_taken":0.0,"relics_obtained":["FaceOfCleric"]},{"damage_healed":0.0,"max_hp_gain":0.0,"max_hp_loss":0.0,"gold_gain":0.0,"cards_transformed":["Strike_B","Strike_B"],"event_name":"Drug Dealer","player_choice":"Became Test Subject","floor":24.0,"gold_loss":0.0,"damage_taken":0.0,"cards_obtained":["Defragment","Undo"]},{"damage_healed":0,"gold_gain":0,"player_choice":"Ignored","damage_taken":0,"max_hp_gain":0,"max_hp_loss":0,"event_name":"Vampires","floor":29,"gold_loss":0},{"damage_healed":0,"gold_gain":0,"player_choice":"Memory 1","damage_taken":0,"max_hp_gain":0,"max_hp_loss":0,"event_name":"SensoryStone","floor":38,"gold_loss":0},{"damage_healed":0,"gold_gain":0,"player_choice":"Paid","damage_taken":0,"relics_obtained":["Red Mask"],"max_hp_gain":0,"max_hp_loss":0,"event_name":"Tomb of Lord Red Mask","floor":41,"gold_loss":42},{"damage_healed":0,"gold_gain":0,"player_choice":"Relic","damage_taken":0,"max_hp_gain":0,"max_hp_loss":0,"event_name":"Wheel of Change","floor":47,"gold_loss":0}],"is_beta":true,"boss_relics":[{"not_picked":["Astrolabe","Calling Bell"],"picked":"Coffee Dripper"},{"not_picked":["Black Star","Velvet Choker"],"picked":"Snecko Eye"}],"items_purged_floors":[19],"is_endless":false,"potions_floor_spawned":[1,12,14,16,18,21,22,36,45],"ascension_level":20}