{"gold_per_floor":[119,119,90,90,90,90,108,108,131,157,177,190,210,83,83,183,183,202,216,234,81,81,81,97,97,97,115,69,69,81,92,92,188,188,188],"floor_reached":35,"playtime":2681,"items_purged":["Gremlin:Strike"],"score":384,"play_id":"871d01eb-2156-4458-91cf-49ac2c0dc95b","local_time":"20190723183159","is_ascension_mode":false,"campfire_choices":[{"data":"Gremlin:GremlinDance","floor":6,"key":"SMITH"},{"data":"Gremlin:Revel","floor":8,"key":"SMITH"},{"data":"Gremlin:TagTeam","floor":15,"key":"SMITH"},{"data":"Gremlin:GremlinOffensive","floor":23,"key":"SMITH"},{"floor":29,"key":"REST"}],"neow_cost":"NONE","seed_source_timestamp":794494053984968,"circlet_count":0,"master_deck":["Gremlin:TagTeam+1","Gremlin:GremlinDance+1","Gremlin:GremlinOffensive+1","Gremlin:Revel+1","Gremlin:Pinprick","Gremlin:GlitterGuard","Gremlin:ProperTools","Gremlin:Tadah","Gremlin:Patsy+1","Gremlin:FlipOut","Gremlin:GremlinMeal","Gremlin:Heckle","Gremlin:Pinprick","Gremlin:Stupend","Gremlin:Changeo","Gremlin:Rhythm","Gremlin:Glimmer","Gremlin:Duplicate","Gremlin:Raid","Gremlin:Wizardry","Gremlin:Erupt","Gremlin:Rhythm","Gremlin:ShankStone"],"relics":["Gremlin:GremlinKnob","NeowsBlessing","CultistMask","Centennial Puzzle","Regal Pillow","Busted Crown","War Paint","Ornamental Fan","Pandora\u0027s Box"],"potions_floor_usage":[16,16,33,33],"damage_taken":[{"damage":0,"enemies":"Jaw Worm","floor":1,"turns":1},{"damage":0,"enemies":"2 Louse","floor":7,"turns":1},{"damage":0,"enemies":"Lagavulin","floor":10,"turns":1},{"damage":0,"enemies":"Cultist","floor":11,"turns":2},{"damage":5,"enemies":"Looter","floor":12,"turns":2},{"damage":6,"enemies":"Red Slaver","floor":13,"turns":3},{"damage":11,"enemies":"Slime Boss","floor":16,"turns":11},{"damage":0,"enemies":"Shell Parasite","floor":18,"turns":6},{"damage":4,"enemies":"3 Byrds","floor":19,"turns":3},{"damage":10,"enemies":"Shelled Parasite and Fungi","floor":20,"turns":7},{"damage":10,"enemies":"Snecko","floor":24,"turns":5},{"damage":10,"enemies":"Snake Plant","floor":27,"turns":5},{"damage":9,"enemies":"Centurion and Healer","floor":30,"turns":4},{"damage":23,"enemies":"Shelled Parasite and Fungi","floor":31,"turns":5},{"damage":138,"enemies":"Champ","floor":33,"turns":22},{"damage":23,"enemies":"3 Darklings","floor":35,"turns":6}],"seed_played":"7315242991005137997","potions_obtained":[{"floor":1,"key":"Dexterity Potion"},{"floor":7,"key":"PowerPotion"},{"floor":12,"key":"SteroidPotion"},{"floor":16,"key":"Ancient Potion"},{"floor":18,"key":"Fire Potion"}],"is_trial":false,"path_per_floor":["M","?","?","?","?","R","M","R","T","E","M","M","M","$","R","B",null,"M","M","M","$","?","R","M","?","T","M","$","R","M","M","R","B",null,"M"],"character_chosen":"GREMLIN","items_purchased":["Gremlin:Patsy","War Paint","Gremlin:Changeo"],"campfire_rested":1,"item_purchase_floors":[14,21,28],"current_hp_per_floor":[20,16,16,16,16,16,16,16,16,16,20,15,14,14,14,11,20,20,20,16,16,16,16,20,16,16,7,7,21,21,21,20,15,20,0],"gold":188,"neow_bonus":"THREE_ENEMY_KILL","is_prod":false,"is_daily":false,"chose_seed":false,"campfire_upgraded":4,"win_rate":0.0,"timestamp":1563874319,"path_taken":["M","?","?","?","?","R","M","R","T","E","M","M","M","$","R","BOSS","M","?","M","$","?","R","?","?","T","M","$","R","M","M","R","BOSS","M"],"build_version":"2019-07-17","purchased_purges":1,"victory":false,"max_hp_per_floor":[20,20,20,20,20,20,20,20,20,20,20,20,20,20,20,20,20,20,20,20,20,20,20,20,21,21,21,21,21,21,21,20,20,20,20],"card_choices":[{"not_picked":["Gremlin:PartyStick","Gremlin:Tricksy"],"picked":"Gremlin:GremlinOffensive","floor":1},{"not_picked":["Gremlin:ToeStub","Gremlin:Patsy"],"picked":"Gremlin:Revel","floor":7},{"not_picked":["Gremlin:BulkUp","Gremlin:Tricksy"],"picked":"Gremlin:Pinprick","floor":10},{"not_picked":["Gremlin:GremlinMeal","Gremlin:PartyStick"],"picked":"Gremlin:GlitterGuard","floor":11},{"not_picked":["Gremlin:MakeshiftArmor","Gremlin:Revel"],"picked":"Gremlin:ProperTools","floor":12},{"not_picked":["Gremlin:ToeStub","Gremlin:TwistTheKnife"],"picked":"Gremlin:Tadah","floor":13},{"not_picked":["Gremlin:ShowStopper","Gremlin:SecondVolley"],"picked":"Gremlin:FlipOut","floor":16},{"not_picked":[],"picked":"Gremlin:GremlinMeal","floor":18},{"not_picked":[],"picked":"Gremlin:Heckle","floor":19},{"not_picked":["Gremlin:Wizardry"],"picked":"SKIP","floor":20},{"not_picked":["Gremlin:ShowOfHands"],"picked":"SKIP","floor":24},{"not_picked":[],"picked":"Gremlin:Stupend","floor":27},{"not_picked":[],"picked":"Gremlin:Rhythm","floor":30},{"not_picked":["Gremlin:Presto"],"picked":"SKIP","floor":31}],"player_experience":114468,"relics_obtained":[{"floor":9,"key":"Centennial Puzzle"},{"floor":10,"key":"Regal Pillow"},{"floor":26,"key":"Ornamental Fan"}],"event_choices":[{"damage_healed":0,"gold_gain":0,"player_choice":"Entered Light","damage_taken":4,"max_hp_gain":0,"max_hp_loss":0,"event_name":"Shining Light","floor":2,"gold_loss":0,"cards_upgraded":["Gremlin:Strike","Gremlin:Defend"]},{"damage_healed":0,"gold_gain":0,"player_choice":"Left Gold","damage_taken":0,"max_hp_gain":0,"max_hp_loss":0,"event_name":"World of Goop","floor":3,"gold_loss":29},{"damage_healed":0,"gold_gain":0,"player_choice":"Fled","damage_taken":0,"max_hp_gain":0,"max_hp_loss":0,"event_name":"Scrap Ooze","floor":4,"gold_loss":0},{"damage_healed":0,"gold_gain":0,"player_choice":"Trade","damage_taken":0,"relics_obtained":["CultistMask"],"max_hp_gain":0,"max_hp_loss":0,"event_name":"FaceTrader","floor":5,"gold_loss":0},{"damage_healed":0,"gold_gain":0,"player_choice":"1 cards matched","damage_taken":0,"max_hp_gain":0,"max_hp_loss":0,"event_name":"Match and Keep!","floor":22,"gold_loss":0,"cards_obtained":["Gremlin:Pinprick"]},{"damage_healed":0,"gold_gain":0,"player_choice":"Shed Blood","damage_taken":5,"max_hp_gain":5,"max_hp_loss":0,"event_name":"Forgotten Altar","floor":25,"gold_loss":0}],"is_beta":false,"boss_relics":[{"not_picked":["Black Star","Snecko Eye"],"picked":"Busted Crown"},{"not_picked":["Sozu","Philosopher\u0027s Stone"],"picked":"Pandora\u0027s Box"}],"items_purged_floors":[14],"is_endless":false,"potions_floor_spawned":[1,7,12,16,18,20,31],"killed_by":"3 Darklings","ascension_level":0}