{"gold_per_floor":[109,6,22,35,48,48,81,81,104,118,181,222,222,261,261,350,350,370,391,306,356,375,375,394,394,394,412,412,18,18,86,86,86],"floor_reached":33,"playtime":1396,"items_purged":["Defend_B"],"score":566,"play_id":"63aa1233-2f3f-4ae6-bb96-2bb46a26746c","local_time":"20190825132116","is_ascension_mode":true,"campfire_choices":[{"data":"Defragment","floor":6,"key":"SMITH"},{"floor":15,"key":"REST"},{"data":"Seek","floor":23,"key":"SMITH"},{"data":"Loop","floor":25,"key":"SMITH"},{"data":"Coolheaded","floor":28,"key":"SMITH"},{"data":"Beam Cell","floor":30,"key":"SMITH"},{"floor":32,"key":"REST"}],"neow_cost":"NONE","seed_source_timestamp":434678054480900,"circlet_count":0,"master_deck":["AscendersBane","Strike_B","Strike_B","Strike_B","Strike_B","Defend_B","Defend_B","Defend_B","Zap","Dualcast","Turbo","Defragment+1","Coolheaded+1","Rip and Tear","Core Surge","Self Repair","Sweeping Beam","Hologram","FTL","Self Repair","Seek+1","Loop+1","Conserve Battery+1","Beam Cell+1","Chaos+1","Machine Learning"],"relics":["Cracked Core","Potion Belt","Orichalcum","Golden Idol","Omamori","DataDisk","Bottled Flame","Cursed Key","Mummified Hand","Torii","Incense Burner","Dodecahedron"],"potions_floor_usage":[7,10,10,10,14,14,14,16,27],"damage_taken":[{"damage":1,"enemies":"Cultist","floor":1,"turns":3},{"damage":13,"enemies":"Small Slimes","floor":3,"turns":2},{"damage":15,"enemies":"2 Louse","floor":4,"turns":2},{"damage":0,"enemies":"Large Slime","floor":5,"turns":4},{"damage":8,"enemies":"Gremlin Nob","floor":7,"turns":3},{"damage":0,"enemies":"Gremlin Gang","floor":10,"turns":3},{"damage":23,"enemies":"Lagavulin","floor":12,"turns":7},{"damage":0,"enemies":"Gremlin Nob","floor":14,"turns":3},{"damage":36,"enemies":"Hexaghost","floor":16,"turns":10},{"damage":25,"enemies":"Shell Parasite","floor":18,"turns":6},{"damage":11,"enemies":"Chosen","floor":19,"turns":6},{"damage":17,"enemies":"Snake Plant","floor":22,"turns":4},{"damage":24,"enemies":"Snecko","floor":24,"turns":5},{"damage":7,"enemies":"Centurion and Healer","floor":27,"turns":7},{"damage":84,"enemies":"Champ","floor":33,"turns":8}],"seed_played":"-817897857877699945","potions_obtained":[{"floor":1,"key":"Explosive Potion"},{"floor":4,"key":"EntropicBrew"},{"floor":7,"key":"Fire Potion"},{"floor":12,"key":"Explosive Potion"},{"floor":24,"key":"SkillPotion"},{"floor":27,"key":"Dexterity Potion"}],"is_trial":false,"path_per_floor":["M","$","M","M","M","R","E","?","T","M","?","E","?","E","R","B",null,"M","M","?","?","M","R","M","R","T","M","R","$","R","T","R","B"],"character_chosen":"DEFECT","items_purchased":["Defragment","Coolheaded","Incense Burner"],"campfire_rested":2,"item_purchase_floors":[2,2,29],"current_hp_per_floor":[63,63,50,35,35,35,27,27,27,34,34,18,18,18,39,17,58,47,50,50,43,40,40,30,30,30,37,37,37,37,37,58,0],"gold":86,"neow_bonus":"RANDOM_COMMON_RELIC","is_prod":false,"is_daily":false,"chose_seed":false,"campfire_upgraded":5,"win_rate":0,"timestamp":1566706876,"path_taken":["M","$","?","M","M","R","E","?","T","M","?","E","?","E","R","BOSS","M","?","?","?","M","R","M","R","T","?","R","$","R","?","R","BOSS"],"build_version":"2019-07-17","purchased_purges":1,"victory":false,"max_hp_per_floor":[71,71,71,71,71,71,71,71,71,71,71,71,71,71,71,71,71,71,71,71,71,71,71,71,71,71,71,71,71,71,71,71,71],"card_choices":[{"not_picked":["Consume","Aggregate"],"picked":"Turbo","floor":1},{"not_picked":["Coolheaded","Hologram"],"picked":"Rip and Tear","floor":3},{"not_picked":["Recycle","Sweeping Beam"],"picked":"Core Surge","floor":4},{"not_picked":["Rebound","Go for the Eyes"],"picked":"Self Repair","floor":5},{"not_picked":["Rebound","Tempest"],"picked":"Sweeping Beam","floor":7},{"not_picked":["Steam","Gash"],"picked":"Hologram","floor":10},{"not_picked":["Rebound","Go for the Eyes"],"picked":"FTL","floor":12},{"not_picked":["Lockon","Aggregate"],"picked":"Self Repair","floor":14},{"not_picked":["Buffer","All For One"],"picked":"Seek","floor":16},{"not_picked":["Recycle","Stack"],"picked":"Loop","floor":18},{"not_picked":["Consume","Scrape"],"picked":"Conserve Battery+1","floor":19},{"not_picked":["Sweeping Beam","Conserve Battery"],"picked":"Beam Cell","floor":22},{"not_picked":["Go for the Eyes","Rebound"],"picked":"Chaos+1","floor":24},{"not_picked":["Loop","Conserve Battery"],"picked":"Machine Learning","floor":27}],"player_experience":236443,"relics_obtained":[{"floor":7,"key":"Orichalcum"},{"floor":9,"key":"Omamori"},{"floor":12,"key":"DataDisk"},{"floor":14,"key":"Bottled Flame"},{"floor":26,"key":"Torii"},{"floor":31,"key":"Dodecahedron"}],"event_choices":[{"damage_healed":0,"gold_gain":0,"player_choice":"Take Wound","damage_taken":0,"relics_obtained":["Golden Idol"],"max_hp_gain":0,"max_hp_loss":0,"event_name":"Golden Idol","floor":8,"gold_loss":0,"cards_obtained":["Injury"]},{"damage_healed":0,"gold_gain":63,"player_choice":"Gained Gold","damage_taken":0,"max_hp_gain":0,"max_hp_loss":0,"event_name":"Golden Wing","floor":11,"gold_loss":0},{"cards_removed":["Injury"],"damage_healed":0,"gold_gain":0,"player_choice":"Removed Curses","damage_taken":0,"max_hp_gain":0,"max_hp_loss":0,"event_name":"Fountain of Cleansing","floor":13,"gold_loss":0},{"damage_healed":0,"gold_gain":0,"player_choice":"Obtained Relic","damage_taken":0,"relics_obtained":["Mummified Hand"],"max_hp_gain":0,"max_hp_loss":0,"event_name":"Addict","floor":20,"gold_loss":85},{"damage_healed":0,"gold_gain":50,"player_choice":"Touch","damage_taken":7,"max_hp_gain":0,"max_hp_loss":0,"event_name":"FaceTrader","floor":21,"gold_loss":0}],"is_beta":false,"boss_relics":[{"not_picked":["Inserter","Runic Pyramid"],"picked":"Cursed Key"}],"items_purged_floors":[29],"is_endless":false,"potions_floor_spawned":[1,4,7,12,24,27],"killed_by":"Champ","ascension_level":19}