{"gold_per_floor":[116,132,42,62,76,76,110,110,135,169,84,111,111,122,122,200,200,218,233,233,32,52,63,63,76,76,109,135,151,151,180,180,257,257,268,27,45,45,65,95,95,19,42,42,60,282,309,309,309,309,309],"floor_reached":51,"playtime":2249,"items_purged":[],"score":1605,"play_id":"76cc3d8e-e48d-4b13-b526-87cd7d187b27","local_time":"20190228100359","is_ascension_mode":true,"campfire_choices":[{"data":"Zap","floor":6.0,"key":"SMITH"},{"data":"Dualcast","floor":8.0,"key":"SMITH"},{"data":"Sunder","floor":15.0,"key":"SMITH"},{"floor":24.0,"key":"REST"},{"floor":30.0,"key":"REST"},{"floor":32.0,"key":"REST"},{"floor":41.0,"key":"REST"},{"floor":44.0,"key":"REST"},{"floor":49.0,"key":"REST"}],"neow_cost":"NONE","seed_source_timestamp":390935738408,"circlet_count":0,"master_deck":["AscendersBane","Zap+1","Dualcast+1","Scrape","Rebound","Meteor Strike","Conserve Battery","Sunder+1","Leap","Scrape","Beam Cell","Ball Lightning","Turbo","Steam Power","Hologram","Cold Snap","Steam","Hello World","Gash","Meteor Strike","Conserve Battery","BootSequence","Hello World","Gash","Discovery","Cold Snap","Cold Snap+1","Steam","Reboot","Rebound","Compile Driver","Turbo","Reprogram","Echo Form","Leap+1","Panache","Beam Cell","Turbo+1","BootSequence","Chill","Steam Power","Gash","Hello World+1"],"special_seed":0,"relics":["Pandora\u0027s Box","Happy Flower","Ancient Tea Set","DataDisk","Shuriken","NlothsMask","Fusion Hammer","Smiling Mask","Red Mask","Centennial Puzzle","Philosopher\u0027s Stone","Pantograph","Boot","Bronze Scales","Sundial"],"potions_floor_usage":[],"damage_taken":[{"damage":0.0,"enemies":"Cultist","floor":1.0,"turns":3.0},{"damage":4.0,"enemies":"Small Slimes","floor":2.0,"turns":3.0},{"damage":0.0,"enemies":"Jaw Worm","floor":4.0,"turns":1.0},{"damage":3.0,"enemies":"Gremlin Gang","floor":5.0,"turns":3.0},{"damage":8.0,"enemies":"Gremlin Nob","floor":7.0,"turns":3.0},{"damage":0.0,"enemies":"Lagavulin","floor":10.0,"turns":5.0},{"damage":7.0,"enemies":"Gremlin Nob","floor":12.0,"turns":3.0},{"damage":0.0,"enemies":"Looter","floor":14.0,"turns":2.0},{"damage":0.0,"enemies":"Slime Boss","floor":16.0,"turns":3.0},{"damage":11.0,"enemies":"Shell Parasite","floor":18.0,"turns":3.0},{"damage":0.0,"enemies":"Spheric Guardian","floor":19.0,"turns":3.0},{"damage":8.0,"enemies":"Snake Plant","floor":22.0,"turns":3.0},{"damage":3.0,"enemies":"Centurion and Healer","floor":23.0,"turns":4.0},{"damage":0.0,"enemies":"Chosen and Byrds","floor":25.0,"turns":3.0},{"damage":14.0,"enemies":"Slavers","floor":27.0,"turns":4.0},{"damage":27.0,"enemies":"Masked Bandits","floor":28.0,"turns":4.0},{"damage":10.0,"enemies":"Sentry and Sphere","floor":29.0,"turns":4.0},{"damage":9.0,"enemies":"Gremlin Leader","floor":31.0,"turns":3.0},{"damage":6.0,"enemies":"Automaton","floor":33.0,"turns":6.0},{"damage":0.0,"enemies":"Orb Walker","floor":35.0,"turns":2.0},{"damage":6.0,"enemies":"3 Darklings","floor":37.0,"turns":2.0},{"damage":2.0,"enemies":"4 Shapes","floor":39.0,"turns":5.0},{"damage":22.0,"enemies":"Nemesis","floor":40.0,"turns":7.0},{"damage":2.0,"enemies":"Jaw Worm Horde","floor":45.0,"turns":3.0},{"damage":68.0,"enemies":"Reptomancer","floor":47.0,"turns":6.0},{"damage":35.0,"enemies":"Donu and Deca","floor":50.0,"turns":9.0},{"damage":66,"enemies":"Awakened One","floor":51,"turns":5}],"seed_played":"4283991343251380421","potions_obtained":[{"floor":2.0,"key":"EntropicBrew"},{"floor":5.0,"key":"PowerPotion"},{"floor":12.0,"key":"PowerPotion"},{"floor":14.0,"key":"FearPotion"},{"floor":18.0,"key":"Swift Potion"},{"floor":22.0,"key":"Weak Potion"},{"floor":28.0,"key":"FairyPotion"},{"floor":31.0,"key":"Energy Potion"}],"is_trial":false,"path_per_floor":["M","M","$","M","M","R","E","R","T","E","$","E","?","M","R","B",null,"M","M","?","$","M","M","R","M","T","E","?","M","R","E","R","B",null,"M","$","M","?","M","E","R","$","T","R","M","?","E","T","R","B","B"],"character_chosen":"DEFECT","items_purchased":["Turbo","Steam Power","Hello World","Gash","Discovery","Cold Snap","Panache","Beam Cell","Steam Power"],"campfire_rested":6,"item_purchase_floors":[3,3,11,21,21,21,36,36,42],"current_hp_per_floor":[64,60,60,60,57,57,49,49,49,49,49,42,42,42,42,42,64,53,53,53,53,45,42,63,63,63,49,22,12,33,24,45,39,63,63,63,57,57,55,33,54,54,54,71,69,69,1,1,22,12,0],"gold":309,"neow_bonus":"BOSS_RELIC","is_prod":false,"is_daily":false,"chose_seed":false,"campfire_upgraded":3,"win_rate":0,"timestamp":1551377039,"path_taken":["M","?","$","M","M","R","E","R","T","E","$","E","?","M","R","BOSS","M","M","?","$","?","M","R","M","T","E","?","M","R","E","R","BOSS","M","$","M","?","?","E","R","$","T","R","M","?","E","?","R","BOSS","BOSS"],"build_version":"2019-02-06","purchased_purges":0,"victory":false,"max_hp_per_floor":[71,71,71,71,71,71,71,71,71,71,71,71,71,71,71,71,71,71,71,71,71,71,71,71,71,71,71,71,71,71,71,71,71,71,71,71,71,71,71,71,71,71,71,71,71,71,71,71,71,71,71],"card_choices":[{"not_picked":["Stack","Melter"],"picked":"Beam Cell","floor":1.0},{"not_picked":["White Noise","FTL"],"picked":"Ball Lightning","floor":2.0},{"not_picked":["Rebound","Auto Shields"],"picked":"Hologram","floor":4.0},{"not_picked":["Streamline","Hello World"],"picked":"Cold Snap","floor":5.0},{"not_picked":["Static Discharge","Capacitor"],"picked":"Steam","floor":10.0},{"not_picked":["White Noise","Doom and Gloom"],"picked":"Gash","floor":12.0},{"not_picked":["Double Energy","Redo","Lockon"],"picked":"SKIP","floor":14.0},{"not_picked":["Reboot","Fission"],"picked":"Meteor Strike","floor":16.0},{"not_picked":["Heatsinks","Force Field"],"picked":"Conserve Battery","floor":18.0},{"not_picked":["Steam","Chaos"],"picked":"BootSequence","floor":19.0},{"not_picked":["Ball Lightning","Leap"],"picked":"Cold Snap+1","floor":22.0},{"not_picked":["Streamline","Redo"],"picked":"Steam","floor":23.0},{"not_picked":["Steam","Barrage"],"picked":"Reboot","floor":25.0},{"not_picked":["White Noise","Doom and Gloom"],"picked":"Rebound","floor":27.0},{"not_picked":["Heatsinks","Redo"],"picked":"Compile Driver","floor":28.0},{"not_picked":["Streamline+1","Leap"],"picked":"Turbo","floor":29.0},{"not_picked":["Stack","Reinforced Body"],"picked":"Reprogram","floor":31.0},{"not_picked":["Reboot","Amplify"],"picked":"Echo Form","floor":33.0},{"not_picked":["Hologram","Cold Snap"],"picked":"Leap+1","floor":35.0},{"not_picked":["Compile Driver","Recycle"],"picked":"Turbo+1","floor":37.0},{"not_picked":["Sweeping Beam+1","Genetic Algorithm"],"picked":"BootSequence","floor":39.0},{"not_picked":["Thunder Strike","Static Discharge"],"picked":"Chill","floor":40.0},{"not_picked":["Turbo+1","Steam Power"],"picked":"Gash","floor":45.0},{"not_picked":["Conserve Battery","FTL"],"picked":"Hello World+1","floor":47.0}],"player_experience":1223247,"relics_obtained":[{"floor":7.0,"key":"Happy Flower"},{"floor":9.0,"key":"Ancient Tea Set"},{"floor":10.0,"key":"DataDisk"},{"floor":12.0,"key":"Shuriken"},{"floor":27.0,"key":"Smiling Mask"},{"floor":28.0,"key":"Red Mask"},{"floor":31.0,"key":"Centennial Puzzle"},{"floor":40.0,"key":"Pantograph"},{"floor":43.0,"key":"Boot"},{"floor":47.0,"key":"Bronze Scales"},{"floor":48.0,"key":"Sundial"}],"event_choices":[{"damage_healed":0.0,"max_hp_gain":0.0,"max_hp_loss":0.0,"gold_gain":0.0,"event_name":"FaceTrader","player_choice":"Trade","floor":13.0,"gold_loss":0.0,"damage_taken":0.0,"relics_obtained":["NlothsMask"]},{"damage_healed":0.0,"max_hp_gain":0.0,"max_hp_loss":0.0,"gold_gain":0.0,"event_name":"Duplicator","player_choice":"Copied","floor":20.0,"gold_loss":0.0,"damage_taken":0.0,"cards_obtained":["Hello World"]},{"damage_healed":0.0,"max_hp_gain":0.0,"max_hp_loss":0.0,"gold_gain":0.0,"event_name":"Masked Bandits","player_choice":"Fought Bandits","floor":28.0,"gold_loss":0.0,"damage_taken":0.0},{"cards_removed":["Tempest"],"damage_healed":0.0,"max_hp_gain":0.0,"max_hp_loss":0.0,"gold_gain":0.0,"event_name":"Purifier","player_choice":"Purged","floor":38.0,"gold_loss":0.0,"damage_taken":0.0},{"damage_healed":0.0,"max_hp_gain":0.0,"max_hp_loss":0.0,"gold_gain":222.0,"event_name":"Tomb of Lord Red Mask","player_choice":"Wore Mask","floor":46.0,"gold_loss":0.0,"damage_taken":0.0}],"is_beta":true,"boss_relics":[{"not_picked":["Black Star","White Beast Statue"],"picked":"Fusion Hammer"},{"not_picked":["Calling Bell","Astrolabe"],"picked":"Philosopher\u0027s Stone"}],"items_purged_floors":[],"is_endless":false,"potions_floor_spawned":[2,5,12,14,18,22,28,31,33,45,47],"killed_by":"Awakened One","ascension_level":20}