{"gold_per_floor":[112,112,37,49,49,79,93,93,93,39,39,49,59,69,69,69],"floor_reached":16,"playtime":190,"items_purged":["Defend_R"],"score":254,"play_id":"cdd69724-7c92-4db2-91ef-0f2c1e7ef701","local_time":"20190213183331","is_ascension_mode":true,"campfire_choices":[{"data":"Bash","floor":8,"key":"SMITH"},{"data":"Shrug It Off","floor":15,"key":"SMITH"}],"neow_cost":"NONE","seed_source_timestamp":3006349154858,"circlet_count":0,"master_deck":["AscendersBane","Strike_R","Strike_R","Strike_R+1","Strike_R","Strike_R+1","Defend_R","Defend_R","Defend_R","Bash+1","Dual Wield+1","Headbutt+1","Shrug It Off+1"],"relics":["Burning Blood","NeowsBlessing","Darkstone Periapt","Molten Egg 2"],"potions_floor_usage":[13,16],"damage_taken":[{"damage":0,"enemies":"Small Slimes","floor":1,"turns":1},{"damage":0,"enemies":"Cultist","floor":4,"turns":1},{"damage":0,"enemies":"3 Sentries","floor":6,"turns":1},{"damage":13,"enemies":"2 Louse","floor":7,"turns":3},{"damage":11,"enemies":"Looter","floor":12,"turns":2},{"damage":27,"enemies":"Large Slime","floor":13,"turns":5},{"damage":14,"enemies":"Red Slaver","floor":14,"turns":2},{"damage":33,"enemies":"The Guardian","floor":16,"turns":2}],"seed_played":"3202117921196727676","potions_obtained":[{"floor":1,"key":"Weak Potion"},{"floor":13,"key":"PowerPotion"}],"is_trial":false,"path_per_floor":["M","?","$","M","$","E","M","R","T","$","?","M","M","M","R","B"],"character_chosen":"IRONCLAD","items_purchased":["Headbutt+1"],"campfire_rested":0,"item_purchase_floors":[10],"current_hp_per_floor":[74,51,51,57,57,63,56,56,56,56,56,51,30,22,22,0],"gold":69,"neow_bonus":"THREE_ENEMY_KILL","is_prod":false,"is_daily":false,"chose_seed":false,"campfire_upgraded":2,"win_rate":0,"timestamp":1550111611,"path_taken":["M","?","$","M","$","E","M","R","T","$","?","?","M","M","R","BOSS"],"build_version":"2019-02-06","purchased_purges":1,"victory":false,"max_hp_per_floor":[75,75,75,75,75,75,75,75,75,75,75,75,75,75,75,75],"card_choices":[{"not_picked":["Hemokinesis","Thunderclap"],"picked":"Dual Wield","floor":1},{"not_picked":["True Grit","Heavy Blade+1"],"picked":"Shrug It Off","floor":13}],"player_experience":1161307,"relics_obtained":[{"floor":6,"key":"Darkstone Periapt"},{"floor":9,"key":"Molten Egg 2"}],"event_choices":[{"damage_healed":0,"gold_gain":0,"player_choice":"Entered Light","damage_taken":23,"max_hp_gain":0,"max_hp_loss":0,"event_name":"Shining Light","floor":2,"gold_loss":0,"cards_upgraded":["Strike_R","Strike_R"]},{"damage_healed":0,"gold_gain":0,"player_choice":"Upgraded","damage_taken":0,"max_hp_gain":0,"max_hp_loss":0,"event_name":"Upgrade Shrine","floor":11,"gold_loss":0,"cards_upgraded":["Dual Wield"]}],"is_beta":true,"boss_relics":[],"items_purged_floors":[3],"is_endless":false,"potions_floor_spawned":[1,13],"killed_by":"The Guardian","ascension_level":20}