{"path_per_floor":["M","M","M","M","M","R","E","R","T","M","M","M","?","M","R","B",null,"M","M","M","$","M","E"],"character_chosen":"THE_SILENT","items_purchased":["Energy Potion","Paper Crane"],"gold_per_floor":[109,126,138,156,171,171,205,205,230,240,260,275,235,250,250,350,350,368,379,395,24,43,68,68],"floor_reached":24,"campfire_rested":3,"playtime":1917,"item_purchase_floors":[21,21],"current_hp_per_floor":[69,69,62,42,35,56,39,60,60,48,32,19,19,28,67,48,80,74,58,51,51,41,28,0],"items_purged":["Strike_G"],"gold":68,"score":226,"play_id":"b4282065-a1c1-4113-9c9e-d5c1c574a5ef","local_time":"20180617115506","is_prod":false,"is_daily":false,"chose_seed":false,"is_ascension_mode":false,"campfire_upgraded":0,"win_rate":0.0,"timestamp":1529250906,"campfire_choices":[{"floor":6,"key":"REST"},{"floor":8,"key":"REST"},{"floor":15,"key":"REST"}],"path_taken":["M","M","M","M","M","R","E","R","T","M","M","M","?","M","R","BOSS","M","M","M","$","M","E","M"],"build_version":"2018-06-14v2","seed_source_timestamp":310848854037912,"purchased_purges":1,"victory":false,"master_deck":["Defend_G","Defend_G","Defend_G","Defend_G","Defend_G","Strike_G","Strike_G","Strike_G","Strike_G","Survivor","Neutralize","Expertise","Flying Knee","Riddle With Holes","Backstab","Riddle With Holes","Leg Sweep","Storm of Steel","PiercingWail+1","Crippling Poison+1","Terror","Bouncing Flask","Blur"],"max_hp_per_floor":[70,70,70,70,70,70,70,70,70,70,70,70,70,80,80,80,80,80,80,80,80,80,80,80],"relics":["Snecko Eye","Potion Belt","Regal Pillow","Black Star","Paper Crane","Dream Catcher","War Paint"],"card_choices":[{"not_picked":["Quick Slash","Poisoned Stab","Cloak And Dagger"],"picked":"SKIP","floor":1},{"not_picked":["Bane","Flechettes"],"picked":"Expertise","floor":2},{"not_picked":["Deflect","Dodge and Roll"],"picked":"Flying Knee","floor":3},{"not_picked":["PiercingWail","Acrobatics"],"picked":"Riddle With Holes","floor":4},{"not_picked":["Accuracy","Endless Agony","Slice"],"picked":"SKIP","floor":5},{"not_picked":["Deflect","Catalyst","Sucker Punch"],"picked":"SKIP","floor":7},{"not_picked":["Bane","Dodge and Roll","Slice"],"picked":"SKIP","floor":10},{"not_picked":["Outmaneuver","Acrobatics"],"picked":"Backstab","floor":11},{"not_picked":["Terror","Cloak And Dagger"],"picked":"Riddle With Holes","floor":12},{"not_picked":["Glass Knife","Sucker Punch"],"picked":"Leg Sweep","floor":14},{"not_picked":["Phantasmal Killer","Tactician"],"picked":"Storm of Steel","floor":16},{"not_picked":["Blade Dance+1","Sucker Punch+1"],"picked":"PiercingWail","floor":18},{"not_picked":["Deflect","Underhanded Strike"],"picked":"Crippling Poison","floor":19},{"not_picked":["Expertise","Sucker Punch"],"picked":"Terror","floor":20},{"not_picked":["Blur","Poisoned Stab"],"picked":"Bouncing Flask","floor":22},{"not_picked":["Caltrops+1","PiercingWail+1"],"picked":"Blur","floor":23}],"player_experience":116744,"potions_floor_usage":[7,10,14,14,14,16,16,23],"damage_taken":[{"damage":1,"enemies":"Jaw Worm","floor":1,"turns":4},{"damage":0,"enemies":"Cultist","floor":2,"turns":4},{"damage":7,"enemies":"Small Slimes","floor":3,"turns":3},{"damage":20,"enemies":"Blue Slaver","floor":4,"turns":6},{"damage":7,"enemies":"Looter","floor":5,"turns":3},{"damage":17,"enemies":"3 Sentries","floor":7,"turns":8},{"damage":12,"enemies":"Large Slime","floor":10,"turns":5},{"damage":16,"enemies":"Blue Slaver","floor":11,"turns":4},{"damage":13,"enemies":"Lots of Slimes","floor":12,"turns":4},{"damage":1,"enemies":"Large Slime","floor":14,"turns":5},{"damage":19,"enemies":"Hexaghost","floor":16,"turns":6},{"damage":6,"enemies":"3 Byrds","floor":18,"turns":5},{"damage":16,"enemies":"Spheric Guardian","floor":19,"turns":4},{"damage":7,"enemies":"3 Cultists","floor":20,"turns":6},{"damage":10,"enemies":"Chosen and Byrds","floor":22,"turns":7},{"damage":13,"enemies":"Gremlin Leader","floor":23,"turns":5},{"damage":37,"enemies":"Sentry and Sphere","floor":24,"turns":5}],"relics_obtained":[{"floor":7,"key":"Potion Belt"},{"floor":9,"key":"Regal Pillow"},{"floor":23,"key":"Dream Catcher"},{"floor":23,"key":"War Paint"}],"event_choices":[{"event_name":"The Woman in Blue","player_choice":"Bought 3 Potions","floor":13,"damage_taken":0}],"boss_relics":[{"not_picked":["Velvet Choker","Busted Crown"],"picked":"Black Star"}],"items_purged_floors":[21],"is_endless":false,"potions_floor_spawned":[5,7,10,12,19,23],"seed_played":"-3176791636199106453","killed_by":"Sentry and Sphere","ascension_level":0,"potions_obtained":[{"floor":5,"key":"Energy Potion"},{"floor":7,"key":"GamblersBrew"},{"floor":10,"key":"SteroidPotion"},{"floor":12,"key":"Strength Potion"},{"floor":13,"key":"Fruit Juice"},{"floor":13,"key":"Fruit Juice"},{"floor":13,"key":"SkillPotion"},{"floor":19,"key":"Strength Potion"},{"floor":23,"key":"FearPotion"}],"is_trial":false}