{"gold_per_floor":[116,116,127,7,7,7,21,36,109,184,184,205,155,175,175,280,280,280,280,280,280,280,280,280],"floor_reached":24,"playtime":920,"items_purged":["Defend_R"],"score":186,"play_id":"6d2c14ba-9106-4729-a512-a301cfbdc00e","local_time":"20190109223126","is_ascension_mode":false,"campfire_choices":[{"data":"Iron Wave","floor":6,"key":"SMITH"},{"data":"Shrug It Off","floor":11,"key":"SMITH"},{"data":"Demon Form","floor":15,"key":"SMITH"},{"data":"Double Tap","floor":23,"key":"SMITH"}],"neow_cost":"NONE","seed_source_timestamp":15724546696124,"circlet_count":0,"master_deck":["Strike_R","Strike_R","Strike_R","Defend_R","Defend_R","Bash","Second Wind","Shrug It Off+1","Iron Wave+1","Ghostly Armor","Demon Form+1","Double Tap+1","Twin Strike+1","Fire Breathing","Sever Soul"],"relics":["Burning Blood","Gremlin Horn","Odd Mushroom","Ectoplasm"],"potions_floor_usage":[16,16],"damage_taken":[{"damage":0,"enemies":"Small Slimes","floor":1,"turns":3},{"damage":12,"enemies":"Cultist","floor":3,"turns":5},{"damage":1,"enemies":"Jaw Worm","floor":7,"turns":4},{"damage":11,"enemies":"Large Slime","floor":8,"turns":10},{"damage":11,"enemies":"The Mushroom Lair","floor":12,"turns":7},{"damage":5,"enemies":"Looter","floor":14,"turns":4},{"damage":27,"enemies":"Slime Boss","floor":16,"turns":9},{"damage":12,"enemies":"Shell Parasite","floor":18,"turns":6},{"damage":15,"enemies":"Chosen","floor":19,"turns":6},{"damage":22,"enemies":"Centurion and Healer","floor":20,"turns":5},{"damage":58,"enemies":"Gremlin Leader","floor":24,"turns":7}],"seed_played":"-1090686471998114589","potions_obtained":[{"floor":3,"key":"Poison Potion"},{"floor":7,"key":"EssenceOfSteel"},{"floor":12,"key":"EssenceOfSteel"},{"floor":14,"key":"Fire Potion"},{"floor":20,"key":"Swift Potion"}],"is_trial":false,"path_per_floor":["M","?","M","$","?","R","M","M","T","?","R","?","?","M","R","B",null,"M","M","M","?","?","R","E"],"character_chosen":"IRONCLAD","items_purchased":["Iron Wave"],"campfire_rested":0,"item_purchase_floors":[4],"current_hp_per_floor":[80,80,74,74,67,67,72,67,67,56,56,51,51,52,52,31,80,74,65,49,49,49,49,0],"gold":280,"neow_bonus":"TRANSFORM_CARD","is_prod":false,"is_daily":false,"chose_seed":false,"campfire_upgraded":4,"win_rate":0.0,"timestamp":1547091086,"path_taken":["M","?","?","$","?","R","M","M","T","?","R","?","?","?","R","BOSS","M","M","M","?","?","R","E"],"build_version":"2019-01-03v4","purchased_purges":1,"victory":false,"max_hp_per_floor":[80,80,80,80,80,80,80,80,80,80,80,80,80,80,80,80,80,80,80,80,80,80,80,80],"card_choices":[{"not_picked":["True Grit","Anger"],"picked":"Second Wind","floor":1},{"not_picked":["Warcry","Metallicize"],"picked":"Shrug It Off","floor":3},{"not_picked":["Warcry","Feel No Pain","Shrug It Off"],"picked":"SKIP","floor":7},{"not_picked":["Sword Boomerang","Thunderclap","Heavy Blade"],"picked":"SKIP","floor":8},{"not_picked":["Perfected Strike","Iron Wave"],"picked":"Ghostly Armor","floor":12},{"not_picked":["Shockwave","Second Wind"],"picked":"Demon Form","floor":14},{"not_picked":["Dark Embrace","Barricade"],"picked":"Double Tap","floor":16},{"not_picked":["Pummel","Perfected Strike","Heavy Blade"],"picked":"SKIP","floor":18},{"not_picked":["Body Slam+1","Fire Breathing"],"picked":"Twin Strike+1","floor":19},{"not_picked":["Cleave+1","Whirlwind","Warcry+1"],"picked":"SKIP","floor":20}],"player_experience":9322,"relics_obtained":[{"floor":9,"key":"Gremlin Horn"},{"floor":12,"key":"Odd Mushroom"}],"event_choices":[{"damage_healed":0,"gold_gain":0,"player_choice":"Cursed","damage_taken":0,"max_hp_gain":0,"max_hp_loss":0,"event_name":"Wheel of Change","floor":2,"gold_loss":0,"cards_obtained":["Decay"]},{"cards_removed":["Decay"],"damage_healed":0,"gold_gain":0,"player_choice":"Card Removal","damage_taken":7,"max_hp_gain":0,"max_hp_loss":0,"event_name":"Golden Wing","floor":5,"gold_loss":0},{"damage_healed":0,"gold_gain":75,"player_choice":"Gather Gold","damage_taken":11,"max_hp_gain":0,"max_hp_loss":0,"event_name":"World of Goop","floor":10,"gold_loss":0},{"damage_healed":0,"gold_gain":0,"player_choice":"Fought Mushrooms","damage_taken":0,"max_hp_gain":0,"max_hp_loss":0,"event_name":"Mushrooms","floor":12,"gold_loss":0},{"cards_removed":["Defend_R"],"damage_healed":0,"gold_gain":0,"player_choice":"Card Removal","damage_taken":0,"max_hp_gain":0,"max_hp_loss":0,"event_name":"The Cleric","floor":13,"gold_loss":50},{"damage_healed":0,"gold_gain":0,"cards_transformed":["Dual Wield","Strike_R"],"player_choice":"Became Test Subject","damage_taken":0,"max_hp_gain":0,"max_hp_loss":0,"event_name":"Drug Dealer","floor":21,"gold_loss":0,"cards_obtained":["Fire Breathing","Sever Soul"]},{"damage_healed":0,"gold_gain":0,"player_choice":"Ignored","damage_taken":0,"max_hp_gain":0,"max_hp_loss":0,"event_name":"Beggar","floor":22,"gold_loss":0}],"is_beta":false,"boss_relics":[{"not_picked":["Eternal Feather","Coffee Dripper"],"picked":"Ectoplasm"}],"items_purged_floors":[4],"is_endless":false,"potions_floor_spawned":[3,7,12,14,20],"killed_by":"Gremlin Leader","ascension_level":0}