{"gold_per_floor":[115,190,190,200,25,60,78,78,128,162,162,235,235,108,108,108],"floor_reached":16,"playtime":272,"items_purged":["Regret","Strike_B"],"score":262,"play_id":"11511fee-0e39-409c-864a-275340d9f697","local_time":"20181207111543","is_ascension_mode":true,"campfire_choices":[{"data":"Hyperbeam","floor":8,"key":"SMITH"},{"floor":13,"key":"REST"},{"data":"Hologram","floor":15,"key":"SMITH"}],"neow_cost":"NONE","seed_source_timestamp":58715694268316,"circlet_count":0,"master_deck":["AscendersBane","Strike_B","Strike_B","Strike_B","Defend_B","Defend_B","Defend_B","Defend_B","Zap","Dualcast","Leap","Coolheaded","Hello World","Blizzard","Hyperbeam+1","Hologram+1","Leap","Streamline","Doom and Gloom"],"relics":["Cracked Core","NeowsBlessing","Smiling Mask","Omamori","Mummified Hand","Golden Idol","Turnip"],"potions_floor_usage":[12,12],"damage_taken":[{"damage":0,"enemies":"Jaw Worm","floor":1,"turns":1},{"damage":0,"enemies":"2 Louse","floor":4,"turns":1},{"damage":0,"enemies":"3 Sentries","floor":6,"turns":1},{"damage":13,"enemies":"Small Slimes","floor":7,"turns":2},{"damage":15,"enemies":"Lagavulin","floor":10,"turns":6},{"damage":21,"enemies":"Lagavulin Event","floor":12,"turns":7},{"damage":11,"enemies":"The Guardian","floor":16,"turns":5}],"seed_played":"3621654745978856895","potions_obtained":[{"floor":4,"key":"Ancient Potion"},{"floor":6,"key":"Dexterity Potion"}],"is_trial":false,"path_per_floor":["M","?","?","M","$","E","M","R","T","E","?","?","R","$","R","B"],"character_chosen":"DEFECT","items_purchased":["Hello World","Blizzard","Doom and Gloom"],"campfire_rested":1,"item_purchase_floors":[5,5,14],"current_hp_per_floor":[64,53,53,53,53,53,40,40,40,25,25,4,23,23,23,12],"gold":108,"neow_bonus":"THREE_ENEMY_KILL","is_prod":false,"is_daily":false,"chose_seed":false,"campfire_upgraded":2,"win_rate":0,"timestamp":1544210143,"path_taken":["M","?","?","M","$","E","M","R","T","E","?","?","R","$","R","BOSS"],"build_version":"2018-12-06","purchased_purges":2,"victory":false,"max_hp_per_floor":[71,71,71,71,71,71,71,71,71,71,64,64,64,64,64,64],"card_choices":[{"not_picked":["Turbo","Go for the Eyes"],"picked":"Leap","floor":1},{"not_picked":["Storm","Steam"],"picked":"Coolheaded","floor":4},{"not_picked":["Fusion","Hologram"],"picked":"Hyperbeam","floor":6},{"not_picked":["Skim","Static Discharge"],"picked":"Hologram","floor":7},{"not_picked":["Steam Power","Cold Snap"],"picked":"Leap","floor":10},{"not_picked":["Compile Driver","Barrage"],"picked":"Streamline","floor":12}],"player_experience":979605,"relics_obtained":[{"floor":6,"key":"Omamori"},{"floor":10,"key":"Mummified Hand"},{"floor":12,"key":"Turnip"}],"event_choices":[{"damage_healed":0,"gold_gain":75,"player_choice":"Gather Gold","damage_taken":11,"max_hp_gain":0,"max_hp_loss":0,"event_name":"World of Goop","floor":2,"gold_loss":0},{"damage_healed":0,"gold_gain":0,"player_choice":"Box","damage_taken":0,"relics_obtained":["Smiling Mask"],"max_hp_gain":0,"max_hp_loss":0,"event_name":"Big Fish","floor":3,"gold_loss":0,"cards_obtained":["Regret"]},{"damage_healed":0,"gold_gain":0,"player_choice":"Lose Max HP","damage_taken":0,"relics_obtained":["Golden Idol"],"max_hp_gain":0,"max_hp_loss":7,"event_name":"Golden Idol","floor":11,"gold_loss":0},{"damage_healed":0,"gold_gain":0,"player_choice":"Searched \u00271\u0027 times","damage_taken":0,"max_hp_gain":0,"max_hp_loss":0,"event_name":"Dead Adventurer","floor":12,"gold_loss":0}],"is_beta":true,"boss_relics":[],"items_purged_floors":[5,14],"is_endless":false,"potions_floor_spawned":[4,6,7],"killed_by":"The Guardian","ascension_level":20}