{"gold_per_floor":[109,58,58,19,36,64,76,110,163,163,179,196,196,231,231,231],"floor_reached":16,"playtime":472,"items_purged":[],"score":254,"play_id":"e7bb37cc-adb8-480d-a625-f8c66cb89fdc","local_time":"20180703193911","is_ascension_mode":true,"campfire_choices":[{"data":"Noxious Fumes","floor":10.0,"key":"SMITH"},{"data":"After Image","floor":13.0,"key":"SMITH"},{"data":"A Thousand Cuts","floor":15.0,"key":"SMITH"}],"neow_cost":"","seed_source_timestamp":0,"circlet_count":0,"master_deck":["Defend_G","Defend_G","Defend_G","Defend_G","Defend_G","Strike_G","Strike_G","Strike_G","Strike_G","Strike_G","Survivor","Neutralize","AscendersBane","Noxious Fumes+1","Quick Slash","Footwork","A Thousand Cuts+1","Blur","Slice","After Image+1"],"special_seed":0,"relics":["Ring of the Snake","NeowsBlessing","Kunai","Regal Pillow","Omamori","Singing Bowl","Bottled Tornado"],"potions_floor_usage":[],"damage_taken":[{"damage":0.0,"enemies":"2 Louse","floor":1.0,"turns":1.0},{"damage":0.0,"enemies":"Jaw Worm","floor":5.0,"turns":1.0},{"damage":0.0,"enemies":"3 Sentries","floor":6.0,"turns":1.0},{"damage":0.0,"enemies":"Cultist","floor":7.0,"turns":5.0},{"damage":9.0,"enemies":"Lagavulin","floor":8.0,"turns":8.0},{"damage":8.0,"enemies":"Large Slime","floor":11.0,"turns":6.0},{"damage":3.0,"enemies":"3 Louse","floor":12.0,"turns":5.0},{"damage":2.0,"enemies":"Gremlin Nob","floor":14.0,"turns":5.0},{"damage":27,"enemies":"The Guardian","floor":16,"turns":5}],"seed_played":"711523315576842324","potions_obtained":[{"floor":5.0,"key":"Swift Potion"},{"floor":7.0,"key":"Energy Potion"},{"floor":12.0,"key":"EssenceOfSteel"}],"is_trial":false,"path_per_floor":["M","$","?","$","M","E","M","E","T","R","M","M","R","E","R"],"character_chosen":"THE_SILENT","items_purchased":["Quick Slash","Footwork"],"campfire_rested":0,"item_purchase_floors":[],"current_hp_per_floor":[59,59,41,41,41,41,41,32,32,32,26,23,23,23,23,0],"gold":231,"neow_bonus":"","is_prod":false,"is_daily":false,"chose_seed":false,"campfire_upgraded":3,"win_rate":0,"timestamp":1530671951,"path_taken":["M","$","?","$","?","E","M","E","T","R","M","M","R","E","R","BOSS"],"build_version":"2018-07-02","purchased_purges":0,"victory":false,"max_hp_per_floor":[66,66,66,66,66,66,66,66,66,66,68,68,68,70,70,70],"card_choices":[{"not_picked":["Flying Knee","Concentrate"],"picked":"Noxious Fumes","floor":1.0},{"not_picked":["PiercingWail","Tactician"],"picked":"A Thousand Cuts","floor":6.0},{"not_picked":["Underhanded Strike","PiercingWail"],"picked":"Blur","floor":7.0},{"not_picked":["Acrobatics","Accuracy"],"picked":"Slice","floor":8.0},{"not_picked":["Heel Hook","PiercingWail","Well Laid Plans"],"picked":"Singing Bowl","floor":11.0},{"not_picked":["Flying Knee","Backflip"],"picked":"After Image","floor":12.0},{"not_picked":["Dagger Spray","Setup","Deadly Poison"],"picked":"Singing Bowl","floor":14.0}],"player_experience":476525,"relics_obtained":[{"floor":6.0,"key":"Regal Pillow"},{"floor":8.0,"key":"Omamori"},{"floor":9.0,"key":"Singing Bowl"},{"floor":14.0,"key":"Bottled Tornado"}],"event_choices":[{"event_name":"Scrap Ooze","player_choice":"success","floor":3.0,"damage_taken":18.0}],"boss_relics":[],"items_purged_floors":[],"is_endless":false,"potions_floor_spawned":[5,7,12],"killed_by":"The Guardian","ascension_level":15}