{"gold_per_floor":[212,212,137,156,55,55,89,89,136,159,182,182,202,242,242,340,340,356,76,76,90,90,90,125,141,141,152,169,169,169,219,219,219],"floor_reached":33,"playtime":2482,"items_purged":["Defend_G"],"score":495,"play_id":"aec8f8e8-856d-4ce8-9e78-4e1484353bea","local_time":"20190712231830","is_ascension_mode":true,"campfire_choices":[{"data":"Neutralize","floor":6,"key":"SMITH"},{"data":"Cloak And Dagger","floor":12,"key":"SMITH"},{"data":"Cloak And Dagger","floor":15,"key":"SMITH"},{"data":"Blade Dance","floor":23,"key":"SMITH"},{"data":"Burst","floor":30,"key":"SMITH"},{"data":"Malaise","floor":32,"key":"SMITH"}],"neow_cost":"NONE","seed_source_timestamp":235553734288915,"circlet_count":0,"master_deck":["AscendersBane","Strike_G+1","Strike_G+1","Strike_G+1","Strike_G+1","Defend_G+1","Defend_G+1","Defend_G+1","Defend_G+1","Survivor","Neutralize+1","Deflect","Blade Dance+1","Deflect","Cloak And Dagger+1","Predator","Blur","Cloak And Dagger+1","Backflip","Glass Knife","Skewer","PiercingWail","Bandage Up","Finisher","Burst+1","Malaise+1","Backstab","Leg Sweep"],"relics":["Ring of the Snake","Mango","Bag of Marbles","Prayer Wheel","Coffee Dripper","Blood Vial","Nloth\u0027s Gift","Snake Skull","Omamori"],"potions_floor_usage":[16,16,24,24,33,33],"damage_taken":[{"damage":8,"enemies":"Small Slimes","floor":1,"turns":5},{"damage":0,"enemies":"2 Louse","floor":4,"turns":2},{"damage":37,"enemies":"Lagavulin","floor":7,"turns":12},{"damage":0,"enemies":"Jaw Worm","floor":10,"turns":4},{"damage":2,"enemies":"Exordium Wildlife","floor":11,"turns":3},{"damage":4,"enemies":"Exordium Thugs","floor":13,"turns":6},{"damage":13,"enemies":"3 Sentries","floor":14,"turns":8},{"damage":26,"enemies":"The Guardian","floor":16,"turns":18},{"damage":0,"enemies":"Spheric Guardian","floor":18,"turns":4},{"damage":0,"enemies":"3 Byrds","floor":21,"turns":5},{"damage":19,"enemies":"Gremlin Leader","floor":24,"turns":8},{"damage":15,"enemies":"Snecko","floor":25,"turns":8},{"damage":0,"enemies":"Snake Plant","floor":27,"turns":3},{"damage":1,"enemies":"Shelled Parasite and Fungi","floor":28,"turns":6},{"damage":65,"enemies":"Collector","floor":33,"turns":12}],"seed_played":"-5323968868028361061","potions_obtained":[{"floor":11,"key":"SkillPotion"},{"floor":13,"key":"Block Potion"},{"floor":14,"key":"SpeedPotion"},{"floor":16,"key":"Energy Potion"},{"floor":18,"key":"Fire Potion"},{"floor":24,"key":"FearPotion"},{"floor":28,"key":"SteroidPotion"}],"is_trial":false,"path_per_floor":["M","?","?","M","$","R","E","?","T","M","M","R","M","E","R","B",null,"M","$","?","M","?","R","E","M","T","M","M","?","R","?","R","B"],"character_chosen":"THE_SILENT","items_purchased":["Deflect","Blood Vial","Bandage Up"],"campfire_rested":0,"item_purchase_floors":[5,19,19],"current_hp_per_floor":[51,51,51,51,51,51,28,52,52,52,50,50,46,33,33,7,57,57,57,57,63,63,63,50,37,37,43,48,48,48,48,48,0],"gold":219,"neow_bonus":"HUNDRED_GOLD","is_prod":false,"is_daily":false,"chose_seed":false,"campfire_upgraded":6,"win_rate":0,"timestamp":1562991510,"path_taken":["M","?","?","M","$","R","E","?","T","M","M","R","M","E","R","BOSS","M","$","?","M","?","R","E","M","T","?","M","?","R","?","R","BOSS"],"build_version":"2019-07-05","purchased_purges":1,"victory":false,"max_hp_per_floor":[66,60,60,60,60,60,74,74,74,74,74,74,74,74,74,74,74,74,74,74,74,74,74,74,74,74,74,74,74,74,74,74,74],"card_choices":[{"not_picked":["Accuracy","All Out Attack"],"picked":"Deflect","floor":1},{"not_picked":["Prepared","Dodge and Roll"],"picked":"Blade Dance","floor":4},{"not_picked":["Accuracy","All Out Attack"],"picked":"Cloak And Dagger","floor":7},{"not_picked":["Terror","Choke"],"picked":"Predator","floor":10},{"not_picked":["Flying Knee","Concentrate"],"picked":"Blur","floor":11},{"not_picked":["Dodge and Roll","Endless Agony"],"picked":"Cloak And Dagger","floor":13},{"not_picked":["Eviscerate","Phantasmal Killer"],"picked":"Backflip","floor":14},{"not_picked":["Wraith Form v2","Phantasmal Killer"],"picked":"Glass Knife","floor":16},{"not_picked":["Deadly Poison","Underhanded Strike"],"picked":"Skewer","floor":18},{"not_picked":["Dodge and Roll","Concentrate"],"picked":"PiercingWail","floor":18},{"not_picked":["Masterful Stab","Poisoned Stab"],"picked":"Finisher","floor":21},{"not_picked":["Tactician","Deadly Poison","Skewer"],"picked":"SKIP","floor":21},{"not_picked":["Endless Agony","Bane"],"picked":"Burst","floor":24},{"not_picked":["Prepared","Reflex","Choke"],"picked":"SKIP","floor":25},{"not_picked":["Backflip","Outmaneuver","Eviscerate"],"picked":"SKIP","floor":25},{"not_picked":["Underhanded Strike","Poisoned Stab"],"picked":"Malaise","floor":27},{"not_picked":["Terror","Finisher","Noxious Fumes"],"picked":"SKIP","floor":27},{"not_picked":["Poisoned Stab","Leg Sweep"],"picked":"Backstab","floor":28},{"not_picked":["Flying Knee","Concentrate"],"picked":"Leg Sweep","floor":28}],"player_experience":859949,"relics_obtained":[{"floor":7,"key":"Mango"},{"floor":9,"key":"Bag of Marbles"},{"floor":14,"key":"Prayer Wheel"},{"floor":24,"key":"Snake Skull"},{"floor":26,"key":"Omamori"}],"event_choices":[{"damage_healed":0,"gold_gain":0,"player_choice":"Lose Max HP","damage_taken":0,"relics_obtained":["Golden Idol"],"max_hp_gain":0,"max_hp_loss":6,"event_name":"Golden Idol","floor":2,"gold_loss":0},{"cards_removed":["Strike_G"],"damage_healed":0,"gold_gain":0,"player_choice":"Card Removal","damage_taken":0,"max_hp_gain":0,"max_hp_loss":0,"event_name":"The Cleric","floor":3,"gold_loss":75},{"damage_healed":24,"gold_gain":0,"player_choice":"Banana","damage_taken":0,"max_hp_gain":0,"max_hp_loss":0,"event_name":"Big Fish","floor":8,"gold_loss":0},{"damage_healed":0,"gold_gain":0,"player_choice":"Simplicity","damage_taken":0,"max_hp_gain":0,"max_hp_loss":0,"event_name":"Back to Basics","floor":20,"gold_loss":0,"cards_upgraded":["Strike_G","Strike_G","Strike_G","Strike_G","Defend_G","Defend_G","Defend_G","Defend_G"]},{"damage_healed":0,"gold_gain":0,"player_choice":"Traded Relic","damage_taken":0,"relics_obtained":["Nloth\u0027s Gift"],"max_hp_gain":0,"max_hp_loss":0,"event_name":"N\u0027loth","floor":22,"relics_lost":["Golden Idol"],"gold_loss":0},{"damage_healed":0,"gold_gain":0,"player_choice":"Ignored","damage_taken":0,"max_hp_gain":0,"max_hp_loss":0,"event_name":"Ghosts","floor":29,"gold_loss":0},{"damage_healed":0,"gold_gain":50,"player_choice":"Stole From Cult","damage_taken":0,"max_hp_gain":0,"max_hp_loss":0,"event_name":"Nest","floor":31,"gold_loss":0}],"is_beta":false,"boss_relics":[{"not_picked":["Runic Dome","Lizard Tail"],"picked":"Coffee Dripper"}],"items_purged_floors":[5],"is_endless":false,"potions_floor_spawned":[11,13,14,16,18,21,24,28],"killed_by":"Collector","ascension_level":16}