{"path_per_floor":["M","?","$","?","M","E","R","E","T","R","M","M","R","?","R","B",null,"M","$","T","?","$","M","M","E","T","M","R","M","R","M","R"],"character_chosen":"THE_SILENT","items_purchased":["Outmaneuver","Bouncing Flask","Footwork"],"gold_per_floor":[118,118,32,32,49,79,79,106,133,133,148,161,161,161,161,256,256,268,113,163,163,63,48,59,88,88,98,98,114,114,130,130],"floor_reached":33,"campfire_rested":1,"playtime":4460,"current_hp_per_floor":[67,60,60,60,57,33,33,21,28,51,51,50,50,50,50,37,77,77,77,83,89,89,89,89,65,71,67,67,63,63,66,66],"items_purged":["Strike_G","Writhe"],"gold":130,"score":314,"play_id":"c185dee9-53f4-4a05-9fa3-f189ea501e9f","is_prod":false,"is_daily":false,"is_ascension_mode":true,"campfire_upgraded":6,"path_taken":["M","?","$","?","M","E","R","E","T","R","M","M","R","?","R","BOSS","M","$","?","?","$","M","M","E","T","M","R","M","R","M","R","BOSS"],"build_version":"2018-02-22-PROD2","purchased_purges":2,"victory":false,"master_deck":["Defend_G","Defend_G","Defend_G","Defend_G","Defend_G","Strike_G","Strike_G","Survivor+1","Neutralize+1","Noxious Fumes+1","Outmaneuver+1","Bouncing Flask+1","Acrobatics+1","Deadly Poison+1","Adrenaline+1","Acrobatics+1","Footwork+1","Injury","Deflect+1","Backflip+1","Pain","Calculated Gamble+1"],"max_hp_per_floor":[70,70,70,70,70,70,70,70,77,77,77,77,77,77,77,77,77,77,77,83,89,89,89,89,89,95,95,95,95,95,95,95],"relics":["White Beast Statue","Matryoshka","Darkstone Periapt","Toxic Egg 2","Strawberry","Cursed Key","Shuriken","Prayer Wheel","Toolbox","Frozen Eye","Juzu Bracelet"],"card_choices":[{"not_picked":["Flying Knee","Backstab"],"picked":"Noxious Fumes"},{"not_picked":["Deflect","Dagger Spray"],"picked":"Acrobatics"},{"not_picked":["Quick Slash","Dodge and Roll"],"picked":"Deadly Poison"},{"not_picked":["Wraith Form","After Image"],"picked":"Adrenaline"},{"not_picked":["Heel Hook","Outmaneuver"],"picked":"Acrobatics"},{"not_picked":["Dodge and Roll","Dagger Throw"],"picked":"Deflect"},{"not_picked":["Masterful Stab","Escape Plan"],"picked":"Backflip"},{"not_picked":["Heel Hook","All Out Attack"],"picked":"Calculated Gamble"}],"player_experience":101886,"potions_floor_usage":[6,12,16,16,23,25,27,27,29,29,31,33],"damage_taken":[{"damage":3,"enemies":"Jaw Worm","floor":1,"turns":6},{"damage":3,"enemies":"2 Louse","floor":5,"turns":4},{"damage":24,"enemies":"Gremlin Nob","floor":6,"turns":5},{"damage":12,"enemies":"Lagavulin","floor":8,"turns":7},{"damage":0,"enemies":"Small Slimes","floor":11,"turns":6},{"damage":1,"enemies":"Looter","floor":12,"turns":5},{"damage":13,"enemies":"Slime Boss","floor":16,"turns":12},{"damage":0,"enemies":"Spheric Guardian","floor":18,"turns":3},{"damage":0,"enemies":"2 Thieves","floor":23,"turns":4},{"damage":0,"enemies":"Centurion and Healer","floor":24,"turns":6},{"damage":24,"enemies":"Book of Stabbing","floor":25,"turns":5},{"damage":4,"enemies":"Chosen and Byrds","floor":27,"turns":5},{"damage":4,"enemies":"Cultist and Chosen","floor":29,"turns":8},{"damage":12,"enemies":"Snake Plant","floor":31,"turns":5},{"damage":66,"enemies":"Automaton","floor":33,"turns":8}],"event_choices":[{"event_name":"Golden Wing","player_choice":"Card Removal","floor":2,"damage_taken":0},{"event_name":"Living Wall","player_choice":"Forget","floor":4,"damage_taken":0},{"event_name":"Accursed Blacksmith","player_choice":"Forge","floor":14,"damage_taken":0},{"event_name":"The Mausoleum","player_choice":"Yes","floor":21,"damage_taken":0}],"boss_relics":[{"not_picked":["Lizard Tail","Philosopher\u0027s Stone"],"picked":"Cursed Key"}],"potions_floor_spawned":[1,5,6,8,11,12,16,18,23,24,25,27,29,31],"seed_played":"-2436962939536937650","killed_by":"Automaton","ascension_level":1,"is_trial":false}