{"gold_per_floor":[419,419,30,30,50,50,93,93,93,93,116,194,218,238,238,366,366,366,366,86,86,1,1,1,1,1,1,1,1,1,1,1,1],"floor_reached":33,"playtime":3711,"items_purged":["Injury"],"score":267,"play_id":"c46e097a-23b9-41fe-b68e-d9fa32324842","local_time":"20180706175805","is_ascension_mode":false,"campfire_choices":[{"data":"Neutralize","floor":6,"key":"SMITH"},{"data":"Calculated Gamble","floor":8,"key":"SMITH"},{"floor":10,"key":"REST"},{"floor":15,"key":"REST"},{"floor":23,"key":"REST"},{"data":"Skewer","floor":27,"key":"SMITH"},{"floor":32,"key":"REST"}],"neow_cost":"TEN_PERCENT_HP_LOSS","seed_source_timestamp":1972433093816953,"circlet_count":0,"master_deck":["Defend_G","Defend_G","Defend_G","Defend_G","Defend_G","Strike_G","Strike_G","Strike_G","Strike_G","Survivor","Neutralize+1","Acrobatics","Calculated Gamble+1","Skewer+1","Sucker Punch","Acrobatics","Backflip","Poisoned Stab","Die Die Die","Deflect","Leg Sweep","Dagger Spray","Noxious Fumes","Backstab","Prepared+1","Distraction+1","Leg Sweep+1","Infinite Blades+1"],"relics":["Ring of the Snake","Old Coin","Golden Idol","Sundial","Snake Skull","Toolbox","Centennial Puzzle","Ectoplasm","Orichalcum","Mummified Hand","Toxic Egg 2","Oddly Smooth Stone"],"potions_floor_usage":[12,13,14,24,33,33],"damage_taken":[{"damage":0,"enemies":"Jaw Worm","floor":1,"turns":6},{"damage":5,"enemies":"2 Louse","floor":5,"turns":4},{"damage":31,"enemies":"Gremlin Nob","floor":7,"turns":6},{"damage":2,"enemies":"Small Slimes","floor":11,"turns":3},{"damage":24,"enemies":"Gremlin Nob","floor":12,"turns":4},{"damage":0,"enemies":"2 Fungi Beasts","floor":13,"turns":3},{"damage":1,"enemies":"Large Slime","floor":14,"turns":4},{"damage":14,"enemies":"The Guardian","floor":16,"turns":8},{"damage":16,"enemies":"Shell Parasite","floor":18,"turns":5},{"damage":0,"enemies":"3 Byrds","floor":21,"turns":4},{"damage":13,"enemies":"Slavers","floor":24,"turns":6},{"damage":0,"enemies":"Cultist and Chosen","floor":28,"turns":5},{"damage":5,"enemies":"3 Cultists","floor":29,"turns":4},{"damage":1,"enemies":"Chosen and Byrds","floor":30,"turns":6},{"damage":0,"enemies":"Snecko","floor":31,"turns":6},{"damage":63,"enemies":"Collector","floor":33,"turns":7}],"seed_played":"-6016711328904012895","potions_obtained":[{"floor":5,"key":"Ancient Potion"},{"floor":12,"key":"Block Potion"},{"floor":13,"key":"EssenceOfSteel"},{"floor":16,"key":"Fire Potion"},{"floor":28,"key":"Dexterity Potion"},{"floor":31,"key":"FearPotion"}],"is_trial":false,"path_per_floor":["M","?","$","?","M","R","E","R","T","R","M","?","M","M","R","B",null,"M","?","$","M","?","R","E","$","T","R","M","M","M","M","R"],"character_chosen":"THE_SILENT","items_purchased":["Sundial","Leg Sweep","Orichalcum","Dagger Spray"],"campfire_rested":4,"item_purchase_floors":[3,20,20,20],"current_hp_per_floor":[63,63,63,56,51,51,20,20,20,38,36,12,12,11,29,15,63,47,47,47,47,47,63,50,50,50,50,50,49,48,48,63,0],"gold":1,"neow_bonus":"ONE_RARE_RELIC","is_prod":false,"is_daily":false,"chose_seed":false,"campfire_upgraded":3,"win_rate":0,"timestamp":1530914285,"path_taken":["M","?","$","?","M","R","E","R","T","R","M","?","M","M","R","BOSS","M","?","$","M","?","R","E","$","T","R","M","M","M","M","R","BOSS"],"build_version":"2018-07-05","purchased_purges":1,"victory":false,"max_hp_per_floor":[63,63,63,63,63,63,63,63,63,63,63,63,63,63,63,63,63,63,63,63,63,63,63,63,63,63,63,63,63,63,63,63,63],"card_choices":[{"not_picked":["Outmaneuver","Dodge and Roll"],"picked":"Acrobatics","floor":1},{"not_picked":["Distraction","Slice"],"picked":"Calculated Gamble","floor":5},{"not_picked":["Deflect","Finisher"],"picked":"Skewer","floor":7},{"not_picked":["Deflect","Quick Slash"],"picked":"Sucker Punch","floor":11},{"not_picked":["Poisoned Stab","Dodge and Roll"],"picked":"Acrobatics","floor":12},{"not_picked":["Masterful Stab","All Out Attack"],"picked":"Backflip","floor":13},{"not_picked":["Dodge and Roll","Deflect"],"picked":"Poisoned Stab","floor":14},{"not_picked":["Glass Knife","Unload"],"picked":"Die Die Die","floor":16},{"not_picked":["Reflex","Choke"],"picked":"Deflect","floor":18},{"not_picked":["Dagger Throw","Deadly Poison+1"],"picked":"Noxious Fumes","floor":21},{"not_picked":["Dash","Acrobatics"],"picked":"Backstab","floor":24},{"not_picked":["Deadly Poison+1","Poisoned Stab"],"picked":"Prepared+1","floor":28},{"not_picked":["Dagger Spray","Setup+1"],"picked":"Distraction+1","floor":29},{"not_picked":["Dodge and Roll+1","Choke"],"picked":"Leg Sweep+1","floor":30},{"not_picked":["Cloak And Dagger+1","Deadly Poison+1"],"picked":"Infinite Blades+1","floor":31}],"player_experience":194624,"relics_obtained":[{"floor":7,"key":"Snake Skull"},{"floor":9,"key":"Toolbox"},{"floor":12,"key":"Centennial Puzzle"},{"floor":24,"key":"Toxic Egg 2"},{"floor":26,"key":"Oddly Smooth Stone"}],"event_choices":[{"event_name":"Golden Idol","player_choice":"Take Wound","floor":2,"damage_taken":0},{"event_name":"Golden Wing","player_choice":"Card Removal","floor":4,"damage_taken":0},{"event_name":"Dead Adventurer","player_choice":"Searched \u00271\u0027 times","floor":12,"damage_taken":0},{"event_name":"Drug Dealer","player_choice":"Ignored","floor":19,"damage_taken":0},{"event_name":"Addict","player_choice":"Obtained Relic","floor":22,"damage_taken":0}],"boss_relics":[{"not_picked":["Empty Cage","Pandora\u0027s Box"],"picked":"Ectoplasm"}],"items_purged_floors":[3],"is_endless":false,"potions_floor_spawned":[5,12,13,16,28,31],"killed_by":"Collector","ascension_level":0}