{"gold_per_floor":[216,216,166,166,179,205,205,217,293,309,336,336,366,419,419,516,516,528,603,603,548,548,548,80,131,131,131,64,81,81,100,100,196,196,206,110,1109,344,367,397,397,397,423,438,469,3,14,14,14,14],"floor_reached":50,"playtime":3417,"items_purged":["Fire Breathing+1","Reckless Charge+1","Strike_R"],"score":625,"play_id":"3a4ce179-b5e5-4965-9e8f-84b83eb6cef5","local_time":"20190528144541","is_ascension_mode":false,"campfire_choices":[{"data":"Wild Strike","floor":7,"key":"SMITH"},{"data":"True Grit","floor":15,"key":"SMITH"},{"data":"Armaments","floor":23,"key":"SMITH"},{"data":"Juggernaut","floor":27,"key":"SMITH"},{"floor":32,"key":"REST"},{"data":"Impervious","floor":42,"key":"SMITH"},{"data":"Dual Wield","floor":49,"key":"SMITH"}],"neow_cost":"NONE","seed_source_timestamp":1098106161356735,"circlet_count":0,"master_deck":["Strike_R","Strike_R","Defend_R","Defend_R","Defend_R","Defend_R","Bash+1","Disarm","Juggernaut+1","Pommel Strike+1","True Grit+1","Impervious+1","Armaments+1","Body Slam+1","Barricade","Entrench+1","Shrug It Off","Shrug It Off","Spot Weakness+1","Clothesline+1","Dual Wield+1"],"relics":["Burning Blood","Juzu Bracelet","Molten Egg 2","Bottled Tornado","Pocketwatch","Astrolabe","Tiny Chest","Dream Catcher","Matryoshka","Omamori","Bag of Preparation","PreservedInsect","Smiling Mask","Red Skull","Snecko Eye","HandDrill","Regal Pillow","Anchor","Happy Flower","Bottled Lightning","Bronze Scales","Lantern","Bottled Flame","Vajra"],"potions_floor_usage":[6,16,20,33,50,50],"damage_taken":[{"damage":14,"enemies":"Jaw Worm","floor":1,"turns":5},{"damage":10,"enemies":"Small Slimes","floor":5,"turns":6},{"damage":3,"enemies":"Gremlin Nob","floor":6,"turns":3},{"damage":0,"enemies":"2 Louse","floor":8,"turns":2},{"damage":8,"enemies":"2 Fungi Beasts","floor":10,"turns":4},{"damage":22,"enemies":"3 Sentries","floor":11,"turns":7},{"damage":31,"enemies":"Slime Boss","floor":16,"turns":8},{"damage":10,"enemies":"Spheric Guardian","floor":18,"turns":5},{"damage":20,"enemies":"Colosseum Slavers","floor":20,"turns":6},{"damage":8,"enemies":"Chosen","floor":29,"turns":6},{"damage":23,"enemies":"Centurion and Healer","floor":31,"turns":5},{"damage":57,"enemies":"Collector","floor":33,"turns":11},{"damage":0,"enemies":"3 Darklings","floor":35,"turns":8},{"damage":0,"enemies":"Nemesis","floor":40,"turns":3},{"damage":9,"enemies":"3 Shapes","floor":44,"turns":6},{"damage":0,"enemies":"Giant Head","floor":45,"turns":5},{"damage":0,"enemies":"Jaw Worm Horde","floor":47,"turns":4},{"damage":96,"enemies":"Donu and Deca","floor":50,"turns":6}],"seed_played":"-2219632040051394223","potions_obtained":[{"floor":1,"key":"Fire Potion"},{"floor":10,"key":"Energy Potion"},{"floor":16,"key":"PowerPotion"},{"floor":18,"key":"Strength Potion"},{"floor":40,"key":"SpeedPotion"},{"floor":47,"key":"Swift Potion"}],"is_trial":false,"path_per_floor":["M","?","?","T","M","E","R","M","T","M","E","?","?","?","R","B",null,"M","?","?","?","T","R","$","T","T","R","$","M","?","M","R","B",null,"M","$","?","$","T","E","?","R","T","M","E","$","M","?","R","B"],"character_chosen":"IRONCLAD","items_purchased":["Matryoshka","Omamori","Inflame","Shrug It Off","HandDrill","Regal Pillow","Anchor","Shrug It Off","GamblersBrew","Fire Potion","FearPotion","Bottled Flame","Vajra","Dual Wield"],"campfire_rested":1,"item_purchase_floors":[24,24,28,36,38,38,38,38,38,38,38,46,46,46],"current_hp_per_floor":[72,72,72,72,68,71,71,77,77,75,59,59,59,59,59,34,80,76,68,54,54,54,54,54,54,54,54,54,52,52,35,59,8,80,80,80,80,80,80,80,90,90,90,87,90,90,90,90,90,0],"gold":14,"neow_bonus":"HUNDRED_GOLD","is_prod":false,"is_daily":false,"chose_seed":false,"campfire_upgraded":6,"win_rate":0,"timestamp":1559069141,"path_taken":["M","?","?","?","M","E","R","M","T","M","E","?","?","?","R","BOSS","M","?","?","?","?","R","$","?","T","R","$","M","?","M","R","BOSS","M","$","?","$","?","E","?","R","T","M","E","?","M","?","R","BOSS"],"build_version":"2019-01-23","purchased_purges":3,"victory":false,"max_hp_per_floor":[80,80,80,80,80,80,80,80,80,80,80,80,80,80,80,80,80,80,80,80,80,80,80,80,80,80,80,80,80,80,80,80,80,80,80,80,80,80,80,80,90,90,90,90,90,90,90,90,90,90],"card_choices":[{"not_picked":["Pommel Strike","Sword Boomerang"],"picked":"Disarm","floor":1},{"not_picked":["Twin Strike","Flex","Wild Strike"],"picked":"SKIP","floor":5},{"not_picked":["Twin Strike","Flex"],"picked":"Wild Strike","floor":5},{"not_picked":["Flex","Hemokinesis"],"picked":"Juggernaut","floor":6},{"not_picked":["Second Wind","Wild Strike+1"],"picked":"Pommel Strike+1","floor":8},{"not_picked":["Headbutt+1","Anger+1"],"picked":"Perfected Strike+1","floor":10},{"not_picked":["Carnage+1","Flex"],"picked":"True Grit","floor":11},{"not_picked":["Juggernaut","Double Tap"],"picked":"Impervious","floor":16},{"not_picked":["True Grit","Rage"],"picked":"Armaments","floor":18},{"not_picked":["Whirlwind+1","Perfected Strike+1","Twin Strike+1"],"picked":"SKIP","floor":29},{"not_picked":["Rampage+1","Heavy Blade+1"],"picked":"Body Slam+1","floor":31},{"not_picked":["Offering","Impervious"],"picked":"Barricade","floor":33},{"not_picked":["Sword Boomerang+1","Perfected Strike+1"],"picked":"Entrench+1","floor":35},{"not_picked":["Rupture+1","Inflame","Cleave+1"],"picked":"SKIP","floor":40},{"not_picked":["Pummel+1","Twin Strike+1"],"picked":"Spot Weakness+1","floor":44},{"not_picked":["Burning Pact+1","Flex"],"picked":"Clothesline+1","floor":45},{"not_picked":["Searing Blow+1","Sword Boomerang+1","Anger+1"],"picked":"SKIP","floor":47}],"player_experience":29636,"relics_obtained":[{"floor":4,"key":"Juzu Bracelet"},{"floor":6,"key":"Molten Egg 2"},{"floor":9,"key":"Bottled Tornado"},{"floor":11,"key":"Pocketwatch"},{"floor":22,"key":"Dream Catcher"},{"floor":25,"key":"Bag of Preparation"},{"floor":25,"key":"PreservedInsect"},{"floor":26,"key":"Smiling Mask"},{"floor":26,"key":"Red Skull"},{"floor":39,"key":"Happy Flower"},{"floor":40,"key":"Bottled Lightning"},{"floor":43,"key":"Bronze Scales"},{"floor":45,"key":"Lantern"}],"event_choices":[{"damage_healed":0,"gold_gain":0,"player_choice":"Grow","damage_taken":0,"max_hp_gain":0,"max_hp_loss":0,"event_name":"Living Wall","floor":2,"gold_loss":0,"cards_upgraded":["Bash"]},{"cards_removed":["Strike_R"],"damage_healed":0,"gold_gain":0,"player_choice":"Card Removal","damage_taken":0,"max_hp_gain":0,"max_hp_loss":0,"event_name":"The Cleric","floor":3,"gold_loss":50},{"damage_healed":0,"gold_gain":0,"player_choice":"Ignored","damage_taken":0,"max_hp_gain":0,"max_hp_loss":0,"event_name":"Liars Game","floor":12,"gold_loss":0},{"damage_healed":0,"gold_gain":30,"player_choice":"Searched \u00271\u0027 times","damage_taken":0,"max_hp_gain":0,"max_hp_loss":0,"event_name":"Dead Adventurer","floor":13,"gold_loss":0},{"damage_healed":0,"gold_gain":53,"player_choice":"Gained Gold","damage_taken":0,"max_hp_gain":0,"max_hp_loss":0,"event_name":"Golden Wing","floor":14,"gold_loss":0},{"damage_healed":0,"gold_gain":75,"player_choice":"Touch","damage_taken":8,"max_hp_gain":0,"max_hp_loss":0,"event_name":"FaceTrader","floor":19,"gold_loss":0},{"damage_healed":0,"gold_gain":0,"player_choice":"Fight","damage_taken":0,"max_hp_gain":0,"max_hp_loss":0,"event_name":"Colosseum","floor":20,"gold_loss":0},{"damage_healed":0,"gold_gain":0,"player_choice":"Fled From Nobs","damage_taken":0,"max_hp_gain":0,"max_hp_loss":0,"event_name":"Colosseum","floor":20,"gold_loss":0},{"damage_healed":0,"gold_gain":0,"player_choice":"Obtained Relic","damage_taken":0,"relics_obtained":["Tiny Chest"],"max_hp_gain":0,"max_hp_loss":0,"event_name":"Addict","floor":21,"gold_loss":85},{"damage_healed":0,"gold_gain":0,"player_choice":"Ignored","damage_taken":0,"max_hp_gain":0,"max_hp_loss":0,"event_name":"Ghosts","floor":30,"gold_loss":0},{"damage_healed":0,"gold_gain":999,"player_choice":"Gold","damage_taken":0,"max_hp_gain":0,"max_hp_loss":0,"event_name":"MindBloom","floor":37,"gold_loss":0,"cards_obtained":["Normality","Normality"]},{"cards_removed":["Double Tap"],"damage_healed":0,"gold_gain":0,"player_choice":"Offered Rare","damage_taken":0,"max_hp_gain":10,"max_hp_loss":0,"event_name":"Bonfire Elementals","floor":41,"gold_loss":0},{"cards_removed":["Inflame"],"damage_healed":0,"gold_gain":0,"player_choice":"Removed Power","damage_taken":0,"max_hp_gain":0,"max_hp_loss":0,"event_name":"Falling","floor":48,"gold_loss":0}],"is_beta":false,"boss_relics":[{"not_picked":["Busted Crown","Tiny House"],"picked":"Astrolabe"},{"not_picked":["Philosopher\u0027s Stone","Black Star"],"picked":"Snecko Eye"}],"items_purged_floors":[24,36,38],"is_endless":false,"potions_floor_spawned":[1,10,16,18,40,47],"killed_by":"Donu and Deca","ascension_level":0}