{"gold_per_floor":[118,43,19,32,32,32,52,52,52,52,84,84,84,94,94,94],"floor_reached":16,"playtime":266,"items_purged":[],"score":171,"play_id":"6f569755-24c2-4e68-a13a-b1ff3d654d6f","local_time":"20180712195646","is_ascension_mode":true,"campfire_choices":[{"data":"Disarm","floor":6,"key":"SMITH"},{"data":"Perfected Strike","floor":8,"key":"SMITH"},{"data":"Bash","floor":10,"key":"SMITH"},{"data":"Flame Barrier","floor":15,"key":"SMITH"}],"neow_cost":"NONE","seed_source_timestamp":240363621004451,"circlet_count":0,"master_deck":["Strike_R","Strike_R","Strike_R","Strike_R","Strike_R","Defend_R","Defend_R","Defend_R","Defend_R","Bash+1","AscendersBane","Writhe","Perfected Strike+1","Shrug It Off","Disarm+1","Disarm+1","Flame Barrier+1"],"relics":["Calling Bell","Blood Vial","Meat on the Bone","Gambling Chip","Spirit Poop","Boot","Magic Flower"],"potions_floor_usage":[11],"damage_taken":[{"damage":5,"enemies":"2 Louse","floor":1,"turns":3},{"damage":14,"enemies":"Small Slimes","floor":4,"turns":4},{"damage":7,"enemies":"Jaw Worm","floor":7,"turns":3},{"damage":8,"enemies":"Gremlin Nob","floor":11,"turns":3},{"damage":0,"enemies":"Exordium Thugs","floor":14,"turns":5},{"damage":7,"enemies":"Hexaghost","floor":16,"turns":6}],"seed_played":"-2003750729135129955","potions_obtained":[{"floor":7,"key":"Swift Potion"}],"is_trial":false,"path_per_floor":["M","?","$","M","?","R","M","R","T","R","E","?","?","M","R"],"character_chosen":"IRONCLAD","items_purchased":["Shrug It Off"],"campfire_rested":0,"item_purchase_floors":[3],"current_hp_per_floor":[65,65,65,53,53,53,48,48,48,48,42,42,42,45,45,41],"gold":94,"neow_bonus":"BOSS_RELIC","is_prod":false,"is_daily":false,"chose_seed":false,"campfire_upgraded":4,"win_rate":0,"timestamp":1531450606,"path_taken":["M","?","$","M","?","R","M","R","T","R","E","?","?","M","R","BOSS"],"build_version":"2018-07-12","purchased_purges":0,"victory":false,"max_hp_per_floor":[75,75,75,75,75,75,75,75,75,75,75,75,75,75,75,75],"card_choices":[{"not_picked":["Clothesline","Body Slam"],"picked":"Perfected Strike","floor":1},{"not_picked":["Corruption","Sword Boomerang"],"picked":"Disarm","floor":4},{"not_picked":["Iron Wave","Ghostly Armor"],"picked":"Disarm","floor":11},{"not_picked":["Heavy Blade","Fire Breathing"],"picked":"Flame Barrier","floor":14}],"player_experience":614407,"relics_obtained":[{"floor":0,"key":"Blood Vial"},{"floor":0,"key":"Meat on the Bone"},{"floor":0,"key":"Gambling Chip"},{"floor":9,"key":"Boot"},{"floor":11,"key":"Magic Flower"}],"event_choices":[{"event_name":"The Cleric","player_choice":"Card Removal","floor":2,"damage_taken":0},{"event_name":"Bonfire Elementals","player_choice":"CURSE","floor":5,"damage_taken":0},{"event_name":"Liars Game","player_choice":"disagreed","floor":12,"damage_taken":0},{"event_name":"Accursed Blacksmith","player_choice":"Forge","floor":13,"damage_taken":0}],"boss_relics":[],"items_purged_floors":[],"is_endless":false,"potions_floor_spawned":[7],"killed_by":"Hexaghost","ascension_level":15}