{"gold_per_floor":[114,129,54,54,54,83,83,114,138,148,148,167,199,212,212,317,317,339,371,400,432,444,489,501,546,611,658,687,716,728,740,752,869,881,911,923,327,342,354,354,354,374,374,390,406,146,146,163,163,163],"floor_reached":51,"playtime":2743,"items_purged":["Bash","Strike_R","Strike_R"],"score":870,"play_id":"5cdbf41a-42c4-4473-8491-47981f9fa487","local_time":"20190720233650","is_ascension_mode":true,"campfire_choices":[{"data":"Flame Barrier","floor":7.0,"key":"SMITH"},{"data":"Armaments","floor":11.0,"key":"SMITH"},{"data":"Body Slam","floor":15.0,"key":"SMITH"},{"floor":24,"key":"REST"},{"data":"Corruption","floor":30,"key":"SMITH"},{"data":"Shrug It Off","floor":32,"key":"SMITH"},{"data":"Feel No Pain","floor":40,"key":"SMITH"},{"data":"Inflame","floor":47,"key":"SMITH"},{"floor":49,"key":"REST"}],"neow_cost":"NONE","seed_source_timestamp":0,"circlet_count":0,"master_deck":["Strike_R","Strike_R","Defend_R","Defend_R","Defend_R","Defend_R","Flame Barrier+1","Armaments+1","Thunderclap","Body Slam+1","Inflame+1","Corruption+1","Iron Wave","Impervious","Doubt","Shrug It Off+1","Shrug It Off","Exhume","Cleave","Battle Trance+1","Feel No Pain+1","Flame Barrier+1","Iron Wave+1","Offering+1","True Grit+1","Finesse+1","Rampage","Secret Technique+1","Ghostly Armor+1","Shrug It Off+1"],"special_seed":0,"relics":["Burning Blood","NeowsBlessing","Smiling Mask","Bag of Marbles","Meat on the Bone","Omamori","Letter Opener","Calling Bell","MawBank","Kunai","Ice Cream","Toxic Egg 2","Regal Pillow","Happy Flower","Pen Nib","Lizard Tail","Blood Vial","Anchor","Darkstone Periapt","Bronze Scales"],"potions_floor_usage":[23,23,33,48,50,50,50],"damage_taken":[{"damage":0.0,"enemies":"Cultist","floor":1.0,"turns":1.0},{"damage":0.0,"enemies":"Small Slimes","floor":2.0,"turns":1.0},{"damage":0.0,"enemies":"3 Sentries","floor":6.0,"turns":2.0},{"damage":29.0,"enemies":"Lagavulin","floor":8.0,"turns":9.0},{"damage":4.0,"enemies":"Jaw Worm","floor":10.0,"turns":4.0},{"damage":0.0,"enemies":"3 Louse","floor":12.0,"turns":3.0},{"damage":9.0,"enemies":"Gremlin Nob","floor":13.0,"turns":5.0},{"damage":0.0,"enemies":"Looter","floor":14.0,"turns":2.0},{"damage":52.0,"enemies":"The Guardian","floor":16.0,"turns":12.0},{"damage":17.0,"enemies":"3 Byrds","floor":18.0,"turns":7.0},{"damage":4.0,"enemies":"Spheric Guardian","floor":19.0,"turns":5.0},{"damage":11.0,"enemies":"Cultist and Chosen","floor":20.0,"turns":7.0},{"damage":37.0,"enemies":"Centurion and Healer","floor":21.0,"turns":11.0},{"damage":26,"enemies":"Gremlin Leader","floor":23,"turns":7},{"damage":47,"enemies":"Slavers","floor":25,"turns":7},{"damage":20,"enemies":"Book of Stabbing","floor":27,"turns":5},{"damage":0,"enemies":"Shelled Parasite and Fungi","floor":28,"turns":6},{"damage":0,"enemies":"Snecko","floor":29,"turns":3},{"damage":27,"enemies":"Champ","floor":33,"turns":13},{"damage":11,"enemies":"3 Shapes","floor":35,"turns":4},{"damage":27,"enemies":"Orb Walker","floor":38,"turns":6},{"damage":6,"enemies":"Spire Growth","floor":39,"turns":4},{"damage":8,"enemies":"Transient","floor":42,"turns":5},{"damage":1,"enemies":"4 Shapes","floor":44,"turns":7},{"damage":6,"enemies":"Sphere and 2 Shapes","floor":45,"turns":4},{"damage":19,"enemies":"Transient","floor":48,"turns":5},{"damage":9,"enemies":"Time Eater","floor":50,"turns":4}],"seed_played":"3497686519614951541","potions_obtained":[{"floor":1.0,"key":"SpeedPotion"},{"floor":2.0,"key":"Fire Potion"},{"floor":8.0,"key":"Block Potion"},{"floor":10.0,"key":"Weak Potion"},{"floor":13.0,"key":"GamblersBrew"},{"floor":18.0,"key":"EssenceOfSteel"},{"floor":25,"key":"GamblersBrew"},{"floor":27,"key":"Poison Potion"},{"floor":28,"key":"Dexterity Potion"},{"floor":29,"key":"PowerPotion"},{"floor":33,"key":"Block Potion"},{"floor":42,"key":"PowerPotion"},{"floor":48,"key":"PowerPotion"}],"is_trial":false,"path_per_floor":["M","M","$","?","?","E","R","E","T","M","R","M","E","M","R","B",null,"M","M","M","M","?","E","R","E","T","E","M","M","R","?","R","B",null,"M","?","$","M","M","R","?","M","T","M","M","$","R","M","R","B",null],"character_chosen":"IRONCLAD","items_purchased":["Blood Vial","Anchor","Rampage","Secret Technique+1","Shrug It Off+1","Bronze Scales"],"campfire_rested":2,"item_purchase_floors":[37,37,37,37,46,46],"current_hp_per_floor":[80,80,80,55,80,80,80,57,57,59,59,65,62,68,68,34,80,69,71,66,47,47,39,63,34,34,32,50,56,56,56,56,47,80,75,75,75,56,58,58,58,58,58,65,67,67,67,56,80,77],"gold":163,"neow_bonus":"THREE_ENEMY_KILL","is_prod":false,"is_daily":false,"chose_seed":false,"campfire_upgraded":7,"win_rate":0,"timestamp":1563633410,"path_taken":["M","?","$","?","?","E","R","E","T","M","R","M","E","M","R","BOSS","M","M","M","M","?","E","R","E","T","E","M","M","R","?","R","BOSS","M","?","?","?","M","R","?","M","T","M","M","$","R","M","R","BOSS"],"build_version":"2019-07-17","purchased_purges":3,"victory":true,"max_hp_per_floor":[80,80,80,80,80,80,80,80,80,80,80,80,80,80,80,80,80,80,80,80,80,80,80,80,80,80,80,80,80,80,80,80,80,80,80,80,80,80,80,80,80,80,80,80,80,80,80,80,80,80],"card_choices":[{"not_picked":["Second Wind","Battle Trance"],"picked":"Flame Barrier","floor":1.0},{"not_picked":["Body Slam","Uppercut"],"picked":"Armaments","floor":2.0},{"not_picked":["Armaments","Hemokinesis"],"picked":"Thunderclap","floor":6.0},{"not_picked":["Sword Boomerang","Havoc"],"picked":"Body Slam","floor":8.0},{"not_picked":["Fire Breathing","Clothesline"],"picked":"Inflame","floor":10.0},{"not_picked":["Berserk","Infernal Blade"],"picked":"Corruption","floor":12.0},{"not_picked":["Spot Weakness","Rage","Clash"],"picked":"SKIP","floor":13.0},{"not_picked":["Armaments","Clothesline"],"picked":"Iron Wave","floor":14.0},{"not_picked":["Berserk","Reaper"],"picked":"Impervious","floor":16.0},{"not_picked":["Headbutt","Body Slam"],"picked":"Sword Boomerang+1","floor":18.0},{"not_picked":["Twin Strike","Heavy Blade"],"picked":"Shrug It Off","floor":19.0},{"not_picked":["Headbutt","Metallicize"],"picked":"Shrug It Off","floor":20.0},{"not_picked":["Heavy Blade","Havoc"],"picked":"Exhume","floor":21.0},{"not_picked":["Wild Strike","Shrug It Off+1"],"picked":"Battle Trance+1","floor":23},{"not_picked":["Sword Boomerang","Cleave"],"picked":"Feel No Pain","floor":25},{"not_picked":["Immolate","Dual Wield+1"],"picked":"Flame Barrier+1","floor":27},{"not_picked":["Rupture","Pommel Strike"],"picked":"Iron Wave+1","floor":28},{"not_picked":["Sword Boomerang","Warcry+1","Spot Weakness+1"],"picked":"SKIP","floor":29},{"not_picked":["Fiend Fire","Demon Form"],"picked":"Offering+1","floor":33},{"not_picked":["Uppercut+1","Anger"],"picked":"True Grit+1","floor":35},{"not_picked":["Enlightenment+1","PanicButton+1"],"picked":"Finesse+1","floor":36},{"not_picked":["Thunderclap+1","Reckless Charge","Clothesline"],"picked":"SKIP","floor":38},{"not_picked":["Anger+1","Pommel Strike+1"],"picked":"Ghostly Armor+1","floor":39},{"not_picked":["Headbutt+1","Uppercut+1","Pommel Strike+1"],"picked":"SKIP","floor":42},{"not_picked":["Infernal Blade+1","Wild Strike+1","Thunderclap+1"],"picked":"SKIP","floor":44},{"not_picked":["Heavy Blade+1","Clothesline+1","Headbutt"],"picked":"SKIP","floor":45},{"not_picked":["Heavy Blade","Armaments+1","Bludgeon"],"picked":"SKIP","floor":48}],"player_experience":110794,"relics_obtained":[{"floor":6.0,"key":"Bag of Marbles"},{"floor":8.0,"key":"Meat on the Bone"},{"floor":9.0,"key":"Omamori"},{"floor":13.0,"key":"Letter Opener"},{"floor":17.0,"key":"MawBank"},{"floor":17.0,"key":"Kunai"},{"floor":17.0,"key":"Ice Cream"},{"floor":23,"key":"Toxic Egg 2"},{"floor":25,"key":"Regal Pillow"},{"floor":26,"key":"Happy Flower"},{"floor":27,"key":"Pen Nib"},{"floor":43,"key":"Darkstone Periapt"}],"event_choices":[{"damage_healed":0.0,"max_hp_gain":0.0,"max_hp_loss":0.0,"gold_gain":0.0,"event_name":"Scrap Ooze","player_choice":"Success","floor":4.0,"gold_loss":0.0,"damage_taken":25.0,"relics_obtained":["Smiling Mask"]},{"damage_healed":26.0,"max_hp_gain":0.0,"max_hp_loss":0.0,"gold_gain":0.0,"event_name":"Big Fish","player_choice":"Banana","floor":5.0,"gold_loss":0.0,"damage_taken":0.0},{"damage_healed":0,"gold_gain":0,"player_choice":"Read","damage_taken":0,"max_hp_gain":0,"max_hp_loss":0,"event_name":"The Library","floor":22,"gold_loss":0,"cards_obtained":["Cleave"]},{"cards_removed":["Strike_R"],"damage_healed":0,"gold_gain":0,"player_choice":"Elegance","damage_taken":0,"max_hp_gain":0,"max_hp_loss":0,"event_name":"Back to Basics","floor":31,"gold_loss":0},{"damage_healed":0,"gold_gain":0,"player_choice":"Memory 1","damage_taken":0,"max_hp_gain":0,"max_hp_loss":0,"event_name":"SensoryStone","floor":36,"gold_loss":0},{"cards_removed":["Sword Boomerang"],"damage_healed":0,"gold_gain":0,"player_choice":"Removed Attack","damage_taken":0,"max_hp_gain":0,"max_hp_loss":0,"event_name":"Falling","floor":41,"gold_loss":0}],"is_beta":false,"boss_relics":[{"not_picked":["Black Blood","Pandora\u0027s Box"],"picked":"Calling Bell"},{"not_picked":["Astrolabe","Snecko Eye"],"picked":"Lizard Tail"}],"items_purged_floors":[3,37,46],"is_endless":false,"potions_floor_spawned":[1,2,8,10,13,18,25,27,28,29,33,35,42,48],"ascension_level":1}