{"gold_per_floor":[114,39,54,54,106,106,139,139,139,172,222,242,242,274,274,346,346,360,38,55,55,55,84,100,135,135,153,171,171,171,17,17,94,94,110,130,130,148,148,148,167,194,219,41,53,53,84,101,101,101,101,101,101,1,31,31],"floor_reached":57,"playtime":3997,"items_purged":["Strike_B","Strike_B"],"score":3286,"play_id":"73905ce2-08bc-42ac-9ae3-501385386e5a","local_time":"20190315141739","is_ascension_mode":true,"campfire_choices":[{"data":"Ball Lightning","floor":6.0,"key":"SMITH"},{"floor":8.0,"key":"REST"},{"floor":13.0,"key":"REST"},{"data":"Hologram","floor":15.0,"key":"SMITH"},{"floor":30.0,"key":"REST"},{"floor":32.0,"key":"REST"},{"floor":40,"key":"RECALL"},{"floor":46,"key":"REST"},{"floor":49,"key":"REST"},{"floor":53,"key":"REST"}],"neow_cost":"NONE","seed_source_timestamp":524331029084,"circlet_count":0,"master_deck":["AscendersBane","Strike_B","Defend_B","Defend_B","Defend_B","Defend_B","Zap","Dualcast","Rebound","Ball Lightning+1","Leap","Recycle","Creative AI","All For One","Hologram+1","Thunder Strike","All For One","Cold Snap","Glacier","Force Field","Glacier","Reinforced Body","White Noise","Hologram","Buffer","Hello World","Ball Lightning+1","Echo Form","Hologram+1","Hologram","Madness","Madness","Glacier","Hologram+1","Force Field","Echo Form","Hello World+1","Sunder","Hologram","Hologram","Force Field"],"special_seed":0,"relics":["Snecko Eye","Bag of Preparation","Letter Opener","Question Card","Cables","Mercury Hourglass","Fusion Hammer","Bird Faced Urn","Anchor","FossilizedHelix","Dream Catcher","Eternal Feather","Thread and Needle","Pocketwatch","Happy Flower"],"potions_floor_usage":[42,55,56],"damage_taken":[{"damage":4.0,"enemies":"2 Louse","floor":1.0,"turns":3.0},{"damage":14.0,"enemies":"Jaw Worm","floor":3.0,"turns":4.0},{"damage":44.0,"enemies":"Gremlin Nob","floor":7.0,"turns":4.0},{"damage":8.0,"enemies":"Lagavulin","floor":10.0,"turns":6.0},{"damage":0.0,"enemies":"Cultist","floor":12.0,"turns":3.0},{"damage":10.0,"enemies":"3 Sentries","floor":14.0,"turns":7.0},{"damage":0.0,"enemies":"Hexaghost","floor":16.0,"turns":2.0},{"damage":6.0,"enemies":"2 Thieves","floor":18.0,"turns":2.0},{"damage":0.0,"enemies":"Shell Parasite","floor":20.0,"turns":2.0},{"damage":7.0,"enemies":"Book of Stabbing","floor":23.0,"turns":6.0},{"damage":0.0,"enemies":"Snecko","floor":24.0,"turns":5.0},{"damage":5.0,"enemies":"Gremlin Leader","floor":25.0,"turns":5.0},{"damage":0.0,"enemies":"Shelled Parasite and Fungi","floor":27.0,"turns":1.0},{"damage":0.0,"enemies":"Chosen and Byrds","floor":28.0,"turns":3.0},{"damage":0.0,"enemies":"Champ","floor":33.0,"turns":8.0},{"damage":14,"enemies":"3 Darklings","floor":35,"turns":3},{"damage":0,"enemies":"Orb Walker","floor":36,"turns":4},{"damage":0,"enemies":"4 Shapes","floor":38,"turns":4},{"damage":0,"enemies":"Writhing Mass","floor":41,"turns":7},{"damage":0,"enemies":"Reptomancer","floor":42,"turns":6},{"damage":0,"enemies":"Jaw Worm Horde","floor":45,"turns":4},{"damage":0,"enemies":"Nemesis","floor":47,"turns":7},{"damage":0,"enemies":"3 Darklings","floor":48,"turns":4},{"damage":0,"enemies":"Donu and Deca","floor":50,"turns":3},{"damage":0,"enemies":"Time Eater","floor":51,"turns":17},{"damage":0,"enemies":"Shield and Spear","floor":55,"turns":9},{"damage":0,"enemies":"The Heart","floor":56,"turns":11}],"seed_played":"5577834371911931281","potions_obtained":[{"floor":7.0,"key":"FearPotion"},{"floor":10.0,"key":"Ancient Potion"},{"floor":12.0,"key":"SpeedPotion"},{"floor":16.0,"key":"Weak Potion"},{"floor":20.0,"key":"EssenceOfSteel"},{"floor":27.0,"key":"PowerPotion"},{"floor":33.0,"key":"FocusPotion"},{"floor":45,"key":"Explosive Potion"}],"is_trial":false,"path_per_floor":["M","$","M","?","T","R","E","R","T","E","?","M","R","E","R","B",null,"M","$","M","?","?","E","M","E","T","M","M","?","R","$","R","B",null,"M","M","?","M","?","R","M","E","T","$","M","R","E","M","R","B","B",null,"R","$","E","B",null],"character_chosen":"DEFECT","items_purchased":["Ball Lightning","Leap","Bird Faced Urn","Hello World","Echo Form"],"campfire_rested":7,"item_purchase_floors":[2,2,19,31,44],"current_hp_per_floor":[60,60,46,46,46,46,2,23,23,15,15,15,36,26,26,26,60,54,54,54,54,71,66,68,68,68,68,68,68,71,71,71,71,71,57,63,50,54,54,71,71,71,71,71,71,71,71,71,71,71,71,71,71,71,71,71],"gold":31,"neow_bonus":"BOSS_RELIC","is_prod":false,"is_daily":false,"chose_seed":false,"campfire_upgraded":2,"win_rate":0,"timestamp":1552684659,"path_taken":["M","$","M","?","?","R","E","R","T","E","?","M","R","E","R","BOSS","M","$","?","?","?","E","?","E","T","M","M","?","R","$","R","BOSS","M","?","?","M","?","R","M","E","T","$","M","R","E","M","R","BOSS","BOSS","R","$","E","BOSS"],"build_version":"2019-02-06","purchased_purges":2,"victory":true,"max_hp_per_floor":[71,71,71,71,71,71,71,71,71,71,71,71,71,71,71,71,71,71,71,71,71,71,71,71,71,71,71,71,71,71,71,71,71,71,71,71,71,71,71,71,71,71,71,71,71,71,71,71,71,71,71,71,71,71,71,71],"card_choices":[{"not_picked":["Beam Cell","Stack"],"picked":"Rebound","floor":1.0},{"not_picked":["Barrage","Coolheaded"],"picked":"Recycle","floor":3.0},{"not_picked":["FTL","Cold Snap"],"picked":"Creative AI","floor":7.0},{"not_picked":["Steam Power","Static Discharge","Sunder"],"picked":"All For One","floor":10.0},{"not_picked":["Compile Driver","Genetic Algorithm","Sweeping Beam"],"picked":"Hologram","floor":12.0},{"not_picked":["Rebound","Chaos","Beam Cell"],"picked":"Thunder Strike","floor":14.0},{"not_picked":["Buffer","Seek","Reboot"],"picked":"All For One","floor":16.0},{"not_picked":["Gash","Stack","BootSequence"],"picked":"Cold Snap","floor":18.0},{"not_picked":["Go for the Eyes","Rip and Tear","FTL"],"picked":"Glacier","floor":20.0},{"not_picked":["Darkness","White Noise","Reprogram"],"picked":"Force Field","floor":23.0},{"not_picked":["Stack+1","Beam Cell","Biased Cognition"],"picked":"Glacier","floor":24.0},{"not_picked":["Tempest","Loop","Gash"],"picked":"Reinforced Body","floor":25.0},{"not_picked":["Streamline","Ball Lightning","Barrage"],"picked":"White Noise","floor":27.0},{"not_picked":["Stack","Storm","Go for the Eyes"],"picked":"Hologram","floor":28.0},{"not_picked":["Skim","Go for the Eyes","Gash"],"picked":"Buffer","floor":30.0},{"not_picked":["Leap","Steam","Turbo"],"picked":"Ball Lightning+1","floor":32.0},{"not_picked":["Thunder Strike","Biased Cognition","Multi-Cast"],"picked":"Echo Form","floor":33.0},{"not_picked":["Turbo","Compile Driver+1","Stack+1"],"picked":"Hologram+1","floor":35},{"not_picked":["Leap","Scrape","Ball Lightning"],"picked":"Hologram","floor":36},{"not_picked":["Gash","Reprogram+1","Hello World+1"],"picked":"Glacier","floor":38},{"not_picked":["Sweeping Beam","Steam Power+1","Beam Cell"],"picked":"Hologram+1","floor":41},{"not_picked":["Melter+1","Genetic Algorithm","Conserve Battery"],"picked":"Force Field","floor":42},{"not_picked":["Streamline+1","Fission","Melter+1"],"picked":"Hello World+1","floor":45},{"not_picked":["Self Repair","Steam+1","Hologram"],"picked":"Sunder","floor":46},{"not_picked":["Force Field","Barrage","Scrape"],"picked":"Hologram","floor":47},{"not_picked":["Fusion","Go for the Eyes","Redo+1"],"picked":"Hologram","floor":48},{"not_picked":["Thunder Strike","Barrage+1","Leap+1"],"picked":"Force Field","floor":49},{"not_picked":["Cold Snap","Melter","Hyperbeam","Heatsinks"],"picked":"SKIP","floor":55}],"player_experience":1299090,"relics_obtained":[{"floor":5.0,"key":"Bag of Preparation"},{"floor":7.0,"key":"Letter Opener"},{"floor":9.0,"key":"Question Card"},{"floor":10.0,"key":"Cables"},{"floor":14.0,"key":"Mercury Hourglass"},{"floor":23.0,"key":"Anchor"},{"floor":25.0,"key":"FossilizedHelix"},{"floor":26.0,"key":"Dream Catcher"},{"floor":42,"key":"Thread and Needle"},{"floor":47,"key":"Pocketwatch"},{"floor":55,"key":"Happy Flower"}],"event_choices":[{"damage_healed":0.0,"max_hp_gain":0.0,"max_hp_loss":0.0,"gold_gain":0.0,"event_name":"Shining Light","player_choice":"Ignored","floor":4.0,"gold_loss":0.0,"damage_taken":0.0},{"damage_healed":0.0,"max_hp_gain":0.0,"max_hp_loss":0.0,"gold_gain":50.0,"event_name":"Golden Shrine","player_choice":"Pray","floor":11.0,"gold_loss":0.0,"damage_taken":0.0},{"damage_healed":0.0,"max_hp_gain":0.0,"max_hp_loss":0.0,"gold_gain":0.0,"event_name":"Ghosts","player_choice":"Ignored","floor":21.0,"gold_loss":0.0,"damage_taken":0.0},{"damage_healed":17.0,"max_hp_gain":0.0,"max_hp_loss":0.0,"gold_gain":0.0,"event_name":"Wheel of Change","player_choice":"Full Heal","floor":22.0,"gold_loss":0.0,"damage_taken":0.0},{"damage_healed":0.0,"max_hp_gain":0.0,"max_hp_loss":0.0,"gold_gain":0.0,"cards_transformed":["Strike_B"],"event_name":"Transmorgrifier","player_choice":"Transformed","floor":29.0,"gold_loss":0.0,"damage_taken":0.0,"cards_obtained":["Reinforced Body"]},{"damage_healed":0,"gold_gain":0,"player_choice":"Embrace Madness","damage_taken":13,"max_hp_gain":0,"max_hp_loss":0,"event_name":"Winding Halls","floor":37,"gold_loss":0,"cards_obtained":["Madness","Madness"]},{"cards_removed":["Reinforced Body"],"damage_healed":0,"gold_gain":0,"player_choice":"Removed Skill","damage_taken":0,"max_hp_gain":0,"max_hp_loss":0,"event_name":"Falling","floor":39,"gold_loss":0}],"is_beta":true,"boss_relics":[{"not_picked":["Orrery","Pandora\u0027s Box"],"picked":"Fusion Hammer"},{"not_picked":["Calling Bell","Velvet Choker"],"picked":"Eternal Feather"}],"items_purged_floors":[31,54],"is_endless":false,"potions_floor_spawned":[7,10,12,16,20,27,33,35,36,41,45],"ascension_level":20}