{"gold_per_floor":[111,130,141,316,316,316,37,56,83,95,113,113,113,147,159,270,282,308,235,247,269,298,310,349,361,396,22,121,141,141,152,152,249,249,263,363,381,398,127,127,127,127,127,142,142,156,166,179,179,179],"floor_reached":51,"playtime":2793,"items_purged":["Doubt","Strike_B"],"score":1189,"play_id":"407c7c42-d89e-4b9a-9dd2-53524588b8f1","local_time":"20190817184605","is_ascension_mode":true,"campfire_choices":[{"data":"Zap","floor":6,"key":"SMITH"},{"data":"Sunder","floor":12,"key":"SMITH"},{"data":"Go for the Eyes","floor":15,"key":"SMITH"},{"floor":23,"key":"REST"},{"floor":25,"key":"REST"},{"floor":32,"key":"REST"},{"floor":40,"key":"REST"},{"data":"Seek","floor":42,"key":"SMITH"},{"data":"Defragment","floor":45,"key":"SMITH"},{"floor":49,"key":"REST"}],"neow_cost":"NONE","seed_source_timestamp":162507581702200,"circlet_count":0,"master_deck":["AscendersBane","Strike_B","Defend_B","Defend_B","Defend_B","Defend_B","Zap+1","Dualcast","White Noise+1","Loop","BootSequence","Capacitor","Sunder+1","Coolheaded","Cold Snap","Go for the Eyes+1","Buffer","Steam","Seek+1","Cold Snap","Streamline","Defragment+1","Apotheosis","Conserve Battery","Compile Driver","Echo Form","Leap+1","White Noise","Leap","Sunder","Parasite","Conserve Battery+1","Streamline","Barrage"],"relics":["Cracked Core","NeowsBlessing","Smiling Mask","MawBank","Snecko Eye","Potion Belt","Pocketwatch","Anchor","Blood Vial","Lizard Tail","Juzu Bracelet","Letter Opener"],"potions_floor_usage":[14,16,24,31,33,44,44,48,48,50,50],"damage_taken":[{"damage":0,"enemies":"Cultist","floor":1,"turns":1},{"damage":0,"enemies":"Small Slimes","floor":2,"turns":1},{"damage":0,"enemies":"2 Louse","floor":3,"turns":1},{"damage":9,"enemies":"Gremlin Gang","floor":8,"turns":5},{"damage":0,"enemies":"2 Fungi Beasts","floor":10,"turns":2},{"damage":2,"enemies":"Looter","floor":11,"turns":4},{"damage":0,"enemies":"Lagavulin","floor":14,"turns":7},{"damage":0,"enemies":"Hexaghost","floor":16,"turns":11},{"damage":3,"enemies":"Chosen","floor":18,"turns":4},{"damage":13,"enemies":"Spheric Guardian","floor":21,"turns":4},{"damage":36,"enemies":"Cultist and Chosen","floor":22,"turns":8},{"damage":38,"enemies":"Gremlin Leader","floor":24,"turns":9},{"damage":0,"enemies":"Centurion and Healer","floor":29,"turns":6},{"damage":0,"enemies":"3 Cultists","floor":31,"turns":6},{"damage":35,"enemies":"Collector","floor":33,"turns":12},{"damage":0,"enemies":"Orb Walker","floor":35,"turns":4},{"damage":21,"enemies":"3 Darklings","floor":37,"turns":7},{"damage":0,"enemies":"Maw","floor":38,"turns":8},{"damage":0,"enemies":"Writhing Mass","floor":44,"turns":7},{"damage":2,"enemies":"Transient","floor":46,"turns":5},{"damage":0,"enemies":"Maw","floor":47,"turns":7},{"damage":43,"enemies":"Writhing Mass","floor":48,"turns":6},{"damage":66,"enemies":"Awakened One","floor":50,"turns":22}],"seed_played":"7214198852441986832","potions_obtained":[{"floor":8,"key":"Regen Potion"},{"floor":10,"key":"Block Potion"},{"floor":11,"key":"Fire Potion"},{"floor":18,"key":"Ancient Potion"},{"floor":21,"key":"SteroidPotion"},{"floor":29,"key":"Block Potion"},{"floor":31,"key":"GamblersBrew"},{"floor":33,"key":"Swift Potion"},{"floor":37,"key":"Block Potion"},{"floor":38,"key":"Poison Potion"},{"floor":46,"key":"Fire Potion"},{"floor":48,"key":"Strength Potion"}],"is_trial":false,"path_per_floor":["M","M","M","?","?","R","$","M","T","M","M","R","?","E","R","B",null,"M","?","?","M","M","R","E","R","T","$","?","M","?","M","R","B",null,"M","?","M","M","$","R","?","R","T","M","R","M","M","M","R","B",null],"character_chosen":"DEFECT","items_purchased":["Capacitor","Sunder","Coolheaded","Apotheosis","Blood Vial","Conserve Battery","Sunder","Juzu Bracelet"],"campfire_rested":5,"item_purchase_floors":[7,7,7,27,27,27,39,39],"current_hp_per_floor":[68,68,68,68,68,68,68,59,59,59,57,57,50,50,50,50,69,66,66,66,53,17,39,1,23,23,23,23,25,25,27,49,16,60,62,62,43,45,45,67,67,67,67,69,69,69,71,30,52,37],"gold":179,"neow_bonus":"THREE_ENEMY_KILL","is_prod":false,"is_daily":false,"chose_seed":false,"campfire_upgraded":5,"win_rate":0,"timestamp":1566035165,"path_taken":["M","M","?","?","?","R","$","M","T","M","?","R","?","E","R","BOSS","M","?","?","M","M","R","E","R","T","?","?","M","?","?","R","BOSS","M","?","?","M","?","R","?","R","T","M","R","M","M","M","R","BOSS"],"build_version":"2019-07-17","purchased_purges":2,"victory":true,"max_hp_per_floor":[75,75,75,75,75,75,75,75,75,75,75,75,75,75,75,75,75,75,75,75,75,75,75,75,75,75,75,75,75,75,75,75,75,75,75,75,75,75,75,75,75,75,75,75,75,75,75,75,75,75],"card_choices":[{"not_picked":["Stack","Barrage"],"picked":"White Noise","floor":1},{"not_picked":["Scrape","Steam"],"picked":"Loop","floor":2},{"not_picked":["Chill","Doom and Gloom"],"picked":"BootSequence","floor":3},{"not_picked":["Leap","Chaos"],"picked":"Cold Snap","floor":8},{"not_picked":["Rebound","Fusion"],"picked":"Go for the Eyes","floor":10},{"not_picked":["Static Discharge","Chaos"],"picked":"Buffer","floor":11},{"not_picked":["Beam Cell","Stack"],"picked":"Steam","floor":14},{"not_picked":["Fission","Reboot"],"picked":"Seek","floor":16},{"not_picked":["Stack","Steam Power"],"picked":"Cold Snap","floor":18},{"not_picked":["Go for the Eyes","Rebound","BootSequence"],"picked":"SKIP","floor":21},{"not_picked":["Loop","Chaos"],"picked":"Defragment","floor":22},{"not_picked":["Aggregate","Hologram","Steam"],"picked":"SKIP","floor":24},{"not_picked":["Chaos","Melter"],"picked":"Compile Driver","floor":29},{"not_picked":["Auto Shields","Sweeping Beam","Gash"],"picked":"SKIP","floor":31},{"not_picked":["Rainbow","Reboot"],"picked":"Echo Form","floor":33},{"not_picked":["Rebound+1","Redo"],"picked":"Leap+1","floor":35},{"not_picked":["Genetic Algorithm","Hologram+1"],"picked":"White Noise","floor":37},{"not_picked":["Chill","Turbo"],"picked":"Leap","floor":38},{"not_picked":["Barrage","Storm"],"picked":"Conserve Battery+1","floor":44},{"not_picked":["Sweeping Beam","Go for the Eyes"],"picked":"Streamline","floor":46},{"not_picked":["Beam Cell","Auto Shields","Steam"],"picked":"SKIP","floor":47},{"not_picked":["Chill+1","Turbo+1"],"picked":"Barrage","floor":48}],"player_experience":183908,"relics_obtained":[{"floor":9,"key":"Smiling Mask"},{"floor":14,"key":"MawBank"},{"floor":24,"key":"Pocketwatch"},{"floor":26,"key":"Anchor"},{"floor":43,"key":"Letter Opener"}],"event_choices":[{"damage_healed":0,"gold_gain":175,"player_choice":"AGREE","damage_taken":0,"max_hp_gain":0,"max_hp_loss":0,"event_name":"Liars Game","floor":4,"gold_loss":0,"cards_obtained":["Doubt"]},{"damage_healed":0,"gold_gain":0,"player_choice":"Upgraded","damage_taken":0,"max_hp_gain":0,"max_hp_loss":0,"event_name":"Upgrade Shrine","floor":5,"gold_loss":0,"cards_upgraded":["White Noise"]},{"cards_removed":["Strike_B"],"damage_healed":0,"gold_gain":0,"player_choice":"Card Removal","damage_taken":7,"max_hp_gain":0,"max_hp_loss":0,"event_name":"Golden Wing","floor":13,"gold_loss":0},{"damage_healed":0,"gold_gain":0,"player_choice":"Obtained Relic","damage_taken":0,"relics_obtained":["Potion Belt"],"max_hp_gain":0,"max_hp_loss":0,"event_name":"Addict","floor":19,"gold_loss":85},{"damage_healed":0,"gold_gain":0,"player_choice":"Read","damage_taken":0,"max_hp_gain":0,"max_hp_loss":0,"event_name":"The Library","floor":20,"gold_loss":0,"cards_obtained":["Streamline"]},{"damage_healed":0,"gold_gain":99,"player_choice":"Stole From Cult","damage_taken":0,"max_hp_gain":0,"max_hp_loss":0,"event_name":"Nest","floor":28,"gold_loss":0},{"cards_removed":["Strike_B"],"damage_healed":0,"gold_gain":0,"player_choice":"Elegance","damage_taken":0,"max_hp_gain":0,"max_hp_loss":0,"event_name":"Back to Basics","floor":30,"gold_loss":0},{"damage_healed":0,"gold_gain":100,"player_choice":"Pray","damage_taken":0,"max_hp_gain":0,"max_hp_loss":0,"event_name":"Golden Shrine","floor":36,"gold_loss":0},{"damage_healed":0,"gold_gain":0,"player_choice":"Ignored","damage_taken":0,"max_hp_gain":0,"max_hp_loss":0,"event_name":"Mysterious Sphere","floor":41,"gold_loss":0}],"is_beta":false,"boss_relics":[{"not_picked":["Cursed Key","Empty Cage"],"picked":"Snecko Eye"},{"not_picked":["Runic Dome","Orrery"],"picked":"Lizard Tail"}],"items_purged_floors":[7,39],"is_endless":false,"potions_floor_spawned":[8,10,11,18,21,29,31,33,37,38,46,48],"ascension_level":12}