{"gold_per_floor":[15,90,40,58,71,71,101,121,146,71,71,51,66,66,66,66],"floor_reached":16,"playtime":570,"items_purged":["Defend_R"],"score":150,"play_id":"b76d3f23-eb18-4999-b920-b87eccd2f356","local_time":"20180717010329","is_ascension_mode":true,"campfire_choices":[{"data":"Clash","floor":11,"key":"SMITH"},{"data":"Clash","floor":15,"key":"SMITH"}],"neow_cost":"NO_GOLD","seed_source_timestamp":395452836854973,"circlet_count":0,"master_deck":["Strike_R","Strike_R","Strike_R","Strike_R","Bash","AscendersBane","Clash+1","Clash+1","Clash+1"],"relics":["Burning Blood","Centennial Puzzle","Dream Catcher"],"potions_floor_usage":[7,8],"damage_taken":[{"damage":0,"enemies":"Small Slimes","floor":1,"turns":3},{"damage":2,"enemies":"Jaw Worm","floor":4,"turns":3},{"damage":10,"enemies":"2 Louse","floor":5,"turns":3},{"damage":41,"enemies":"3 Sentries","floor":7,"turns":10},{"damage":10,"enemies":"Gremlin Gang","floor":8,"turns":4},{"damage":11,"enemies":"Looter","floor":13,"turns":2},{"damage":25,"enemies":"The Guardian","floor":16,"turns":3}],"seed_played":"-3564680664073348500","potions_obtained":[{"floor":5,"key":"SkillPotion"},{"floor":7,"key":"Block Potion"},{"floor":8,"key":"LiquidBronze"},{"floor":12,"key":"Block Potion"}],"is_trial":false,"path_per_floor":["M","?","?","M","M","?","E","M","T","$","R","?","M","?","R"],"character_chosen":"IRONCLAD","items_purchased":[],"campfire_rested":0,"item_purchase_floors":[],"current_hp_per_floor":[78,67,67,71,67,67,32,28,28,28,28,28,23,23,23,0],"gold":66,"neow_bonus":"REMOVE_TWO","is_prod":false,"is_daily":false,"chose_seed":true,"campfire_upgraded":2,"win_rate":0,"timestamp":1531814609,"path_taken":["M","?","?","M","?","?","E","M","T","$","R","?","M","?","R","BOSS"],"build_version":"2018-07-16","purchased_purges":1,"victory":false,"max_hp_per_floor":[80,80,80,80,80,80,80,80,80,80,80,80,80,80,80,80],"card_choices":[{"not_picked":["Corruption","Searing Blow","Armaments"],"picked":"SKIP","floor":4},{"not_picked":["Clothesline","Pummel"],"picked":"Clash","floor":5},{"not_picked":["Blood for Blood","Anger"],"picked":"Clash","floor":7},{"not_picked":["Headbutt","Flex"],"picked":"Clash","floor":13}],"player_experience":681726,"relics_obtained":[{"floor":7,"key":"Centennial Puzzle"},{"floor":9,"key":"Dream Catcher"}],"event_choices":[{"event_name":"World of Goop","player_choice":"Gather Gold","floor":2,"damage_taken":0},{"event_name":"The Cleric","player_choice":"Card Removal","floor":3,"damage_taken":0},{"event_name":"Living Wall","player_choice":"Grow","floor":6,"damage_taken":0},{"event_name":"The Woman in Blue","player_choice":"Bought 1 Potion","floor":12,"damage_taken":0},{"event_name":"Purifier","player_choice":"One Purge","floor":14,"damage_taken":0}],"boss_relics":[],"items_purged_floors":[10],"is_endless":false,"potions_floor_spawned":[5,7,8],"killed_by":"The Guardian","ascension_level":10}