{"gold_per_floor":[112,187,59,59,8,35,35,64,64,64,64,83,109,127,127,127],"floor_reached":16,"playtime":306,"items_purged":["Strike_R"],"score":332,"play_id":"eb9c442c-8b0d-4e31-b755-bd1b001baded","local_time":"20190309222541","is_ascension_mode":true,"campfire_choices":[{"data":"Armaments","floor":10,"key":"SMITH"},{"data":"Bash","floor":15,"key":"SMITH"}],"neow_cost":"NONE","seed_source_timestamp":14472314625892,"circlet_count":0,"master_deck":["AscendersBane","Strike_R+1","Strike_R","Strike_R","Defend_R","Defend_R","Defend_R+1","Defend_R","Bash+1","Shrug It Off","Armaments+1","Iron Wave","Clothesline","Offering","Thunderclap","Pommel Strike"],"special_seed":0,"relics":["Burning Blood","NeowsBlessing","Meat on the Bone","Bottled Lightning","Bottled Flame","The Courier"],"potions_floor_usage":[13,13],"damage_taken":[{"damage":0.0,"enemies":"Cultist","floor":1.0,"turns":1.0},{"damage":0.0,"enemies":"Gremlin Nob","floor":6.0,"turns":1.0},{"damage":0.0,"enemies":"3 Sentries","floor":8.0,"turns":2.0},{"damage":6,"enemies":"2 Louse","floor":12,"turns":3},{"damage":9,"enemies":"Gremlin Nob","floor":13,"turns":3},{"damage":6,"enemies":"Small Slimes","floor":14,"turns":3},{"damage":51,"enemies":"Hexaghost","floor":16,"turns":13}],"seed_played":"-2562033124729721586","potions_obtained":[{"floor":8,"key":"AttackPotion"},{"floor":12,"key":"Swift Potion"}],"is_trial":false,"path_per_floor":["M","?","$","?","$","E","?","E","T","R","$","M","E","M","R","B"],"character_chosen":"IRONCLAD","items_purchased":["Armaments","Iron Wave"],"campfire_rested":0,"item_purchase_floors":[3,5],"current_hp_per_floor":[74,63,63,40,40,46,39,45,45,45,45,45,54,54,54,3],"gold":127,"neow_bonus":"THREE_ENEMY_KILL","is_prod":false,"is_daily":false,"chose_seed":false,"campfire_upgraded":2,"win_rate":0,"timestamp":1552199141,"path_taken":["M","?","$","?","$","E","?","E","T","R","$","M","E","M","R","BOSS"],"build_version":"2019-02-06","purchased_purges":1,"victory":false,"max_hp_per_floor":[75,75,75,75,75,75,75,75,75,75,75,75,75,75,75,75],"card_choices":[{"not_picked":["Sword Boomerang","Flex"],"picked":"Shrug It Off","floor":1.0},{"not_picked":["Headbutt","Pommel Strike"],"picked":"Clothesline","floor":6.0},{"not_picked":["Rampage","Warcry"],"picked":"Offering","floor":8},{"not_picked":["Iron Wave","Perfected Strike"],"picked":"Thunderclap","floor":12},{"not_picked":["Clothesline","Searing Blow"],"picked":"Pommel Strike","floor":14}],"player_experience":1280588,"relics_obtained":[{"floor":6.0,"key":"Meat on the Bone"},{"floor":8,"key":"Bottled Lightning"},{"floor":9,"key":"Bottled Flame"},{"floor":13,"key":"The Courier"}],"event_choices":[{"damage_healed":0.0,"max_hp_gain":0.0,"max_hp_loss":0.0,"gold_gain":75.0,"event_name":"World of Goop","player_choice":"Gather Gold","floor":2.0,"gold_loss":0.0,"damage_taken":11.0},{"damage_healed":0.0,"max_hp_gain":0.0,"max_hp_loss":0.0,"gold_gain":0.0,"event_name":"Shining Light","player_choice":"Entered Light","floor":4.0,"gold_loss":0.0,"damage_taken":23.0,"cards_upgraded":["Defend_R","Strike_R"]},{"cards_removed":["Strike_R"],"damage_healed":0.0,"max_hp_gain":0.0,"max_hp_loss":0.0,"gold_gain":0.0,"event_name":"Golden Wing","player_choice":"Card Removal","floor":7.0,"gold_loss":0.0,"damage_taken":7.0}],"is_beta":true,"boss_relics":[],"items_purged_floors":[3],"is_endless":false,"potions_floor_spawned":[8,12],"killed_by":"Hexaghost","ascension_level":20}