{"gold_per_floor":[113,129,129,204,219,219,291,324,372,406,425,47,57,14,14,85,85,102,102,113,38,48,48,59,59,59,59,70,70,105,105,105,105],"floor_reached":33,"playtime":1005,"items_purged":[],"score":650,"play_id":"b516523b-b5c4-4f8d-96fc-56241ebb8311","local_time":"20190202170707","is_ascension_mode":true,"campfire_choices":[{"data":"Neutralize","floor":6.0,"key":"SMITH"},{"floor":15.0,"key":"REST"},{"floor":23.0,"key":"REST"},{"floor":25.0,"key":"REST"},{"floor":27.0,"key":"REST"},{"floor":29.0,"key":"REST"},{"data":"Noxious Fumes","floor":32.0,"key":"SMITH"}],"neow_cost":"NONE","seed_source_timestamp":51851330723834,"circlet_count":0,"master_deck":["AscendersBane","Defend_G","Defend_G","Defend_G+1","Defend_G","Defend_G","Strike_G","Strike_G+1","Strike_G","Strike_G","Strike_G","Survivor","Neutralize+1","Cloak And Dagger","Dash","Deadly Poison","Dagger Throw","Predator","Sucker Punch","Noxious Fumes+1","PiercingWail","Corpse Explosion","Predator","Envenom","Predator","PiercingWail","Corpse Explosion"],"special_seed":0,"relics":["Philosopher\u0027s Stone","Strawberry","PreservedInsect","Sundial","Paper Crane","Snecko Eye","WarpedTongs","Vajra","StoneCalendar","Toxic Egg 2"],"potions_floor_usage":[],"damage_taken":[{"damage":4.0,"enemies":"2 Louse","floor":1.0,"turns":3.0},{"damage":0.0,"enemies":"Jaw Worm","floor":2.0,"turns":4.0},{"damage":0.0,"enemies":"Small Slimes","floor":5.0,"turns":3.0},{"damage":5.0,"enemies":"Lagavulin","floor":8.0,"turns":6.0},{"damage":13.0,"enemies":"3 Sentries","floor":10.0,"turns":7.0},{"damage":2.0,"enemies":"Blue Slaver","floor":11.0,"turns":4.0},{"damage":5.0,"enemies":"Exordium Thugs","floor":13.0,"turns":3.0},{"damage":0.0,"enemies":"Slime Boss","floor":16.0,"turns":6.0},{"damage":38.0,"enemies":"3 Byrds","floor":18.0,"turns":4.0},{"damage":17.0,"enemies":"Spheric Guardian","floor":20.0,"turns":4.0},{"damage":5.0,"enemies":"Chosen and Byrds","floor":22.0,"turns":8.0},{"damage":3.0,"enemies":"Centurion and Healer","floor":24.0,"turns":7.0},{"damage":18.0,"enemies":"3 Cultists","floor":28.0,"turns":5.0},{"damage":1.0,"enemies":"Book of Stabbing","floor":30.0,"turns":3.0},{"damage":64,"enemies":"Collector","floor":33,"turns":6}],"seed_played":"-7925193074577749785","potions_obtained":[{"floor":5.0,"key":"Swift Potion"},{"floor":8.0,"key":"Dexterity Potion"},{"floor":10.0,"key":"Strength Potion"},{"floor":11.0,"key":"GamblersBrew"},{"floor":22.0,"key":"SneckoOil"},{"floor":24.0,"key":"PowerPotion"}],"is_trial":false,"path_per_floor":["M","M","?","?","M","R","?","E","T","E","M","$","M","$","R","B",null,"M","?","M","?","M","R","M","R","T","R","M","R","E","T","R","B"],"character_chosen":"THE_SILENT","items_purchased":["Noxious Fumes","Paper Crane","PiercingWail","Predator"],"campfire_rested":5,"item_purchase_floors":[12,12,12,14],"current_hp_per_floor":[55,55,35,24,24,24,24,26,26,13,11,11,6,6,27,27,62,24,24,7,7,2,23,20,41,41,62,44,65,64,64,64,0],"gold":105,"neow_bonus":"BOSS_RELIC","is_prod":false,"is_daily":false,"chose_seed":false,"campfire_upgraded":2,"win_rate":0,"timestamp":1549156027,"path_taken":["M","M","?","?","M","R","?","E","T","E","M","$","M","?","R","BOSS","M","?","?","?","M","R","M","R","T","R","M","R","E","?","R","BOSS"],"build_version":"2019-01-23","purchased_purges":0,"victory":false,"max_hp_per_floor":[66,66,66,66,66,66,66,73,73,73,73,73,73,73,73,73,73,73,73,73,73,73,73,73,73,73,73,73,73,73,73,73,73],"card_choices":[{"not_picked":["Dodge and Roll","Prepared"],"picked":"Cloak And Dagger","floor":1.0},{"not_picked":["Noxious Fumes","Well Laid Plans"],"picked":"Dash","floor":2.0},{"not_picked":["Skewer","Concentrate"],"picked":"Deadly Poison","floor":5.0},{"not_picked":["Riddle With Holes","Caltrops"],"picked":"Dagger Throw","floor":8.0},{"not_picked":["Distraction","Backflip"],"picked":"Predator","floor":10.0},{"not_picked":["Bane","Calculated Gamble"],"picked":"Sucker Punch","floor":11.0},{"not_picked":["Backstab","Deadly Poison"],"picked":"Corpse Explosion","floor":13.0},{"not_picked":["Die Die Die","Glass Knife"],"picked":"Envenom","floor":16.0},{"not_picked":["Outmaneuver+1","Bane"],"picked":"Predator","floor":18.0},{"not_picked":["Quick Slash","Bane"],"picked":"PiercingWail","floor":22.0},{"not_picked":["All Out Attack","Poisoned Stab"],"picked":"Corpse Explosion","floor":24.0},{"not_picked":["All Out Attack","Skewer","Prepared"],"picked":"SKIP","floor":28.0}],"player_experience":1109271,"relics_obtained":[{"floor":8.0,"key":"Strawberry"},{"floor":9.0,"key":"PreservedInsect"},{"floor":10.0,"key":"Sundial"},{"floor":26.0,"key":"Vajra"},{"floor":30.0,"key":"StoneCalendar"},{"floor":31.0,"key":"Toxic Egg 2"}],"event_choices":[{"damage_healed":0.0,"max_hp_gain":0.0,"max_hp_loss":0.0,"gold_gain":0.0,"event_name":"Shining Light","player_choice":"Entered Light","floor":3.0,"gold_loss":0.0,"damage_taken":20.0,"cards_upgraded":["Defend_G","Strike_G"]},{"damage_healed":0.0,"max_hp_gain":0.0,"max_hp_loss":0.0,"gold_gain":75.0,"event_name":"World of Goop","player_choice":"Gather Gold","floor":4.0,"gold_loss":0.0,"damage_taken":11.0},{"damage_healed":0.0,"max_hp_gain":0.0,"max_hp_loss":0.0,"gold_gain":72.0,"event_name":"Golden Wing","player_choice":"Gained Gold","floor":7.0,"gold_loss":0.0,"damage_taken":0.0},{"damage_healed":0.0,"max_hp_gain":0.0,"max_hp_loss":0.0,"gold_gain":0.0,"event_name":"Accursed Blacksmith","player_choice":"Rummage","floor":19.0,"gold_loss":0.0,"damage_taken":0.0,"relics_obtained":["WarpedTongs"],"cards_obtained":["Pain"]},{"cards_removed":["Pain"],"damage_healed":0.0,"max_hp_gain":0.0,"max_hp_loss":0.0,"gold_gain":0.0,"event_name":"Beggar","player_choice":"Gave Gold","floor":21.0,"gold_loss":75.0,"damage_taken":0.0}],"is_beta":true,"boss_relics":[{"not_picked":["Sozu","Coffee Dripper"],"picked":"Snecko Eye"}],"items_purged_floors":[],"is_endless":false,"potions_floor_spawned":[5,8,10,11,22,24],"killed_by":"Collector","ascension_level":20}