{"gold_per_floor":[119,119,133,133,144,144,170,170,195,220,320,338,363,23,23,102,102,113,138,152,77,77,107,107,107,107,142,67,92,92,48,48,48],"floor_reached":33,"playtime":1208,"items_purged":["Pain"],"score":634,"play_id":"327f5a0a-d2c5-436b-a39b-fa58b8743492","local_time":"20190131003656","is_ascension_mode":true,"campfire_choices":[{"data":"Uppercut","floor":6,"key":"SMITH"},{"data":"Carnage","floor":8,"key":"SMITH"},{"data":"True Grit","floor":15,"key":"SMITH"},{"data":"True Grit","floor":24,"key":"SMITH"},{"data":"Metallicize","floor":30,"key":"SMITH"},{"floor":32,"key":"REST"}],"neow_cost":"NONE","seed_source_timestamp":1008788340415,"circlet_count":0,"master_deck":["AscendersBane","Strike_R","Strike_R+1","Strike_R+1","Defend_R","Defend_R","Defend_R","Defend_R","Bash","Thunderclap","Carnage+1","Clothesline","Uppercut+1","Flame Barrier","Power Through","True Grit+1","Evolve","True Grit+1","Fiend Fire","Flex","Metallicize+1","Armaments+1","Disarm+1"],"relics":["Burning Blood","NeowsBlessing","WarpedTongs","Whetstone","Happy Flower","Self Forming Clay","Bottled Lightning","OrangePellets","Busted Crown","Lantern","Toxic Egg 2","FossilizedHelix","Darkstone Periapt","Bronze Scales"],"potions_floor_usage":[10,12,12,16,20,27],"damage_taken":[{"damage":0,"enemies":"Small Slimes","floor":1,"turns":1},{"damage":0,"enemies":"Cultist","floor":3,"turns":1},{"damage":0,"enemies":"Jaw Worm","floor":5,"turns":1},{"damage":24,"enemies":"Lagavulin","floor":7,"turns":5},{"damage":8,"enemies":"Gremlin Nob","floor":10,"turns":3},{"damage":37,"enemies":"Gremlin Gang","floor":12,"turns":5},{"damage":13,"enemies":"3 Sentries","floor":13,"turns":6},{"damage":17,"enemies":"Hexaghost","floor":16,"turns":15},{"damage":11,"enemies":"Chosen","floor":18,"turns":4},{"damage":15,"enemies":"2 Thieves","floor":20,"turns":4},{"damage":24,"enemies":"Slavers","floor":23,"turns":5},{"damage":8,"enemies":"Gremlin Leader","floor":27,"turns":10},{"damage":2,"enemies":"Book of Stabbing","floor":29,"turns":6},{"damage":82,"enemies":"Champ","floor":33,"turns":19}],"seed_played":"-7235851192378953417","potions_obtained":[{"floor":3,"key":"BloodPotion"},{"floor":7,"key":"FearPotion"},{"floor":10,"key":"EssenceOfSteel"},{"floor":13,"key":"GamblersBrew"},{"floor":18,"key":"BloodPotion"},{"floor":20,"key":"Poison Potion"}],"is_trial":false,"path_per_floor":["M","?","M","?","M","R","E","R","T","E","?","M","E","$","R","B",null,"M","T","M","$","?","E","R","?","T","E","?","E","R","$","R","B"],"character_chosen":"IRONCLAD","items_purchased":["OrangePellets","True Grit","Metallicize","Disarm+1"],"campfire_rested":1,"item_purchase_floors":[14,14,21,31],"current_hp_per_floor":[74,74,75,75,75,75,57,57,57,55,55,31,24,24,24,13,60,55,55,53,53,53,35,35,35,35,33,33,37,37,37,59,0],"gold":48,"neow_bonus":"THREE_ENEMY_KILL","is_prod":false,"is_daily":false,"chose_seed":false,"campfire_upgraded":5,"win_rate":0,"timestamp":1548923816,"path_taken":["M","?","?","?","?","R","E","R","T","E","?","M","E","$","R","BOSS","M","?","M","$","?","E","R","?","T","E","?","E","R","$","R","BOSS"],"build_version":"2019-01-23","purchased_purges":1,"victory":false,"max_hp_per_floor":[75,75,75,75,75,75,75,75,75,75,75,75,75,75,75,75,75,75,75,75,75,75,75,75,75,75,75,75,75,75,75,75,75],"card_choices":[{"not_picked":["Sword Boomerang","Fire Breathing"],"picked":"Thunderclap","floor":1},{"not_picked":["Warcry","Reckless Charge"],"picked":"Clothesline","floor":3},{"not_picked":["Sentinel","Shrug It Off"],"picked":"Uppercut","floor":5},{"not_picked":["Second Wind","Whirlwind"],"picked":"Flame Barrier","floor":7},{"not_picked":["Berserk","Rage"],"picked":"Power Through","floor":10},{"not_picked":["Headbutt","Havoc"],"picked":"True Grit","floor":12},{"not_picked":["Impervious","Twin Strike"],"picked":"Evolve","floor":13},{"not_picked":["Double Tap","Dark Embrace"],"picked":"Fiend Fire","floor":16},{"not_picked":[],"picked":"Flex","floor":18},{"not_picked":["Rupture"],"picked":"SKIP","floor":27}],"player_experience":1069743,"relics_obtained":[{"floor":7,"key":"Whetstone"},{"floor":9,"key":"Happy Flower"},{"floor":10,"key":"Self Forming Clay"},{"floor":13,"key":"Bottled Lightning"},{"floor":19,"key":"Lantern"},{"floor":23,"key":"Toxic Egg 2"},{"floor":26,"key":"FossilizedHelix"},{"floor":27,"key":"Darkstone Periapt"},{"floor":29,"key":"Bronze Scales"}],"event_choices":[{"damage_healed":0,"gold_gain":0,"cards_transformed":["Strike_R"],"player_choice":"Transformed","damage_taken":0,"max_hp_gain":0,"max_hp_loss":0,"event_name":"Transmorgrifier","floor":2,"gold_loss":0,"cards_obtained":["Carnage"]},{"damage_healed":0,"gold_gain":0,"player_choice":"Rummage","damage_taken":0,"relics_obtained":["WarpedTongs"],"max_hp_gain":0,"max_hp_loss":0,"event_name":"Accursed Blacksmith","floor":4,"gold_loss":0,"cards_obtained":["Pain"]},{"damage_healed":0,"gold_gain":100,"player_choice":"Gold","damage_taken":0,"max_hp_gain":0,"max_hp_loss":0,"event_name":"Wheel of Change","floor":11,"gold_loss":0},{"damage_healed":0,"gold_gain":0,"player_choice":"Read","damage_taken":0,"max_hp_gain":0,"max_hp_loss":0,"event_name":"The Library","floor":25,"gold_loss":0,"cards_obtained":["Armaments"]},{"cards_removed":["Strike_R"],"damage_healed":0,"gold_gain":0,"player_choice":"Gave Gold","damage_taken":0,"max_hp_gain":0,"max_hp_loss":0,"event_name":"Beggar","floor":28,"gold_loss":75}],"is_beta":true,"boss_relics":[{"not_picked":["Black Star","White Beast Statue"],"picked":"Busted Crown"}],"items_purged_floors":[14],"is_endless":false,"potions_floor_spawned":[3,7,10,13,18,20],"killed_by":"Champ","ascension_level":20}