{"gold_per_floor":[13,13,13,13,32,32,43,43,43,193,193,221,241,275,275,352,352,369,4,4,23,36,36,62,82,82,82],"floor_reached":27,"playtime":665,"items_purged":[],"score":532,"play_id":"ae7d733d-aa9a-4711-9778-9e0462a3e1fd","local_time":"20190330002226","is_ascension_mode":true,"campfire_choices":[{"data":"Spot Weakness","floor":6.0,"key":"SMITH"},{"data":"Heavy Blade","floor":8.0,"key":"SMITH"},{"data":"Defend_R","floor":11.0,"key":"SMITH"},{"data":"Clothesline","floor":15.0,"key":"SMITH"},{"data":"Apotheosis","floor":23.0,"key":"SMITH"}],"neow_cost":"NO_GOLD","seed_source_timestamp":21839546574552,"circlet_count":0,"master_deck":["AscendersBane","Strike_R","Strike_R","Strike_R","Strike_R","Defend_R","Defend_R","Defend_R","Defend_R+1","Bash+1","Armaments+1","Spot Weakness+1","Heavy Blade+1","Doubt","Cleave","Ghostly Armor","Clothesline+1","Limit Break","Clash","Shockwave","Corruption","Apotheosis+1","Writhe","Flame Barrier","Anger","Disarm","Headbutt"],"special_seed":0,"relics":["Burning Blood","Turnip","Du-Vu Doll","Dodecahedron","Dream Catcher","Runic Pyramid","Smiling Mask","Bag of Preparation","Bottled Lightning"],"potions_floor_usage":[25],"damage_taken":[{"damage":7.0,"enemies":"Jaw Worm","floor":1.0,"turns":3.0},{"damage":1.0,"enemies":"2 Louse","floor":5.0,"turns":3.0},{"damage":1.0,"enemies":"Cultist","floor":7.0,"turns":3.0},{"damage":21.0,"enemies":"Gremlin Nob","floor":12.0,"turns":4.0},{"damage":6.0,"enemies":"Looter","floor":13.0,"turns":2.0},{"damage":2.0,"enemies":"3 Sentries","floor":14.0,"turns":4.0},{"damage":52.0,"enemies":"Slime Boss","floor":16.0,"turns":11.0},{"damage":15.0,"enemies":"Shell Parasite","floor":18.0,"turns":4.0},{"damage":0.0,"enemies":"Chosen","floor":21.0,"turns":4.0},{"damage":23.0,"enemies":"Shelled Parasite and Fungi","floor":22.0,"turns":4.0},{"damage":20.0,"enemies":"Gremlin Leader","floor":24.0,"turns":7.0},{"damage":14,"enemies":"Snecko","floor":25,"turns":4},{"damage":0,"enemies":"Slavers","floor":27,"turns":1}],"seed_played":"747224657252596358","potions_obtained":[{"floor":1.0,"key":"Block Potion"},{"floor":12.0,"key":"SpeedPotion"},{"floor":13.0,"key":"Energy Potion"},{"floor":14.0,"key":"AttackPotion"},{"floor":18.0,"key":"Poison Potion"},{"floor":21.0,"key":"BloodPotion"},{"floor":24.0,"key":"FearPotion"}],"is_trial":false,"path_per_floor":["M","?","?","?","M","R","M","R","T","?","R","E","M","E","R","B",null,"M","$","?","M","M","R","E","M","T","E"],"character_chosen":"IRONCLAD","items_purchased":["Shockwave","Corruption","Apotheosis"],"campfire_rested":0,"item_purchase_floors":[19,19,19],"current_hp_per_floor":[67,60,60,60,65,65,70,70,70,70,70,55,55,59,59,13,60,51,51,51,57,47,47,33,25,25,25],"gold":82,"neow_bonus":"ONE_RARE_RELIC","is_prod":false,"is_daily":false,"chose_seed":false,"campfire_upgraded":5,"win_rate":0,"timestamp":1553930546,"path_taken":["M","?","?","?","M","R","?","R","T","?","R","E","M","E","R","BOSS","M","$","?","M","M","R","E","M","T","E"],"build_version":"2019-03-15","purchased_purges":0,"victory":false,"max_hp_per_floor":[75,75,75,75,75,75,75,75,75,75,75,75,75,75,75,75,75,75,75,75,75,75,75,75,75,75,75],"card_choices":[{"not_picked":["Sentinel","Thunderclap"],"picked":"Armaments","floor":1.0},{"not_picked":["Flame Barrier","Combust"],"picked":"Spot Weakness","floor":5.0},{"not_picked":["Whirlwind","Thunderclap"],"picked":"Heavy Blade","floor":7.0},{"not_picked":["Havoc","Iron Wave"],"picked":"Cleave","floor":12.0},{"not_picked":["Shockwave","Perfected Strike"],"picked":"Ghostly Armor","floor":13.0},{"not_picked":["Infernal Blade","Cleave"],"picked":"Clothesline","floor":14.0},{"not_picked":["Dark Embrace","Impervious"],"picked":"Limit Break","floor":16.0},{"not_picked":["Iron Wave","Warcry"],"picked":"Clash","floor":18.0},{"not_picked":["Rampage+1","Pommel Strike"],"picked":"Flame Barrier","floor":21.0},{"not_picked":["Pommel Strike","Thunderclap"],"picked":"Anger","floor":22.0},{"not_picked":["Shockwave","Offering"],"picked":"Disarm","floor":24.0},{"not_picked":["Fire Breathing","Thunderclap"],"picked":"Headbutt","floor":25}],"player_experience":1386438,"relics_obtained":[{"floor":9.0,"key":"Du-Vu Doll"},{"floor":12.0,"key":"Dodecahedron"},{"floor":14.0,"key":"Dream Catcher"},{"floor":24.0,"key":"Bag of Preparation"},{"floor":26,"key":"Bottled Lightning"}],"event_choices":[{"cards_removed":["Strike_R"],"damage_healed":0.0,"max_hp_gain":0.0,"max_hp_loss":0.0,"gold_gain":0.0,"event_name":"Golden Wing","player_choice":"Card Removal","floor":2.0,"gold_loss":0.0,"damage_taken":7.0},{"damage_healed":0.0,"max_hp_gain":0.0,"max_hp_loss":0.0,"gold_gain":0.0,"event_name":"Living Wall","player_choice":"Grow","floor":3.0,"gold_loss":0.0,"damage_taken":0.0,"cards_upgraded":["Armaments"]},{"damage_healed":0.0,"max_hp_gain":0.0,"max_hp_loss":0.0,"gold_gain":0.0,"event_name":"Upgrade Shrine","player_choice":"Upgraded","floor":4.0,"gold_loss":0.0,"damage_taken":0.0,"cards_upgraded":["Bash"]},{"damage_healed":0.0,"max_hp_gain":0.0,"max_hp_loss":0.0,"gold_gain":150.0,"event_name":"Liars Game","player_choice":"AGREE","floor":10.0,"gold_loss":0.0,"damage_taken":0.0,"cards_obtained":["Doubt"]},{"damage_healed":0.0,"max_hp_gain":0.0,"max_hp_loss":0.0,"gold_gain":0.0,"event_name":"The Mausoleum","player_choice":"Opened","floor":20.0,"gold_loss":0.0,"damage_taken":0.0,"relics_obtained":["Smiling Mask"],"cards_obtained":["Writhe"]}],"is_beta":true,"boss_relics":[{"not_picked":["Empty Cage","White Beast Statue"],"picked":"Runic Pyramid"}],"items_purged_floors":[],"is_endless":false,"potions_floor_spawned":[1,12,13,14,18,21,24],"killed_by":"Slavers","ascension_level":20}