{"gold_per_floor":[116,116,128,128,138,138,168,168,168,168,186,186,51,384,384,384],"floor_reached":16,"playtime":437,"items_purged":[],"score":216,"play_id":"3ef7e6e5-a8e0-47b6-9dde-71e62744790c","local_time":"20190301131912","is_ascension_mode":true,"campfire_choices":[{"data":"Dualcast","floor":6.0,"key":"SMITH"},{"floor":10.0,"key":"REST"},{"data":"Hologram","floor":15,"key":"SMITH"}],"neow_cost":"NONE","seed_source_timestamp":2355683246414,"circlet_count":0,"master_deck":["AscendersBane","Strike_B","Strike_B","Defend_B","Defend_B","Defend_B+1","Zap+1","Dualcast+1","Auto Shields","Scrape","Hologram+1","Gash","FTL","Finesse","Scrape","Turbo"],"special_seed":0,"relics":["Empty Cage","StoneCalendar","Golden Idol","Incense Burner","Old Coin"],"potions_floor_usage":[16],"damage_taken":[{"damage":7.0,"enemies":"Small Slimes","floor":1.0,"turns":4.0},{"damage":3.0,"enemies":"Cultist","floor":3.0,"turns":4.0},{"damage":0.0,"enemies":"Jaw Worm","floor":5.0,"turns":4.0},{"damage":15.0,"enemies":"Lagavulin","floor":7.0,"turns":6.0},{"damage":5.0,"enemies":"Large Slime","floor":11.0,"turns":6.0},{"damage":13,"enemies":"3 Sentries","floor":14,"turns":7},{"damage":24,"enemies":"Hexaghost","floor":16,"turns":7}],"seed_played":"2348712159668923149","potions_obtained":[{"floor":5.0,"key":"Weak Potion"},{"floor":12,"key":"SmokeBomb"},{"floor":12,"key":"Ancient Potion"},{"floor":14,"key":"Poison Potion"}],"is_trial":false,"path_per_floor":["M","?","M","?","M","R","E","?","T","R","M","?","$","E","R","B"],"character_chosen":"DEFECT","items_purchased":["Finesse","Scrape"],"campfire_rested":1,"item_purchase_floors":[13,13],"current_hp_per_floor":[57,36,33,33,33,33,18,18,18,37,32,32,32,19,19,0],"gold":384,"neow_bonus":"BOSS_RELIC","is_prod":false,"is_daily":false,"chose_seed":false,"campfire_upgraded":2,"win_rate":0,"timestamp":1551475152,"path_taken":["M","?","M","?","?","R","E","?","T","R","M","?","$","E","R","BOSS"],"build_version":"2019-02-06","purchased_purges":0,"victory":false,"max_hp_per_floor":[71,71,71,71,71,71,71,64,64,64,64,64,64,64,64,64],"card_choices":[{"not_picked":["Barrage","Rebound"],"picked":"Auto Shields","floor":1.0},{"not_picked":["Fusion","BootSequence"],"picked":"Scrape","floor":3.0},{"not_picked":["Static Discharge","Coolheaded"],"picked":"Gash","floor":5.0},{"not_picked":["Steam","Recycle"],"picked":"FTL","floor":11},{"not_picked":["Leap","Melter"],"picked":"Turbo","floor":14}],"player_experience":1253738,"relics_obtained":[{"floor":7.0,"key":"StoneCalendar"},{"floor":9.0,"key":"Incense Burner"},{"floor":14,"key":"Old Coin"}],"event_choices":[{"damage_healed":0.0,"max_hp_gain":0.0,"max_hp_loss":0.0,"gold_gain":0.0,"event_name":"Shining Light","player_choice":"Entered Light","floor":2.0,"gold_loss":0.0,"damage_taken":21.0,"cards_upgraded":["Zap","Defend_B"]},{"damage_healed":0.0,"max_hp_gain":0.0,"max_hp_loss":0.0,"gold_gain":0.0,"cards_transformed":["Strike_B"],"event_name":"Transmorgrifier","player_choice":"Transformed","floor":4.0,"gold_loss":0.0,"damage_taken":0.0,"cards_obtained":["Hologram"]},{"damage_healed":0.0,"max_hp_gain":0.0,"max_hp_loss":7.0,"gold_gain":0.0,"event_name":"Golden Idol","player_choice":"Lose Max HP","floor":8.0,"gold_loss":0.0,"damage_taken":0.0,"relics_obtained":["Golden Idol"]},{"damage_healed":0,"gold_gain":0,"player_choice":"Got Potions","damage_taken":0,"max_hp_gain":0,"max_hp_loss":0,"event_name":"Lab","floor":12,"gold_loss":0}],"is_beta":true,"boss_relics":[],"items_purged_floors":[],"is_endless":false,"potions_floor_spawned":[5,14],"killed_by":"Hexaghost","ascension_level":20}