{"gold_per_floor":[113,113,12,26,42,52,68,68,68,97,115,147,147,173,173,245,245,245,245,245,245,245,245,245,245,245,245,76,26,26],"floor_reached":30,"playtime":759,"items_purged":[],"score":615,"play_id":"cf5208b2-5937-4fd2-8a04-817868f541fd","local_time":"20190822234449","is_ascension_mode":true,"campfire_choices":[{"data":"Armaments","floor":8.0,"key":"SMITH"},{"data":"Uppercut","floor":13.0,"key":"SMITH"},{"data":"True Grit","floor":15.0,"key":"SMITH"},{"data":"Perfected Strike","floor":23,"key":"SMITH"},{"data":"Whirlwind","floor":25,"key":"SMITH"}],"neow_cost":"NONE","seed_source_timestamp":2548364428673,"circlet_count":0,"master_deck":["AscendersBane","Strike_R+1","Strike_R+1","Strike_R+1","Strike_R+1","Strike_R+1","Defend_R+1","Defend_R+1","Defend_R+1","Defend_R+1","Bash","Shrug It Off","Uppercut+1","Perfected Strike+1","Armaments+1","Evolve","Whirlwind+1","Shrug It Off","True Grit+1","Dual Wield","Ghostly Armor","Dual Wield+1","Immolate+1","Headbutt+1","Offering","Twin Strike+1","Clothesline+1","Shrug It Off","Shrug It Off+1"],"special_seed":0,"relics":["Coffee Dripper","Omamori","Smiling Mask","Molten Egg 2","Happy Flower","Ectoplasm","Bronze Scales","Dream Catcher","Self Forming Clay","Centennial Puzzle"],"potions_floor_usage":[22,27],"damage_taken":[{"damage":6.0,"enemies":"2 Louse","floor":1.0,"turns":3.0},{"damage":0.0,"enemies":"Cultist","floor":4.0,"turns":2.0},{"damage":2.0,"enemies":"Jaw Worm","floor":5.0,"turns":3.0},{"damage":1.0,"enemies":"2 Fungi Beasts","floor":6.0,"turns":2.0},{"damage":3.0,"enemies":"3 Louse","floor":7.0,"turns":2.0},{"damage":13.0,"enemies":"Lagavulin","floor":10.0,"turns":6.0},{"damage":0.0,"enemies":"Gremlin Gang","floor":11.0,"turns":5.0},{"damage":8.0,"enemies":"Gremlin Nob","floor":12.0,"turns":3.0},{"damage":2.0,"enemies":"3 Sentries","floor":14.0,"turns":4.0},{"damage":26.0,"enemies":"The Guardian","floor":16.0,"turns":10.0},{"damage":8.0,"enemies":"3 Byrds","floor":18.0,"turns":2.0},{"damage":13.0,"enemies":"Shell Parasite","floor":19.0,"turns":3.0},{"damage":6,"enemies":"Snecko","floor":22,"turns":4},{"damage":6,"enemies":"Gremlin Leader","floor":24,"turns":4},{"damage":7,"enemies":"Shelled Parasite and Fungi","floor":27,"turns":2},{"damage":0,"enemies":"Centurion and Healer","floor":30,"turns":1}],"seed_played":"2927977749094818907","potions_obtained":[{"floor":1.0,"key":"FearPotion"},{"floor":4.0,"key":"FearPotion"},{"floor":6.0,"key":"Fire Potion"},{"floor":10.0,"key":"SteroidPotion"},{"floor":14.0,"key":"EssenceOfSteel"},{"floor":19.0,"key":"Ancient Potion"},{"floor":22,"key":"EssenceOfSteel"},{"floor":24,"key":"LiquidBronze"}],"is_trial":false,"path_per_floor":["M","?","$","M","M","M","M","R","T","E","M","E","R","E","R","B",null,"M","M","?","?","M","R","E","R","T","M","$","?","M"],"character_chosen":"IRONCLAD","items_purchased":["Armaments","Evolve","Centennial Puzzle"],"campfire_rested":0,"item_purchase_floors":[3,3,28],"current_hp_per_floor":[62,62,62,62,60,59,56,56,56,43,43,35,35,33,33,7,58,50,37,37,37,31,31,25,25,25,18,18,18,18],"gold":26,"neow_bonus":"BOSS_RELIC","is_prod":false,"is_daily":false,"chose_seed":false,"campfire_upgraded":5,"win_rate":0,"timestamp":1566542689,"path_taken":["M","?","$","M","M","M","M","R","T","E","M","E","R","E","R","BOSS","M","?","?","?","M","R","E","R","T","M","$","?","M"],"build_version":"2019-08-15","purchased_purges":0,"victory":false,"max_hp_per_floor":[75,75,75,75,75,75,75,75,75,75,75,75,75,75,75,75,75,75,75,75,75,75,75,75,75,75,75,75,75,75],"card_choices":[{"not_picked":["Corruption","Havoc"],"picked":"Shrug It Off","floor":1.0},{"not_picked":["Intimidate","Havoc"],"picked":"Whirlwind","floor":4.0},{"not_picked":["Pommel Strike","Anger"],"picked":"Shrug It Off","floor":5.0},{"not_picked":["Twin Strike","Armaments"],"picked":"True Grit","floor":6.0},{"not_picked":["Iron Wave","Dropkick"],"picked":"Dual Wield","floor":7.0},{"not_picked":["Warcry","Anger"],"picked":"Ghostly Armor","floor":10.0},{"not_picked":["Hemokinesis","Heavy Blade"],"picked":"Dual Wield","floor":11.0},{"not_picked":["Rupture","Heavy Blade"],"picked":"Immolate","floor":12.0},{"not_picked":["Flex","Anger+1"],"picked":"Headbutt+1","floor":14.0},{"not_picked":["Bludgeon+1","Exhume"],"picked":"Offering","floor":16.0},{"not_picked":["Uppercut+1","Second Wind"],"picked":"Twin Strike+1","floor":18.0},{"not_picked":["Armaments+1","Sever Soul+1"],"picked":"Clothesline+1","floor":22},{"not_picked":["Infernal Blade","Rampage+1"],"picked":"Shrug It Off","floor":24},{"not_picked":["Anger+1","Power Through"],"picked":"Shrug It Off+1","floor":27}],"player_experience":1422177,"relics_obtained":[{"floor":9.0,"key":"Omamori"},{"floor":10.0,"key":"Smiling Mask"},{"floor":12.0,"key":"Molten Egg 2"},{"floor":14.0,"key":"Happy Flower"},{"floor":24,"key":"Dream Catcher"},{"floor":26,"key":"Self Forming Clay"}],"event_choices":[{"damage_healed":0.0,"max_hp_gain":0.0,"max_hp_loss":0.0,"gold_gain":0.0,"event_name":"Match and Keep!","player_choice":"2 cards matched","floor":2.0,"gold_loss":0.0,"damage_taken":0.0,"cards_obtained":["Uppercut","Perfected Strike"]},{"damage_healed":0.0,"max_hp_gain":0.0,"max_hp_loss":0.0,"gold_gain":0.0,"event_name":"The Mausoleum","player_choice":"Opened","floor":20.0,"gold_loss":0.0,"damage_taken":0.0,"relics_obtained":["Bronze Scales"],"cards_obtained":["Writhe"]},{"damage_healed":0.0,"max_hp_gain":0.0,"max_hp_loss":0.0,"gold_gain":0.0,"event_name":"Back to Basics","player_choice":"Simplicity","floor":21.0,"gold_loss":0.0,"damage_taken":0.0,"cards_upgraded":["Strike_R","Strike_R","Strike_R","Strike_R","Strike_R","Defend_R","Defend_R","Defend_R","Defend_R"]},{"damage_healed":0,"gold_gain":0,"player_choice":"Upgrade","damage_taken":0,"max_hp_gain":0,"max_hp_loss":0,"event_name":"Designer","floor":29,"gold_loss":50,"cards_upgraded":["Dual Wield"]}],"is_beta":true,"boss_relics":[{"not_picked":["Empty Cage","Black Star"],"picked":"Ectoplasm"}],"items_purged_floors":[],"is_endless":false,"potions_floor_spawned":[1,4,6,10,14,19,22,24],"killed_by":"Centurion and Healer","ascension_level":20}