{"gold_per_floor":[118,118,135,151,25,42,42,58,58,58,89,89,112,146,146,242,242,260,11,11,11,11,11,47,66,136,156,156,177,177,192,192,288,288,308,322,655,655,38,70,70,70,94,94,39,57,70,90,90,90,90,90,10,45,45],"floor_reached":55,"playtime":8063,"items_purged":["Pain","Strike_B+1"],"score":1565,"play_id":"e9e7ae58-7749-49e0-8b2c-15713b3485bd","local_time":"20190718164225","is_ascension_mode":true,"campfire_choices":[{"data":"Go for the Eyes","floor":10,"key":"SMITH"},{"floor":12,"key":"DIG"},{"floor":15,"key":"REST"},{"floor":23,"key":"DIG"},{"floor":28,"key":"DIG"},{"floor":30,"key":"DIG"},{"floor":32,"key":"DIG"},{"floor":41,"key":"DIG"},{"floor":44,"key":"DIG"},{"floor":49,"key":"RECALL"},{"floor":52,"key":"DIG"}],"neow_cost":"NONE","seed_source_timestamp":652751899259120,"circlet_count":0,"master_deck":["AscendersBane","Strike_B+1","Strike_B+1","Defend_B+1","Defend_B+1","Defend_B+1","Defend_B+1","Zap","Dualcast+1","Compile Driver","Ball Lightning","Compile Driver","Go for the Eyes+1","Rebound","Cold Snap","Creative AI","Heatsinks","Echo Form","Darkness","Self Repair","Turbo","Auto Shields","Consume","Stack","White Noise","Amplify","Echo Form","Coolheaded","Defragment","Loop+1","Hologram+1","Coolheaded+1","Static Discharge","Capacitor+1","Recycle"],"special_seed":0,"relics":["Cracked Core","WarpedTongs","Gremlin Horn","Shovel","Cables","Sundial","Nuclear Battery","Anchor","Lantern","Vajra","Mummified Hand","Blue Candle","Prayer Wheel","Centennial Puzzle","Snecko Eye","Ice Cream","Gambling Chip","Orichalcum","Ancient Tea Set","Pen Nib","Ornamental Fan","War Paint"],"potions_floor_usage":[11,13,14,27,27,33,46,50,50],"damage_taken":[{"damage":3.0,"enemies":"Small Slimes","floor":1.0,"turns":3.0},{"damage":3.0,"enemies":"Cultist","floor":3.0,"turns":3.0},{"damage":5.0,"enemies":"2 Louse","floor":4.0,"turns":3.0},{"damage":6.0,"enemies":"Looter","floor":6.0,"turns":2.0},{"damage":7,"enemies":"3 Louse","floor":8,"turns":3},{"damage":5,"enemies":"3 Sentries","floor":11,"turns":5},{"damage":13,"enemies":"Exordium Thugs","floor":13,"turns":4},{"damage":0,"enemies":"Gremlin Nob","floor":14,"turns":2},{"damage":17,"enemies":"The Guardian","floor":16,"turns":9},{"damage":23,"enemies":"2 Thieves","floor":18,"turns":3},{"damage":14,"enemies":"Gremlin Leader","floor":24,"turns":6},{"damage":1,"enemies":"Spheric Guardian","floor":25,"turns":3},{"damage":12,"enemies":"3 Cultists","floor":27,"turns":4},{"damage":9,"enemies":"Shelled Parasite and Fungi","floor":29,"turns":4},{"damage":33,"enemies":"Cultist and Chosen","floor":31,"turns":5},{"damage":7,"enemies":"Champ","floor":33,"turns":10},{"damage":13,"enemies":"3 Shapes","floor":35,"turns":2},{"damage":10,"enemies":"Orb Walker","floor":36,"turns":3},{"damage":0,"enemies":"Giant Head","floor":40,"turns":6},{"damage":3,"enemies":"Writhing Mass","floor":46,"turns":6},{"damage":0,"enemies":"Sphere and 2 Shapes","floor":47,"turns":3},{"damage":8,"enemies":"Spire Growth","floor":48,"turns":4},{"damage":15,"enemies":"Awakened One","floor":50,"turns":8},{"damage":32,"enemies":"Shield and Spear","floor":54,"turns":6},{"damage":45,"enemies":"The Heart","floor":55,"turns":2}],"seed_played":"1488547512181816663","potions_obtained":[{"floor":1.0,"key":"AttackPotion"},{"floor":6.0,"key":"Block Potion"},{"floor":11,"key":"FocusPotion"},{"floor":14,"key":"Swift Potion"},{"floor":16,"key":"EntropicBrew"},{"floor":46,"key":"Explosive Potion"},{"floor":47,"key":"Block Potion"}],"is_trial":false,"path_per_floor":["M","?","M","M","$","M","?","M","T","R","E","R","M","E","R","B",null,"M","$","?","?","?","R","E","M","T","M","R","M","R","M","R","B",null,"M","M","?","?","$","E","R","T","T","R","$","M","M","M","R","B",null,"R","$","E","B"],"character_chosen":"DEFECT","items_purchased":["Compile Driver","Self Repair","Anchor","Ice Cream","Coolheaded","Defragment","Block Potion","Hologram","Recycle"],"campfire_rested":1,"item_purchase_floors":[5,19,19,39,39,39,39,45,53],"current_hp_per_floor":[61,61,58,53,53,47,47,40,40,40,35,35,22,22,41,24,54,31,31,31,31,64,64,57,63,63,58,58,63,63,40,40,40,58,52,42,42,42,42,56,56,56,56,56,56,60,64,64,64,59,63,63,63,45,0],"gold":45,"neow_bonus":"REMOVE_CARD","is_prod":false,"is_daily":false,"chose_seed":false,"campfire_upgraded":1,"win_rate":0,"timestamp":1563482545,"path_taken":["M","?","M","M","$","?","?","M","T","R","E","R","M","E","R","BOSS","M","$","?","?","?","R","E","M","T","?","R","M","R","M","R","BOSS","M","M","?","?","$","E","R","?","T","R","?","M","M","M","R","BOSS","R","$","E","BOSS"],"build_version":"2019-07-17","purchased_purges":2,"victory":false,"max_hp_per_floor":[71,71,71,71,71,71,64,64,64,64,64,64,64,64,64,64,64,64,64,64,64,64,64,64,64,64,64,64,64,64,64,64,64,64,64,64,64,64,64,64,64,64,64,64,64,64,64,64,64,64,64,64,64,64,64],"card_choices":[{"not_picked":["Static Discharge","Gash"],"picked":"Compile Driver","floor":1.0},{"not_picked":["Redo","Gash"],"picked":"Ball Lightning","floor":3.0},{"not_picked":["Compile Driver","Beam Cell"],"picked":"Rip and Tear","floor":4.0},{"not_picked":["Reinforced Body","Barrage"],"picked":"Go for the Eyes","floor":6.0},{"not_picked":["Reboot","Turbo"],"picked":"Rebound","floor":8},{"not_picked":["Streamline","Leap"],"picked":"Cold Snap","floor":11},{"not_picked":["Rebound","Stack"],"picked":"Creative AI","floor":13},{"not_picked":["Sweeping Beam","Stack"],"picked":"Heatsinks","floor":14},{"not_picked":["Creative AI","Reboot"],"picked":"Echo Form","floor":16},{"not_picked":["Cold Snap","Loop"],"picked":"Darkness","floor":18},{"not_picked":["Go for the Eyes","Hello World"],"picked":"Auto Shields","floor":24},{"not_picked":["Skim","Turbo"],"picked":"Consume","floor":25},{"not_picked":["Beam Cell","Streamline"],"picked":"Stack","floor":27},{"not_picked":["Ball Lightning+1","Rebound"],"picked":"White Noise","floor":29},{"not_picked":["Gash","Cold Snap","Sunder"],"picked":"SKIP","floor":31},{"not_picked":["Scrape","Sunder","Turbo"],"picked":"SKIP","floor":31},{"not_picked":["Machine Learning","Electrodynamics"],"picked":"Amplify","floor":33},{"not_picked":["Leap","Steam+1"],"picked":"Echo Form","floor":35},{"not_picked":["Beam Cell","Rebound","Genetic Algorithm"],"picked":"SKIP","floor":35},{"not_picked":["Steam","Go for the Eyes+1","Chaos"],"picked":"SKIP","floor":36},{"not_picked":["Ball Lightning+1","Rebound","Melter"],"picked":"SKIP","floor":36},{"not_picked":["Hologram+1","Compile Driver+1"],"picked":"Loop+1","floor":40},{"not_picked":["Ball Lightning+1","Sweeping Beam","Stack"],"picked":"SKIP","floor":46},{"not_picked":["Sweeping Beam","Chill","Darkness"],"picked":"SKIP","floor":46},{"not_picked":["Gash","Sweeping Beam+1"],"picked":"Coolheaded+1","floor":47},{"not_picked":["Rip and Tear","Gash","Auto Shields"],"picked":"SKIP","floor":47},{"not_picked":["Barrage","Stack"],"picked":"Static Discharge","floor":48},{"not_picked":["Turbo","Blizzard"],"picked":"Capacitor+1","floor":48},{"not_picked":["Redo","Blizzard","Chill"],"picked":"SKIP","floor":54}],"player_experience":2493959,"relics_obtained":[{"floor":9,"key":"Gremlin Horn"},{"floor":11,"key":"Shovel"},{"floor":12,"key":"Cables"},{"floor":14,"key":"Sundial"},{"floor":23,"key":"Lantern"},{"floor":24,"key":"Vajra"},{"floor":26,"key":"Mummified Hand"},{"floor":28,"key":"Blue Candle"},{"floor":30,"key":"Prayer Wheel"},{"floor":32,"key":"Centennial Puzzle"},{"floor":40,"key":"Gambling Chip"},{"floor":41,"key":"Orichalcum"},{"floor":43,"key":"Ancient Tea Set"},{"floor":44,"key":"Pen Nib"},{"floor":52,"key":"Ornamental Fan"},{"floor":54,"key":"War Paint"}],"event_choices":[{"damage_healed":0.0,"max_hp_gain":0.0,"max_hp_loss":0.0,"gold_gain":0.0,"event_name":"Accursed Blacksmith","player_choice":"Rummage","floor":2.0,"gold_loss":0.0,"damage_taken":0.0,"relics_obtained":["WarpedTongs"],"cards_obtained":["Pain"]},{"damage_healed":0.0,"max_hp_gain":0.0,"max_hp_loss":7.0,"gold_gain":0.0,"event_name":"Golden Idol","player_choice":"Lose Max HP","floor":7.0,"gold_loss":0.0,"damage_taken":0.0,"relics_obtained":["Golden Idol"]},{"damage_healed":0,"gold_gain":0,"player_choice":"Read","damage_taken":0,"max_hp_gain":0,"max_hp_loss":0,"event_name":"The Library","floor":20,"gold_loss":0,"cards_obtained":["Turbo"]},{"damage_healed":0,"gold_gain":0,"player_choice":"Simplicity","damage_taken":0,"max_hp_gain":0,"max_hp_loss":0,"event_name":"Back to Basics","floor":21,"gold_loss":0,"cards_upgraded":["Strike_B","Strike_B","Strike_B","Defend_B","Defend_B","Defend_B","Defend_B"]},{"cards_removed":["Rip and Tear"],"damage_healed":33,"gold_gain":0,"player_choice":"Offered Uncommon","damage_taken":0,"max_hp_gain":0,"max_hp_loss":0,"event_name":"Bonfire Elementals","floor":22,"gold_loss":0},{"damage_healed":0,"gold_gain":333,"player_choice":"Gave Idol","damage_taken":0,"max_hp_gain":0,"max_hp_loss":0,"event_name":"The Moai Head","floor":37,"relics_lost":["Golden Idol"],"gold_loss":0},{"damage_healed":0,"gold_gain":0,"player_choice":"Memory 1","damage_taken":0,"max_hp_gain":0,"max_hp_loss":0,"event_name":"SensoryStone","floor":38,"gold_loss":0}],"is_beta":false,"boss_relics":[{"not_picked":["Runic Dome","Lizard Tail"],"picked":"Nuclear Battery"},{"not_picked":["Busted Crown","Velvet Choker"],"picked":"Snecko Eye"}],"items_purged_floors":[5,39],"is_endless":false,"potions_floor_spawned":[1,6,8,11,14,16,25,27,31,46,47,48],"killed_by":"The Heart","ascension_level":19}