{"gold_per_floor":[115,134,48,48,66,66,66,66,89,99,43,68,33,43,43,43],"floor_reached":16,"playtime":231,"items_purged":[],"score":200,"play_id":"70c78aee-1143-40f5-b09b-e47d173e2fa7","local_time":"20181207115407","is_ascension_mode":true,"campfire_choices":[{"data":"Sunder","floor":6,"key":"SMITH"},{"data":"Beam Cell","floor":8,"key":"SMITH"},{"floor":15,"key":"REST"}],"neow_cost":"NONE","seed_source_timestamp":61063715325928,"circlet_count":0,"master_deck":["AscendersBane","Strike_B+1","Strike_B","Strike_B","Strike_B+1","Defend_B","Defend_B","Defend_B","Defend_B","Zap","Dualcast","Sunder+1","Beam Cell+1","Reinforced Body","Ball Lightning","Parasite","Hologram","Conserve Battery"],"relics":["Velvet Choker","Centennial Puzzle","Letter Opener"],"potions_floor_usage":[10],"damage_taken":[{"damage":7,"enemies":"Jaw Worm","floor":1,"turns":2},{"damage":7,"enemies":"2 Louse","floor":2,"turns":2},{"damage":0,"enemies":"Cultist","floor":5,"turns":3},{"damage":4,"enemies":"Exordium Thugs","floor":10,"turns":3},{"damage":20,"enemies":"3 Sentries","floor":12,"turns":8},{"damage":4,"enemies":"Looter","floor":14,"turns":2},{"damage":0,"enemies":"The Guardian","floor":16,"turns":1}],"seed_played":"3749075446626123051","potions_obtained":[{"floor":2,"key":"Poison Potion"},{"floor":5,"key":"FocusPotion"},{"floor":10,"key":"Block Potion"}],"is_trial":false,"path_per_floor":["M","M","$","?","M","R","?","R","T","M","$","E","?","M","R","B"],"character_chosen":"DEFECT","items_purchased":["Reinforced Body","Hologram"],"campfire_rested":1,"item_purchase_floors":[3,11],"current_hp_per_floor":[57,50,50,29,29,29,46,46,46,42,42,22,39,35,56,56],"gold":43,"neow_bonus":"BOSS_RELIC","is_prod":false,"is_daily":false,"chose_seed":false,"campfire_upgraded":2,"win_rate":0,"timestamp":1544212447,"path_taken":["M","M","$","?","M","R","?","R","T","M","?","E","?","M","R","BOSS"],"build_version":"2018-12-06","purchased_purges":0,"victory":false,"max_hp_per_floor":[71,71,71,71,71,71,71,71,71,71,71,71,71,71,71,71],"card_choices":[{"not_picked":["Hologram","Genetic Algorithm"],"picked":"Sunder","floor":1},{"not_picked":["Redo","Storm"],"picked":"Beam Cell","floor":2},{"not_picked":["Redo","Double Energy"],"picked":"Ball Lightning","floor":5},{"not_picked":["Aggregate","All For One"],"picked":"Conserve Battery","floor":12}],"player_experience":981693,"relics_obtained":[{"floor":9,"key":"Centennial Puzzle"},{"floor":12,"key":"Letter Opener"}],"event_choices":[{"damage_healed":0,"gold_gain":0,"player_choice":"Entered Light","damage_taken":21,"max_hp_gain":0,"max_hp_loss":0,"event_name":"Shining Light","floor":4,"gold_loss":0,"cards_upgraded":["Strike_B","Strike_B"]},{"damage_healed":17,"gold_gain":0,"player_choice":"Healed and dodged fight","damage_taken":0,"max_hp_gain":0,"max_hp_loss":0,"event_name":"Mushrooms","floor":7,"gold_loss":0,"cards_obtained":["Parasite"]},{"damage_healed":17,"gold_gain":0,"player_choice":"Healed","damage_taken":0,"max_hp_gain":0,"max_hp_loss":0,"event_name":"The Cleric","floor":13,"gold_loss":35}],"is_beta":true,"boss_relics":[],"items_purged_floors":[],"is_endless":false,"potions_floor_spawned":[2,5,10,14],"killed_by":"The Guardian","ascension_level":20}