{"gold_per_floor":[113,288,588,603,603,603,633,633,633,651,45,55,5,18,18,118,118,137,137,137,149,166,198,198,214,214,214,234,234,254,268,268,370,370,380,480,534,6,20,20,47,47,71,106,116,128,128,147,147,147],"floor_reached":51,"playtime":3759,"items_purged":["Doubt"],"score":797,"play_id":"98b6f9cf-2d57-40bf-8d01-7a7276044b8e","local_time":"20190710185508","is_ascension_mode":true,"campfire_choices":[{"floor":6,"key":"REST"},{"floor":8,"key":"REST"},{"data":"Regret","floor":15,"key":"PURGE"},{"floor":24,"key":"REST"},{"data":"Grand Finale","floor":27,"key":"PURGE"},{"floor":29,"key":"REST"},{"floor":32,"key":"REST"},{"floor":40,"key":"REST"},{"floor":47,"key":"REST"},{"floor":49,"key":"REST"}],"neow_cost":"NONE","seed_source_timestamp":794832740399430,"circlet_count":0,"master_deck":["Survivor","Neutralize","Adrenaline+1","Poisoned Stab","Backflip","Deadly Poison","Dagger Spray","Blade Dance","Infinite Blades","Cloak And Dagger","Slice","Die Die Die","Backflip","Underhanded Strike","Outmaneuver","Poisoned Stab","Die Die Die","Acrobatics","Well Laid Plans","Noxious Fumes","Envenom","Blade Dance","Malaise","Deflect","PiercingWail","Cloak And Dagger+1","Prepared","Deflect+1","Bullet Time","Blade Dance+1","Footwork+1","Acrobatics+1","Flash of Steel","Tools of the Trade","Bullet Time","Adrenaline","Expertise","After Image"],"relics":["Ring of the Snake","Old Coin","Peace Pipe","Gremlin Horn","Ornamental Fan","Pandora\u0027s Box","Nloth\u0027s Gift","Bottled Tornado","Question Card","Philosopher\u0027s Stone","StoneCalendar","FossilizedHelix","Oddly Smooth Stone","Tough Bandages","Sundial","Regal Pillow","Ninja Scroll"],"potions_floor_usage":[10,23,25,28,33,37,39,50],"damage_taken":[{"damage":2,"enemies":"2 Louse","floor":1,"turns":3},{"damage":14,"enemies":"Jaw Worm","floor":4,"turns":6},{"damage":45,"enemies":"Gremlin Nob","floor":7,"turns":6},{"damage":0,"enemies":"Small Slimes","floor":10,"turns":1},{"damage":0,"enemies":"Blue Slaver","floor":12,"turns":3},{"damage":1,"enemies":"Large Slime","floor":14,"turns":4},{"damage":43,"enemies":"The Guardian","floor":16,"turns":13},{"damage":0,"enemies":"3 Byrds","floor":18,"turns":3},{"damage":14,"enemies":"Spheric Guardian","floor":21,"turns":5},{"damage":19,"enemies":"Centurion and Healer","floor":22,"turns":6},{"damage":10,"enemies":"Book of Stabbing","floor":23,"turns":7},{"damage":13,"enemies":"Chosen and Byrds","floor":25,"turns":5},{"damage":0,"enemies":"Snake Plant","floor":28,"turns":5},{"damage":4,"enemies":"Centurion and Healer","floor":30,"turns":5},{"damage":25,"enemies":"Shelled Parasite and Fungi","floor":31,"turns":7},{"damage":52,"enemies":"Champ","floor":33,"turns":10},{"damage":21,"enemies":"3 Shapes","floor":35,"turns":2},{"damage":0,"enemies":"Mind Bloom Boss Battle","floor":36,"turns":6},{"damage":43,"enemies":"2 Orb Walkers","floor":37,"turns":5},{"damage":10,"enemies":"3 Darklings","floor":39,"turns":5},{"damage":5,"enemies":"Giant Head","floor":41,"turns":9},{"damage":21,"enemies":"Nemesis","floor":44,"turns":7},{"damage":6,"enemies":"4 Shapes","floor":45,"turns":2},{"damage":10,"enemies":"Jaw Worm Horde","floor":46,"turns":3},{"damage":33,"enemies":"Writhing Mass","floor":48,"turns":7},{"damage":5,"enemies":"Donu and Deca","floor":50,"turns":11}],"seed_played":"-5113818137535698855","potions_obtained":[{"floor":4,"key":"LiquidBronze"},{"floor":7,"key":"Fire Potion"},{"floor":14,"key":"Dexterity Potion"},{"floor":21,"key":"Strength Potion"},{"floor":22,"key":"GhostInAJar"},{"floor":23,"key":"Poison Potion"},{"floor":25,"key":"SteroidPotion"},{"floor":37,"key":"AttackPotion"},{"floor":44,"key":"Swift Potion"},{"floor":48,"key":"GhostInAJar"}],"is_trial":false,"path_per_floor":["M","?","?","M","?","R","E","R","T","M","$","M","$","M","R","B",null,"M","?","$","M","M","E","R","M","T","R","M","R","M","M","R","B",null,"M","?","?","$","M","R","E","?","T","E","M","M","R","M","R","B",null],"character_chosen":"THE_SILENT","items_purchased":["Dagger Spray","Lee\u0027s Waffle","Ornamental Fan","Blade Dance","Cloak And Dagger","Flash of Steel","Oddly Smooth Stone","Tough Bandages"],"campfire_rested":8,"item_purchase_floors":[11,11,11,11,13,38,38,38],"current_hp_per_floor":[68,68,68,54,40,61,16,37,37,37,77,77,77,76,76,33,77,77,77,77,63,44,34,57,44,44,44,44,67,63,38,61,9,77,56,56,13,13,3,26,21,77,77,56,50,40,77,44,77,72],"gold":147,"neow_bonus":"ONE_RANDOM_RARE_CARD","is_prod":false,"is_daily":false,"chose_seed":false,"campfire_upgraded":0,"win_rate":0,"timestamp":1562752508,"path_taken":["M","?","?","M","?","R","E","R","T","M","?","M","$","?","R","BOSS","M","?","$","M","M","E","R","M","T","R","M","R","?","M","R","BOSS","M","?","?","$","M","R","E","?","T","E","M","?","R","M","R","BOSS"],"build_version":"2019-07-05","purchased_purges":1,"victory":true,"max_hp_per_floor":[70,70,70,70,70,70,70,70,70,70,77,77,77,77,77,77,77,77,77,77,77,77,77,77,77,77,77,77,77,77,77,77,77,77,77,77,77,77,77,77,77,77,77,77,77,77,77,77,77,77],"card_choices":[{"not_picked":["Outmaneuver","Slice","Distraction"],"picked":"SKIP","floor":1},{"not_picked":["Backflip","Quick Slash"],"picked":"Poisoned Stab","floor":4},{"not_picked":["Deadly Poison","Glass Knife"],"picked":"Backflip","floor":7},{"not_picked":["Slice","Reflex"],"picked":"Deadly Poison","floor":10},{"not_picked":["Sucker Punch","Bane"],"picked":"Infinite Blades","floor":12},{"not_picked":["Deflect","Backflip"],"picked":"Slice","floor":14},{"not_picked":["Night Terror","Burst"],"picked":"Die Die Die","floor":16},{"not_picked":["Bane","Deadly Poison"],"picked":"Blade Dance","floor":18},{"not_picked":["Flechettes","Dagger Spray+1"],"picked":"Malaise","floor":21},{"not_picked":["Dagger Spray","Acrobatics"],"picked":"Deflect","floor":22},{"not_picked":["Cloak And Dagger","Envenom"],"picked":"PiercingWail","floor":23},{"not_picked":["Quick Slash","Heel Hook"],"picked":"Cloak And Dagger+1","floor":25},{"not_picked":["Acrobatics","Backstab","Concentrate"],"picked":"Prepared","floor":28},{"not_picked":["Eviscerate","Bane","Dagger Spray","Backflip"],"picked":"SKIP","floor":30},{"not_picked":["Eviscerate","Endless Agony","Setup"],"picked":"Deflect+1","floor":31},{"not_picked":["Grand Finale","Wraith Form v2","Doppelganger"],"picked":"Bullet Time","floor":33},{"not_picked":["Reflex","Prepared+1","Well Laid Plans"],"picked":"Blade Dance+1","floor":35},{"not_picked":["Noxious Fumes","Flechettes+1","Slice"],"picked":"Footwork+1","floor":36},{"not_picked":["Underhanded Strike","Distraction","PiercingWail"],"picked":"Acrobatics+1","floor":37},{"not_picked":["Doppelganger","Poisoned Stab+1","Endless Agony"],"picked":"Tools of the Trade","floor":39},{"not_picked":["Expertise","A Thousand Cuts","Endless Agony+1"],"picked":"Bullet Time","floor":41},{"not_picked":["Choke","Eviscerate+1","Night Terror"],"picked":"Adrenaline","floor":44},{"not_picked":["Finisher+1","Heel Hook+1","Deadly Poison+1","Masterful Stab"],"picked":"SKIP","floor":45},{"not_picked":["Caltrops","Skewer","Deadly Poison"],"picked":"Expertise","floor":46},{"not_picked":["Underhanded Strike","Bane+1","Predator+1"],"picked":"After Image","floor":48}],"player_experience":98724,"relics_obtained":[{"floor":7,"key":"Peace Pipe"},{"floor":9,"key":"Gremlin Horn"},{"floor":23,"key":"Bottled Tornado"},{"floor":26,"key":"Question Card"},{"floor":36,"key":"StoneCalendar"},{"floor":37,"key":"FossilizedHelix"},{"floor":41,"key":"Sundial"},{"floor":43,"key":"Regal Pillow"},{"floor":44,"key":"Ninja Scroll"}],"event_choices":[{"damage_healed":0,"gold_gain":175,"player_choice":"AGREE","damage_taken":0,"max_hp_gain":0,"max_hp_loss":0,"event_name":"Liars Game","floor":2,"gold_loss":0,"cards_obtained":["Doubt"]},{"damage_healed":0,"gold_gain":0,"player_choice":"Box","damage_taken":0,"relics_obtained":["Old Coin"],"max_hp_gain":0,"max_hp_loss":0,"event_name":"Big Fish","floor":3,"gold_loss":0,"cards_obtained":["Regret"]},{"damage_healed":0,"gold_gain":0,"player_choice":"Entered Light","damage_taken":14,"max_hp_gain":0,"max_hp_loss":0,"event_name":"Shining Light","floor":5,"gold_loss":0,"cards_upgraded":["Adrenaline","Defend_G"]},{"damage_healed":0,"gold_gain":0,"player_choice":"Traded Relic","damage_taken":0,"relics_obtained":["Nloth\u0027s Gift"],"max_hp_gain":0,"max_hp_loss":0,"event_name":"N\u0027loth","floor":19,"relics_lost":["Lee\u0027s Waffle"],"gold_loss":0},{"damage_healed":0,"gold_gain":0,"player_choice":"Fight","damage_taken":0,"max_hp_gain":0,"max_hp_loss":0,"event_name":"MindBloom","floor":36,"gold_loss":0},{"damage_healed":0,"gold_gain":0,"player_choice":"Fight","damage_taken":0,"max_hp_gain":0,"max_hp_loss":0,"event_name":"Mysterious Sphere","floor":37,"gold_loss":0},{"damage_healed":56,"gold_gain":0,"player_choice":"Full Heal","damage_taken":0,"max_hp_gain":0,"max_hp_loss":0,"event_name":"Wheel of Change","floor":42,"gold_loss":0}],"is_beta":false,"boss_relics":[{"not_picked":["Fusion Hammer","HoveringKite"],"picked":"Pandora\u0027s Box"},{"not_picked":["Snecko Eye","Eternal Feather"],"picked":"Philosopher\u0027s Stone"}],"items_purged_floors":[11],"is_endless":false,"potions_floor_spawned":[4,7,14,21,22,23,25,37,44,48],"ascension_level":2}