{"gold_per_floor":[115,115,135,135,32,32,68,68,139,139,162,183,197,268,268,363,363,377,377,65,86,106,106,106],"floor_reached":24,"playtime":830,"items_purged":["Pain"],"score":462,"play_id":"8bf4ad66-c417-4f13-abec-e63d221010c5","local_time":"20190331003837","is_ascension_mode":true,"campfire_choices":[{"data":"Zap","floor":6.0,"key":"SMITH"},{"data":"Hello World","floor":8.0,"key":"SMITH"},{"data":"Dualcast","floor":10.0,"key":"SMITH"},{"data":"Hologram","floor":15.0,"key":"SMITH"},{"data":"Hologram","floor":23.0,"key":"SMITH"}],"neow_cost":"NONE","seed_source_timestamp":20802997881247,"circlet_count":0,"master_deck":["AscendersBane","Zap+1","Dualcast+1","Genetic Algorithm","Ball Lightning","Hello World+1","Conserve Battery","Echo Form","Leap","Hologram+1","Conserve Battery","Creative AI","Creative AI","Storm","Rip and Tear","Cold Snap","Hologram+1","Force Field","Turbo","Creative AI","Seek","Steam","Hologram","Stack","Sunder","Self Repair","Reinforced Body","Force Field+1"],"special_seed":0,"relics":["Cracked Core","NeowsBlessing","Golden Idol","Oddly Smooth Stone","Mummified Hand","Tiny Chest","Pandora\u0027s Box","WarpedTongs"],"potions_floor_usage":[24],"damage_taken":[{"damage":0.0,"enemies":"Small Slimes","floor":1.0,"turns":1.0},{"damage":0.0,"enemies":"Jaw Worm","floor":3.0,"turns":1.0},{"damage":0.0,"enemies":"Lagavulin","floor":7.0,"turns":1.0},{"damage":0.0,"enemies":"Cultist","floor":11.0,"turns":3.0},{"damage":0.0,"enemies":"Exordium Thugs","floor":12.0,"turns":4.0},{"damage":9.0,"enemies":"Exordium Wildlife","floor":13.0,"turns":4.0},{"damage":4.0,"enemies":"3 Sentries","floor":14.0,"turns":6.0},{"damage":18.0,"enemies":"Hexaghost","floor":16.0,"turns":10.0},{"damage":0.0,"enemies":"Spheric Guardian","floor":18.0,"turns":4.0},{"damage":2.0,"enemies":"Shell Parasite","floor":21.0,"turns":4.0},{"damage":14.0,"enemies":"Shelled Parasite and Fungi","floor":22.0,"turns":4.0},{"damage":48,"enemies":"Gremlin Leader","floor":24,"turns":2}],"seed_played":"6903466693839701736","potions_obtained":[{"floor":1.0,"key":"SkillPotion"},{"floor":7.0,"key":"Energy Potion"},{"floor":14.0,"key":"Swift Potion"},{"floor":18.0,"key":"Strength Potion"}],"is_trial":false,"path_per_floor":["M","?","M","?","$","R","E","R","T","R","M","M","M","E","R","B",null,"M","?","$","M","M","R","E"],"character_chosen":"DEFECT","items_purchased":["Hello World","Conserve Battery","Hologram","Stack","Sunder","Self Repair"],"campfire_rested":0,"item_purchase_floors":[5,5,20,20,20,20],"current_hp_per_floor":[64,64,64,64,64,64,64,64,64,64,64,64,55,51,51,33,56,56,56,56,54,47,47,0],"gold":106,"neow_bonus":"THREE_ENEMY_KILL","is_prod":false,"is_daily":false,"chose_seed":false,"campfire_upgraded":5,"win_rate":0,"timestamp":1554017917,"path_taken":["M","?","M","?","$","R","E","R","T","R","M","?","M","E","R","BOSS","M","?","$","M","M","R","E"],"build_version":"2019-03-15","purchased_purges":1,"victory":false,"max_hp_per_floor":[71,64,64,64,64,64,64,64,64,64,64,64,64,64,64,64,64,64,64,64,64,64,64,64],"card_choices":[{"not_picked":["Heatsinks","Stack"],"picked":"Genetic Algorithm","floor":1.0},{"not_picked":["Redo","Tempest"],"picked":"Ball Lightning","floor":3.0},{"not_picked":["Auto Shields","Ball Lightning"],"picked":"Echo Form","floor":7.0},{"not_picked":["Go for the Eyes","Turbo"],"picked":"Leap","floor":11.0},{"not_picked":["Go for the Eyes","Steam"],"picked":"Hologram","floor":12.0},{"not_picked":["Sweeping Beam","Rebound"],"picked":"Conserve Battery","floor":13.0},{"not_picked":["Leap","Barrage"],"picked":"Creative AI","floor":14.0},{"not_picked":["Amplify","Fission"],"picked":"Creative AI","floor":16.0},{"not_picked":["Cold Snap","Sweeping Beam"],"picked":"Steam","floor":18.0},{"not_picked":["Steam","Cold Snap"],"picked":"Reinforced Body","floor":21.0},{"not_picked":["Skim","Beam Cell"],"picked":"Force Field+1","floor":22.0}],"player_experience":1391997,"relics_obtained":[{"floor":7.0,"key":"Oddly Smooth Stone"},{"floor":9.0,"key":"Mummified Hand"},{"floor":14.0,"key":"Tiny Chest"}],"event_choices":[{"damage_healed":0.0,"max_hp_gain":0.0,"max_hp_loss":7.0,"gold_gain":0.0,"event_name":"Golden Idol","player_choice":"Lose Max HP","floor":2.0,"gold_loss":0.0,"damage_taken":0.0,"relics_obtained":["Golden Idol"]},{"damage_healed":0.0,"max_hp_gain":0.0,"max_hp_loss":0.0,"gold_gain":0.0,"event_name":"The Cleric","player_choice":"Leave","floor":4.0,"gold_loss":0.0,"damage_taken":0.0},{"damage_healed":0.0,"max_hp_gain":0.0,"max_hp_loss":0.0,"gold_gain":0.0,"event_name":"Accursed Blacksmith","player_choice":"Rummage","floor":19.0,"gold_loss":0.0,"damage_taken":0.0,"relics_obtained":["WarpedTongs"],"cards_obtained":["Pain"]}],"is_beta":true,"boss_relics":[{"not_picked":["Nuclear Battery","Velvet Choker"],"picked":"Pandora\u0027s Box"}],"items_purged_floors":[20],"is_endless":false,"potions_floor_spawned":[1,7,11,14,18],"killed_by":"Gremlin Leader","ascension_level":20}