{"gold_per_floor":[118,68,68,16,31,62,77,77,126,141,141,141,170,183,183,288,288,303,303,403,385,403,403,403],"floor_reached":24,"playtime":907,"items_purged":[],"score":206,"play_id":"593b567a-c422-401f-aef9-cfe359b75d6c","local_time":"20190113150519","is_ascension_mode":true,"campfire_choices":[{"floor":11,"key":"REST"},{"floor":15,"key":"REST"},{"floor":23,"key":"REST"}],"neow_cost":"NONE","seed_source_timestamp":334569202474667,"circlet_count":0,"master_deck":["Defend_G+1","Defend_G+1","Defend_G+1","Defend_G+1","Defend_G+1","Strike_G+1","Strike_G+1","Strike_G+1","Strike_G+1","Survivor","Neutralize","Dash","Acrobatics","Dagger Spray","Backflip","Deadly Poison","Slice","After Image","Outmaneuver+1"],"relics":["Ring of the Snake","Regal Pillow","Anchor","Odd Mushroom","Black Star"],"potions_floor_usage":[13,16,24,24],"damage_taken":[{"damage":0,"enemies":"2 Louse","floor":1,"turns":3},{"damage":5,"enemies":"Jaw Worm","floor":5,"turns":4},{"damage":57,"enemies":"Gremlin Nob","floor":6,"turns":7},{"damage":2,"enemies":"Small Slimes","floor":7,"turns":3},{"damage":0,"enemies":"3 Louse","floor":10,"turns":2},{"damage":14,"enemies":"The Mushroom Lair","floor":13,"turns":6},{"damage":5,"enemies":"Large Slime","floor":14,"turns":7},{"damage":52,"enemies":"Hexaghost","floor":16,"turns":12},{"damage":23,"enemies":"Chosen","floor":18,"turns":8},{"damage":1,"enemies":"2 Thieves","floor":21,"turns":4},{"damage":18,"enemies":"Snake Plant","floor":22,"turns":6},{"damage":79,"enemies":"Gremlin Leader","floor":24,"turns":8}],"seed_played":"-4524872712957162958","potions_obtained":[{"floor":1,"key":"SkillPotion"},{"floor":7,"key":"Block Potion"},{"floor":16,"key":"AttackPotion"},{"floor":22,"key":"Poison Potion"}],"is_trial":false,"path_per_floor":["M","?","?","$","M","E","M","?","T","M","R","?","?","M","R","B",null,"M","?","?","M","M","R","E"],"character_chosen":"THE_SILENT","items_purchased":["Acrobatics"],"campfire_rested":3,"item_purchase_floors":[4],"current_hp_per_floor":[77,77,82,82,77,20,18,18,18,18,57,57,43,38,77,25,82,59,59,59,58,40,79,0],"gold":403,"neow_bonus":"TEN_PERCENT_HP_BONUS","is_prod":false,"is_daily":false,"chose_seed":false,"campfire_upgraded":0,"win_rate":0,"timestamp":1547409919,"path_taken":["M","?","?","$","M","E","M","?","T","M","R","?","?","M","R","BOSS","M","?","?","M","?","R","E"],"build_version":"2019-01-10","purchased_purges":0,"victory":false,"max_hp_per_floor":[77,77,82,82,82,82,82,82,82,82,82,82,82,82,82,82,82,82,82,82,82,82,82,82],"card_choices":[{"not_picked":["Underhanded Strike","Bane"],"picked":"Dash","floor":1},{"not_picked":["Calculated Gamble","Slice"],"picked":"Dagger Spray","floor":5},{"not_picked":["PiercingWail","Bullet Time","Expertise"],"picked":"SKIP","floor":6},{"not_picked":["Flying Knee","Cloak And Dagger"],"picked":"Backflip","floor":7},{"not_picked":["PiercingWail","Flying Knee"],"picked":"Deadly Poison","floor":10},{"not_picked":["Dash","Predator"],"picked":"Slice","floor":14},{"not_picked":["Adrenaline","Night Terror"],"picked":"After Image","floor":16},{"not_picked":["Dash","Underhanded Strike","Backflip"],"picked":"SKIP","floor":18},{"not_picked":["Cloak And Dagger","Eviscerate","Dagger Spray"],"picked":"SKIP","floor":21},{"not_picked":["Riddle With Holes","Flying Knee"],"picked":"Outmaneuver+1","floor":22}],"player_experience":28371,"relics_obtained":[{"floor":6,"key":"Regal Pillow"},{"floor":9,"key":"Anchor"},{"floor":13,"key":"Odd Mushroom"}],"event_choices":[{"cards_removed":["Strike_G"],"damage_healed":0,"gold_gain":0,"player_choice":"Card Removal","damage_taken":0,"max_hp_gain":0,"max_hp_loss":0,"event_name":"The Cleric","floor":2,"gold_loss":50},{"damage_healed":0,"gold_gain":0,"player_choice":"Donut","damage_taken":0,"max_hp_gain":5,"max_hp_loss":0,"event_name":"Big Fish","floor":3,"gold_loss":0},{"damage_healed":0,"gold_gain":0,"player_choice":"Ignored","damage_taken":0,"max_hp_gain":0,"max_hp_loss":0,"event_name":"Golden Idol","floor":8,"gold_loss":0},{"damage_healed":0,"gold_gain":0,"player_choice":"Ignored","damage_taken":0,"max_hp_gain":0,"max_hp_loss":0,"event_name":"Liars Game","floor":12,"gold_loss":0},{"damage_healed":0,"gold_gain":0,"player_choice":"Fought Mushrooms","damage_taken":0,"max_hp_gain":0,"max_hp_loss":0,"event_name":"Mushrooms","floor":13,"gold_loss":0},{"damage_healed":0,"gold_gain":0,"player_choice":"Simplicity","damage_taken":0,"max_hp_gain":0,"max_hp_loss":0,"event_name":"Back to Basics","floor":19,"gold_loss":0,"cards_upgraded":["Defend_G","Defend_G","Defend_G","Defend_G","Defend_G","Strike_G","Strike_G","Strike_G","Strike_G"]},{"damage_healed":0,"gold_gain":100,"player_choice":"Pray","damage_taken":0,"max_hp_gain":0,"max_hp_loss":0,"event_name":"Golden Shrine","floor":20,"gold_loss":0}],"is_beta":false,"boss_relics":[{"not_picked":["Orrery","Runic Pyramid"],"picked":"Black Star"}],"items_purged_floors":[],"is_endless":false,"potions_floor_spawned":[1,7,16,22],"killed_by":"Gremlin Leader","ascension_level":1}