{"gold_per_floor":[213,51,62,78,96,111,130,130,156,170,170,70,83,101,101,204,204,215,215,225,25,45,45,62,79,104,118,118,118,136,136],"floor_reached":31,"playtime":1460,"items_purged":["Strike_R","Strike_R"],"score":237,"play_id":"2258cf4a-316a-4727-bf52-77d7e2769c42","local_time":"20190727215820","is_ascension_mode":false,"campfire_choices":[{"data":"Uppercut","floor":11,"key":"SMITH"},{"data":"Deep Breath","floor":15,"key":"SMITH"},{"data":"Cleave","floor":23,"key":"SMITH"},{"floor":28,"key":"REST"}],"neow_cost":"NONE","seed_source_timestamp":1527779735741858,"circlet_count":0,"master_deck":["Strike_R","Strike_R","Strike_R","Defend_R","Defend_R","Defend_R","Defend_R","Bash","Uppercut+1","Deep Breath+1","Disarm","Cleave+1","Dropkick","Streamline+1"],"relics":["Burning Blood","Ancient Tea Set","Sozu","PrismaticShard","PreservedInsect"],"potions_floor_usage":[5,6,24,27,27],"damage_taken":[{"damage":8,"enemies":"Jaw Worm","floor":1,"turns":5},{"damage":0,"enemies":"2 Louse","floor":3,"turns":3},{"damage":3,"enemies":"Small Slimes","floor":4,"turns":3},{"damage":14,"enemies":"3 Louse","floor":5,"turns":4},{"damage":12,"enemies":"Gremlin Gang","floor":6,"turns":4},{"damage":12,"enemies":"Exordium Wildlife","floor":7,"turns":4},{"damage":10,"enemies":"Looter","floor":10,"turns":2},{"damage":0,"enemies":"2 Fungi Beasts","floor":13,"turns":2},{"damage":0,"enemies":"Large Slime","floor":14,"turns":4},{"damage":48,"enemies":"Slime Boss","floor":16,"turns":12},{"damage":27,"enemies":"2 Thieves","floor":18,"turns":4},{"damage":4,"enemies":"Chosen","floor":20,"turns":3},{"damage":9,"enemies":"Snake Plant","floor":22,"turns":5},{"damage":35,"enemies":"Sentry and Sphere","floor":24,"turns":7},{"damage":1,"enemies":"Cultist and Chosen","floor":25,"turns":4},{"damage":17,"enemies":"Centurion and Healer","floor":27,"turns":5},{"damage":15,"enemies":"Snake Plant","floor":30,"turns":4},{"damage":27,"enemies":"Sentry and Sphere","floor":31,"turns":3}],"seed_played":"-9205163962735175268","potions_obtained":[{"floor":4,"key":"Energy Potion"},{"floor":5,"key":"Fire Potion"},{"floor":6,"key":"Block Potion"},{"floor":10,"key":"Strength Potion"},{"floor":14,"key":"FearPotion"}],"is_trial":false,"path_per_floor":["M","$","M","M","M","M","M","?","T","M","R","$","M","M","R","B",null,"M","?","M","$","M","R","M","M","T","M","R","$","M","M"],"character_chosen":"IRONCLAD","items_purchased":["Deep Breath","PrismaticShard"],"campfire_rested":1,"item_purchase_floors":[2,21],"current_hp_per_floor":[78,78,80,80,72,66,60,60,60,56,56,56,62,68,68,26,80,59,44,46,46,43,43,14,19,19,8,33,33,24,0],"gold":136,"neow_bonus":"HUNDRED_GOLD","is_prod":false,"is_daily":false,"chose_seed":false,"campfire_upgraded":3,"win_rate":0,"timestamp":1564282700,"path_taken":["M","$","M","M","M","M","M","?","T","M","R","$","M","M","R","BOSS","M","?","M","$","M","R","M","M","T","M","R","$","M","M"],"build_version":"2019-07-17","purchased_purges":2,"victory":false,"max_hp_per_floor":[80,80,80,80,80,80,80,80,80,80,80,80,80,80,80,80,80,80,85,85,85,85,85,85,85,85,85,85,85,85,85],"card_choices":[{"not_picked":["Iron Wave","Reckless Charge"],"picked":"Uppercut","floor":1},{"not_picked":["Heavy Blade","Armaments","Thunderclap"],"picked":"SKIP","floor":3},{"not_picked":["Body Slam","Armaments"],"picked":"Disarm","floor":4},{"not_picked":["True Grit","Hemokinesis","Havoc"],"picked":"SKIP","floor":5},{"not_picked":["Body Slam","Perfected Strike","Limit Break"],"picked":"SKIP","floor":6},{"not_picked":["Clash","Sentinel","True Grit"],"picked":"SKIP","floor":7},{"not_picked":["Sword Boomerang","Headbutt"],"picked":"Cleave","floor":10},{"not_picked":["Body Slam","Hemokinesis","Heavy Blade"],"picked":"SKIP","floor":13},{"not_picked":["Body Slam","Brutality","Seeing Red"],"picked":"SKIP","floor":14},{"not_picked":["Flex","True Grit"],"picked":"Dropkick","floor":18},{"not_picked":["Iron Wave","Clothesline+1","Twin Strike"],"picked":"SKIP","floor":20},{"not_picked":["Sucker Punch","Leap"],"picked":"Streamline+1","floor":22},{"not_picked":["Loop","Go for the Eyes","Fire Breathing"],"picked":"SKIP","floor":24},{"not_picked":["Mind Blast","Dodge and Roll","Good Instincts"],"picked":"SKIP","floor":25},{"not_picked":["Deadly Poison","Flex","Bane"],"picked":"SKIP","floor":27},{"not_picked":["Bullet Time","Genetic Algorithm","Heavy Blade+1"],"picked":"SKIP","floor":30}],"player_experience":916532,"relics_obtained":[{"floor":9,"key":"Ancient Tea Set"},{"floor":26,"key":"PreservedInsect"}],"event_choices":[{"damage_healed":0,"gold_gain":0,"player_choice":"Ignored","damage_taken":0,"max_hp_gain":0,"max_hp_loss":0,"event_name":"Liars Game","floor":8,"gold_loss":0},{"damage_healed":0,"gold_gain":0,"player_choice":"Shed Blood","damage_taken":20,"max_hp_gain":5,"max_hp_loss":0,"event_name":"Forgotten Altar","floor":19,"gold_loss":0}],"is_beta":false,"boss_relics":[{"not_picked":["Coffee Dripper","Runic Cube"],"picked":"Sozu"}],"items_purged_floors":[2,12],"is_endless":false,"potions_floor_spawned":[4,5,6,10,14,18,22,27,30],"killed_by":"Sentry and Sphere","ascension_level":0}