{"gold_per_floor":[114,114,129,145,70,70,3,3,50,71,84,104,147,166,166,262,262,257,257,3,3,17,17,17,30,30,30,30,30],"floor_reached":29,"playtime":827,"items_purged":["Strike_B"],"score":394,"play_id":"c8750c87-9c5f-4ba4-9fc9-f6c54ecda1a2","local_time":"20180808135050","is_ascension_mode":true,"campfire_choices":[{"data":"Streamline","floor":6,"key":"SMITH"},{"data":"Zap","floor":8,"key":"SMITH"},{"data":"Hologram","floor":15,"key":"SMITH"},{"floor":23,"key":"REST"},{"floor":28,"key":"REST"}],"neow_cost":"","seed_source_timestamp":786670906279571,"circlet_count":0,"master_deck":["Strike_B","Strike_B","Defend_B","Defend_B","Defend_B","Defend_B","Zap+1","Dualcast","AscendersBane","Cold Snap","Streamline+1","Go for the Eyes","FTL","Redo","Hologram+1","Sweeping Beam","Glacier","Beam Cell","Echo Form","Barrage","Coolheaded","Glacier","Glacier"],"relics":["Cracked Core","Golden Idol","Boot","Art of War","Inserter","ClockworkSouvenir","Singing Bowl"],"potions_floor_usage":[10,13,18],"damage_taken":[{"damage":2,"enemies":"Jaw Worm","floor":1,"turns":5},{"damage":10,"enemies":"Small Slimes","floor":3,"turns":3},{"damage":0,"enemies":"2 Louse","floor":4,"turns":2},{"damage":0,"enemies":"Lots of Slimes","floor":10,"turns":1},{"damage":9,"enemies":"2 Fungi Beasts","floor":11,"turns":3},{"damage":7,"enemies":"Red Slaver","floor":12,"turns":2},{"damage":8,"enemies":"Gremlin Nob","floor":13,"turns":3},{"damage":0,"enemies":"Gremlin Gang","floor":14,"turns":5},{"damage":4,"enemies":"Hexaghost","floor":16,"turns":13},{"damage":21,"enemies":"2 Thieves","floor":18,"turns":4},{"damage":16,"enemies":"3 Byrds","floor":22,"turns":5},{"damage":0,"enemies":"Centurion and Healer","floor":25,"turns":7},{"damage":31,"enemies":"Slavers","floor":29,"turns":4}],"seed_played":"1815335154578280388","potions_obtained":[{"floor":3,"key":"Regen Potion"},{"floor":4,"key":"PowerPotion"},{"floor":10,"key":"SkillPotion"},{"floor":16,"key":"SteroidPotion"},{"floor":22,"key":"SpeedPotion"}],"is_trial":false,"path_per_floor":["M","?","M","M","$","R","$","R","T","M","M","M","E","M","R","B",null,"M","?","$","?","M","R","$","M","T","?","R"],"character_chosen":"DEFECT","items_purchased":["FTL","ClockworkSouvenir","Coolheaded"],"campfire_rested":2,"item_purchase_floors":[7,20,20],"current_hp_per_floor":[62,62,52,52,52,52,52,52,52,52,43,36,37,37,37,33,56,35,35,35,35,19,38,38,38,38,38,57,26],"gold":30,"neow_bonus":"","is_prod":false,"is_daily":false,"chose_seed":false,"campfire_upgraded":3,"win_rate":0,"timestamp":1533761450,"path_taken":["M","?","M","M","$","R","$","R","T","M","M","?","E","M","R","BOSS","M","?","$","?","M","R","?","M","T","?","R","E"],"build_version":"2018-08-07v3","purchased_purges":1,"victory":false,"max_hp_per_floor":[71,64,64,64,64,64,64,64,64,64,64,64,64,64,64,64,64,64,64,64,64,64,64,64,64,64,64,64,64],"card_choices":[{"not_picked":["Stack","Heatsinks"],"picked":"Cold Snap","floor":1},{"not_picked":["Beam Cell","Gash"],"picked":"Streamline","floor":3},{"not_picked":["Steam","Redo"],"picked":"Go for the Eyes","floor":4},{"not_picked":["Stack","Fusion"],"picked":"Redo","floor":10},{"not_picked":["Stack","Turbo"],"picked":"Hologram","floor":11},{"not_picked":["Storm","Barrage"],"picked":"Sweeping Beam","floor":12},{"not_picked":["Rainbow","Turbo"],"picked":"Glacier","floor":13},{"not_picked":["Heatsinks","Consume"],"picked":"Beam Cell","floor":14},{"not_picked":["Creative AI","Hyperbeam"],"picked":"Echo Form","floor":16},{"not_picked":["Chaos","Skim+1"],"picked":"Barrage","floor":18},{"not_picked":["Stack","Fusion+1"],"picked":"Glacier","floor":22},{"not_picked":["Turbo","Recycle"],"picked":"Glacier","floor":25}],"player_experience":762615,"relics_obtained":[{"floor":9,"key":"Boot"},{"floor":13,"key":"Art of War"},{"floor":26,"key":"Singing Bowl"}],"event_choices":[{"event_name":"Golden Idol","player_choice":"Lose Max HP","floor":2,"damage_taken":0},{"event_name":"Bonfire Elementals","player_choice":"BASIC","floor":19,"damage_taken":0},{"event_name":"The Mausoleum","player_choice":"No","floor":21,"damage_taken":0},{"event_name":"Addict","player_choice":"Ignored","floor":27,"damage_taken":0}],"is_beta":true,"boss_relics":[{"not_picked":["Empty Cage","Velvet Choker"],"picked":"Inserter"}],"items_purged_floors":[5],"is_endless":false,"potions_floor_spawned":[3,4,10,11,16,22],"killed_by":"Slavers","ascension_level":15}