{"gold_per_floor":[113,131,149,169,134,165,165,165,234,244,18,18,50,61,61,135,135,148,198,198,148,22,22,40,40,40,75,95,95,113,113,113,187,187,200,219,219,237,237,265,265,292,292,292,292,292,292,310,310,310,310],"floor_reached":51,"playtime":2190,"items_purged":["Strike_B"],"score":1390,"play_id":"dfaab4f8-464f-4054-bab2-4078ffde6bf2","local_time":"20190321185444","is_ascension_mode":true,"campfire_choices":[{"data":"Streamline","floor":7.0,"key":"SMITH"},{"data":"Sunder","floor":12.0,"key":"SMITH"},{"data":"1","floor":15.0,"key":"LIFT"},{"data":"2","floor":23.0,"key":"LIFT"},{"data":"3","floor":25.0,"key":"LIFT"},{"data":"Defragment","floor":32.0,"key":"SMITH"},{"floor":41.0,"key":"REST"},{"floor":45.0,"key":"REST"},{"floor":47.0,"key":"REST"},{"data":"Apotheosis","floor":49.0,"key":"SMITH"}],"neow_cost":"NONE","seed_source_timestamp":26854761332659,"circlet_count":0,"master_deck":["AscendersBane","Zap","Dualcast","Melter+1","Hello World","Streamline+1","Auto Shields","Stack","Undo","Sunder+1","Ball Lightning","Coolheaded","White Noise","Self Repair","Echo Form+1","Rebound+1","Rip and Tear","Self Repair","Coolheaded","Undo","Force Field+1","Ball Lightning","Defragment+1","Biased Cognition","Melter","Auto Shields","Redo","Beam Cell","Glacier","Doom and Gloom+1","Injury","Apotheosis+1","Hologram"],"special_seed":0,"relics":["Velvet Choker","Girya","Pantograph","PreservedInsect","Cursed Key","Orichalcum","Ginger","Spirit Poop","Pandora\u0027s Box","Bird Faced Urn","Art of War","Bottled Lightning"],"potions_floor_usage":[],"damage_taken":[{"damage":0.0,"enemies":"Cultist","floor":1.0,"turns":4.0},{"damage":4.0,"enemies":"2 Louse","floor":2.0,"turns":2.0},{"damage":2.0,"enemies":"Jaw Worm","floor":3.0,"turns":3.0},{"damage":19.0,"enemies":"Large Slime","floor":4.0,"turns":4.0},{"damage":17.0,"enemies":"Lagavulin","floor":6.0,"turns":5.0},{"damage":6.0,"enemies":"Looter","floor":10.0,"turns":3.0},{"damage":4.0,"enemies":"Gremlin Nob","floor":13.0,"turns":3.0},{"damage":0.0,"enemies":"Blue Slaver","floor":14.0,"turns":2.0},{"damage":19.0,"enemies":"The Guardian","floor":16.0,"turns":9.0},{"damage":5.0,"enemies":"Chosen","floor":18.0,"turns":3.0},{"damage":18.0,"enemies":"2 Thieves","floor":24.0,"turns":4.0},{"damage":41.0,"enemies":"Book of Stabbing","floor":27.0,"turns":7.0},{"damage":17.0,"enemies":"Shelled Parasite and Fungi","floor":28.0,"turns":6.0},{"damage":11.0,"enemies":"Chosen and Byrds","floor":30.0,"turns":6.0},{"damage":14.0,"enemies":"Champ","floor":33.0,"turns":11.0},{"damage":18.0,"enemies":"Orb Walker","floor":35.0,"turns":4.0},{"damage":7.0,"enemies":"3 Shapes","floor":36.0,"turns":5.0},{"damage":42.0,"enemies":"Transient","floor":38.0,"turns":6.0},{"damage":26.0,"enemies":"Reptomancer","floor":40.0,"turns":6.0},{"damage":27.0,"enemies":"Nemesis","floor":42.0,"turns":5.0},{"damage":18.0,"enemies":"Jaw Worm Horde","floor":48.0,"turns":3.0},{"damage":116,"enemies":"Awakened One","floor":50,"turns":15},{"damage":84,"enemies":"Time Eater","floor":51,"turns":7}],"seed_played":"-2060149668680645410","potions_obtained":[{"floor":1.0,"key":"AttackPotion"},{"floor":4.0,"key":"FairyPotion"},{"floor":10.0,"key":"SkillPotion"},{"floor":14.0,"key":"Strength Potion"},{"floor":18.0,"key":"Poison Potion"},{"floor":35.0,"key":"FairyPotion"}],"is_trial":false,"path_per_floor":["M","M","M","M","?","E","R","?","T","M","$","R","E","M","R","B",null,"M","?","?","?","$","R","M","R","T","E","M","?","M","?","R","B",null,"M","M","?","M","?","E","R","E","T","?","R","?","R","M","R","B","B"],"character_chosen":"DEFECT","items_purchased":["Undo","Sunder","Ball Lightning","Coolheaded","Coolheaded"],"campfire_rested":3,"item_purchase_floors":[11,11,11,11,22],"current_hp_per_floor":[64,60,58,39,56,39,39,32,32,26,26,26,22,22,22,35,62,57,57,57,57,57,57,53,53,53,26,30,30,33,33,33,58,68,64,71,71,36,36,24,45,48,48,48,67,57,67,67,67,49,0],"gold":310,"neow_bonus":"BOSS_RELIC","is_prod":false,"is_daily":false,"chose_seed":false,"campfire_upgraded":4,"win_rate":0,"timestamp":1553219684,"path_taken":["M","?","M","M","?","E","R","?","T","?","$","R","E","M","R","BOSS","M","?","?","?","$","R","?","R","T","E","M","?","?","?","R","BOSS","M","M","?","?","?","E","R","E","T","?","R","?","R","M","R","BOSS","BOSS"],"build_version":"2019-03-15","purchased_purges":1,"victory":false,"max_hp_per_floor":[71,71,71,71,71,71,71,71,71,71,71,71,71,71,71,71,71,71,71,71,71,71,71,71,71,71,71,71,71,71,71,71,71,71,71,71,71,71,71,71,71,71,71,67,67,67,67,67,67,67,67],"card_choices":[{"not_picked":["Leap","Genetic Algorithm"],"picked":"Melter","floor":2.0},{"not_picked":["Consume","Go for the Eyes"],"picked":"Hello World","floor":3.0},{"not_picked":["Genetic Algorithm","Heatsinks"],"picked":"Streamline","floor":4.0},{"not_picked":["Double Energy","Sweeping Beam"],"picked":"Auto Shields","floor":6.0},{"not_picked":["Rebound","FTL"],"picked":"Stack","floor":10.0},{"not_picked":["Amplify","Tempest"],"picked":"White Noise","floor":13.0},{"not_picked":["Coolheaded","Beam Cell"],"picked":"Self Repair","floor":14.0},{"not_picked":["Amplify","Meteor Strike"],"picked":"Echo Form","floor":16.0},{"not_picked":["Storm","Stack"],"picked":"Rebound+1","floor":18.0},{"not_picked":["Darkness","Cold Snap"],"picked":"Undo","floor":24.0},{"not_picked":["Static Discharge","Coolheaded"],"picked":"Force Field+1","floor":27.0},{"not_picked":["Chill","Go for the Eyes"],"picked":"Ball Lightning","floor":30.0},{"not_picked":["Creative AI","Meteor Strike"],"picked":"Biased Cognition","floor":33.0},{"not_picked":["Redo","Go for the Eyes"],"picked":"Glacier","floor":35.0},{"not_picked":["Genetic Algorithm+1","Turbo","Coolheaded"],"picked":"SKIP","floor":36.0},{"not_picked":["Rebound","Aggregate","Beam Cell"],"picked":"SKIP","floor":38.0},{"not_picked":["Hologram","Go for the Eyes"],"picked":"Doom and Gloom+1","floor":40.0},{"not_picked":["Bandage Up","Forethought"],"picked":"Apotheosis","floor":46.0},{"not_picked":["Doom and Gloom+1","Double Energy+1"],"picked":"Hologram","floor":48.0}],"player_experience":1349216,"relics_obtained":[{"floor":6.0,"key":"Girya"},{"floor":9.0,"key":"Pantograph"},{"floor":13.0,"key":"PreservedInsect"},{"floor":26.0,"key":"Orichalcum"},{"floor":27.0,"key":"Ginger"},{"floor":40.0,"key":"Bird Faced Urn"},{"floor":42.0,"key":"Art of War"},{"floor":43.0,"key":"Bottled Lightning"}],"event_choices":[{"damage_healed":17.0,"max_hp_gain":0.0,"max_hp_loss":0.0,"gold_gain":0.0,"event_name":"The Cleric","player_choice":"Healed","floor":5.0,"gold_loss":35.0,"damage_taken":0.0},{"cards_removed":["Strike_B"],"damage_healed":0.0,"max_hp_gain":0.0,"max_hp_loss":0.0,"gold_gain":0.0,"event_name":"Golden Wing","player_choice":"Card Removal","floor":8.0,"gold_loss":0.0,"damage_taken":7.0},{"damage_healed":0.0,"max_hp_gain":0.0,"max_hp_loss":0.0,"gold_gain":50.0,"event_name":"Nest","player_choice":"Stole From Cult","floor":19.0,"gold_loss":0.0,"damage_taken":0.0},{"damage_healed":0.0,"max_hp_gain":0.0,"max_hp_loss":0.0,"gold_gain":0.0,"cards_transformed":["Strike_B","Strike_B"],"event_name":"Drug Dealer","player_choice":"Became Test Subject","floor":20.0,"gold_loss":0.0,"damage_taken":0.0,"cards_obtained":["Rip and Tear","Self Repair"]},{"damage_healed":0.0,"max_hp_gain":0.0,"max_hp_loss":0.0,"gold_gain":0.0,"event_name":"Designer","player_choice":"Upgraded Two","floor":21.0,"gold_loss":50.0,"damage_taken":0.0,"cards_upgraded":["Echo Form","Melter"]},{"cards_removed":["Normality"],"damage_healed":0.0,"max_hp_gain":0.0,"max_hp_loss":0.0,"gold_gain":0.0,"event_name":"Bonfire Elementals","player_choice":"Offered Curse","floor":29.0,"gold_loss":0.0,"damage_taken":0.0,"relics_obtained":["Spirit Poop"]},{"damage_healed":0.0,"max_hp_gain":0.0,"max_hp_loss":0.0,"gold_gain":0.0,"event_name":"The Library","player_choice":"Read","floor":31.0,"gold_loss":0.0,"damage_taken":0.0,"cards_obtained":["Defragment"]},{"damage_healed":0.0,"max_hp_gain":0.0,"max_hp_loss":0.0,"gold_gain":0.0,"event_name":"Match and Keep!","player_choice":"0 cards matched","floor":37.0,"gold_loss":0.0,"damage_taken":0.0,"cards_obtained":[]},{"damage_healed":0.0,"max_hp_gain":0.0,"max_hp_loss":0.0,"gold_gain":0.0,"event_name":"Mysterious Sphere","player_choice":"Ignored","floor":39.0,"gold_loss":0.0,"damage_taken":0.0},{"damage_healed":0.0,"max_hp_gain":0.0,"max_hp_loss":4.0,"gold_gain":0.0,"event_name":"Winding Halls","player_choice":"Max HP","floor":44.0,"gold_loss":0.0,"damage_taken":0.0},{"damage_healed":0.0,"max_hp_gain":0.0,"max_hp_loss":0.0,"gold_gain":0.0,"event_name":"SensoryStone","player_choice":"Memory 3","floor":46.0,"gold_loss":0.0,"damage_taken":10.0}],"is_beta":true,"boss_relics":[{"not_picked":["Inserter","Tiny House"],"picked":"Cursed Key"},{"not_picked":["Fusion Hammer","Busted Crown"],"picked":"Pandora\u0027s Box"}],"items_purged_floors":[22],"is_endless":false,"potions_floor_spawned":[1,4,10,14,18,24,28,35,36,38,40],"killed_by":"Time Eater","ascension_level":20}