{"gold_per_floor":[113,132,132,282,282,307,307,337,392,392,419,419,419,419,419,492,492,509,520,435,455,455,455,485,485,511,529,542,95,105,17,17,89,89,100,110,34,34,34,34,53,0,0,25,25,25,35,35,35,35,35],"floor_reached":51,"playtime":1731,"items_purged":["Strike_B"],"score":1418,"play_id":"23c43e7f-8e93-4663-8efb-b635362abab1","local_time":"20190203130311","is_ascension_mode":true,"campfire_choices":[{"data":"Beam Cell","floor":7.0,"key":"SMITH"},{"data":"Chaos","floor":10.0,"key":"SMITH"},{"data":"Defragment","floor":15.0,"key":"SMITH"},{"floor":23.0,"key":"REST"},{"floor":25.0,"key":"REST"},{"floor":32.0,"key":"REST"},{"floor":40.0,"key":"REST"},{"floor":45,"key":"REST"},{"floor":49,"key":"REST"}],"neow_cost":"NONE","seed_source_timestamp":95294038826058,"circlet_count":0,"master_deck":["AscendersBane","Strike_B","Strike_B+1","Defend_B","Defend_B","Defend_B","Defend_B","Zap","Dualcast","Coolheaded+1","Ball Lightning","Beam Cell+1","Chaos+1","Defragment+1","Rainbow","Leap","Redo","Ball Lightning+1","Defragment+1","Capacitor+1","Defragment","Barrage+1","Chill","Force Field","Cold Snap+1","Jack Of All Trades","Cold Snap+1","Defragment","Compile Driver+1","Core Surge+1","Hologram","Reinforced Body","Writhe","Coolheaded+1","Chill","Sunder+1","BootSequence+1","Cold Snap+1","BootSequence"],"special_seed":0,"relics":["Cracked Core","NeowsBlessing","PreservedInsect","Shuriken","Dream Catcher","WingedGreaves","Ancient Tea Set","Fusion Hammer","Lantern","Molten Egg 2","Pen Nib","ClockworkSouvenir","Lizard Tail","Red Mask","Mercury Hourglass","Anchor"],"potions_floor_usage":[50,51],"damage_taken":[{"damage":0.0,"enemies":"Jaw Worm","floor":1.0,"turns":1.0},{"damage":0.0,"enemies":"Small Slimes","floor":2.0,"turns":1.0},{"damage":0.0,"enemies":"3 Sentries","floor":6.0,"turns":1.0},{"damage":18.0,"enemies":"Lagavulin","floor":8.0,"turns":5.0},{"damage":5.0,"enemies":"3 Sentries","floor":11.0,"turns":4.0},{"damage":4.0,"enemies":"Slime Boss","floor":16.0,"turns":5.0},{"damage":27.0,"enemies":"2 Thieves","floor":18.0,"turns":3.0},{"damage":8.0,"enemies":"Spheric Guardian","floor":19.0,"turns":4.0},{"damage":14.0,"enemies":"3 Cultists","floor":21.0,"turns":5.0},{"damage":17.0,"enemies":"Book of Stabbing","floor":24.0,"turns":4.0},{"damage":15.0,"enemies":"Snake Plant","floor":27.0,"turns":4.0},{"damage":0.0,"enemies":"Cultist and Chosen","floor":28.0,"turns":4.0},{"damage":0.0,"enemies":"Snecko","floor":30.0,"turns":3.0},{"damage":20.0,"enemies":"Collector","floor":33.0,"turns":9.0},{"damage":27.0,"enemies":"3 Darklings","floor":35.0,"turns":7.0},{"damage":27.0,"enemies":"3 Shapes","floor":36.0,"turns":4.0},{"damage":3,"enemies":"Sphere and 2 Shapes","floor":41,"turns":6},{"damage":11,"enemies":"Reptomancer","floor":44,"turns":8},{"damage":6,"enemies":"Spire Growth","floor":47,"turns":5},{"damage":68,"enemies":"Time Eater","floor":50,"turns":16},{"damage":35,"enemies":"Donu and Deca","floor":51,"turns":5}],"seed_played":"7426089474884358444","potions_obtained":[{"floor":2.0,"key":"SpeedPotion"},{"floor":8.0,"key":"GamblersBrew"},{"floor":11.0,"key":"AttackPotion"},{"floor":16.0,"key":"Strength Potion"},{"floor":19.0,"key":"LiquidBronze"},{"floor":24.0,"key":"Weak Potion"},{"floor":28.0,"key":"Ancient Potion"},{"floor":44,"key":"FocusPotion"}],"is_trial":false,"path_per_floor":["M","M","?","?","?","E","R","E","T","R","E","T","?","?","R","B",null,"M","M","?","M","?","R","E","R","T","M","M","$","M","$","R","B",null,"M","M","$","?","$","R","M","?","T","E","R","$","M","$","R","B","B"],"character_chosen":"DEFECT","items_purchased":["Cold Snap+1","ClockworkSouvenir","Jack Of All Trades","Defragment","Reinforced Body"],"campfire_rested":6,"item_purchase_floors":[29,29,29,31,37],"current_hp_per_floor":[64,64,43,43,43,43,43,25,25,25,20,20,13,36,36,32,61,34,26,26,12,12,33,16,37,37,22,22,22,22,22,43,23,59,32,5,5,19,19,40,37,37,37,26,47,47,41,41,62,35,0],"gold":35,"neow_bonus":"THREE_ENEMY_KILL","is_prod":false,"is_daily":false,"chose_seed":false,"campfire_upgraded":3,"win_rate":0,"timestamp":1549227791,"path_taken":["M","M","?","?","?","E","R","E","T","R","E","?","?","?","R","BOSS","M","M","?","M","?","R","E","R","T","M","M","$","?","$","R","BOSS","M","?","$","?","$","R","M","?","T","E","R","?","M","$","R","BOSS","BOSS"],"build_version":"2019-01-23","purchased_purges":1,"victory":false,"max_hp_per_floor":[71,71,71,71,71,71,71,71,71,71,71,71,71,71,71,71,71,71,71,71,71,71,71,71,71,71,71,71,71,71,71,71,71,71,71,71,71,71,71,71,71,71,71,71,71,71,71,71,71,71,71],"card_choices":[{"not_picked":["Gash","Heatsinks"],"picked":"Coolheaded","floor":1.0},{"not_picked":["Steam","Stack"],"picked":"Ball Lightning","floor":2.0},{"not_picked":["Force Field","Rebound"],"picked":"Beam Cell","floor":6.0},{"not_picked":["Fission","Sweeping Beam"],"picked":"Chaos","floor":8.0},{"not_picked":["Melter","Redo"],"picked":"Defragment","floor":11.0},{"not_picked":["Core Surge","Fission"],"picked":"Rainbow","floor":16.0},{"not_picked":["Compile Driver","Turbo+1"],"picked":"Leap","floor":18.0},{"not_picked":["Sunder","Rebound"],"picked":"Redo","floor":19.0},{"not_picked":["White Noise","Darkness"],"picked":"Ball Lightning+1","floor":21.0},{"not_picked":["Fusion","Beam Cell"],"picked":"Capacitor+1","floor":23.0},{"not_picked":["Streamline","Coolheaded"],"picked":"Defragment","floor":24.0},{"not_picked":["Fusion","Aggregate"],"picked":"Barrage+1","floor":25.0},{"not_picked":["Machine Learning","Leap"],"picked":"Chill","floor":27.0},{"not_picked":["Barrage+1","Streamline+1"],"picked":"Force Field","floor":28.0},{"not_picked":["Self Repair","Amplify"],"picked":"Cold Snap+1","floor":30.0},{"not_picked":["Barrage+1","White Noise"],"picked":"Compile Driver+1","floor":32.0},{"not_picked":["Seek","Fission"],"picked":"Core Surge+1","floor":33.0},{"not_picked":["Steam","Barrage+1"],"picked":"Hologram","floor":35.0},{"not_picked":["Ball Lightning+1","Static Discharge+1","FTL+1"],"picked":"SKIP","floor":36.0},{"not_picked":["Cold Snap+1","Barrage+1"],"picked":"Coolheaded+1","floor":40.0},{"not_picked":["Sweeping Beam+1","Storm+1"],"picked":"Chill","floor":41},{"not_picked":["Aggregate","Rip and Tear+1"],"picked":"Sunder+1","floor":44},{"not_picked":["Meteor Strike+1","Fusion"],"picked":"BootSequence+1","floor":45},{"not_picked":["Beam Cell+1","Auto Shields"],"picked":"Cold Snap+1","floor":47},{"not_picked":["Lockon+1","Steam Power"],"picked":"BootSequence","floor":49}],"player_experience":1121992,"relics_obtained":[{"floor":6.0,"key":"PreservedInsect"},{"floor":8.0,"key":"Shuriken"},{"floor":9.0,"key":"Dream Catcher"},{"floor":11.0,"key":"WingedGreaves"},{"floor":12.0,"key":"Ancient Tea Set"},{"floor":24.0,"key":"Molten Egg 2"},{"floor":26.0,"key":"Pen Nib"},{"floor":43,"key":"Mercury Hourglass"},{"floor":44,"key":"Anchor"}],"event_choices":[{"damage_healed":0.0,"max_hp_gain":0.0,"max_hp_loss":0.0,"gold_gain":0.0,"event_name":"Shining Light","player_choice":"Entered Light","floor":3.0,"gold_loss":0.0,"damage_taken":21.0,"cards_upgraded":["Coolheaded","Strike_B"]},{"damage_healed":0.0,"max_hp_gain":0.0,"max_hp_loss":0.0,"gold_gain":150.0,"event_name":"Liars Game","player_choice":"AGREE","floor":4.0,"gold_loss":0.0,"damage_taken":0.0,"cards_obtained":["Doubt"]},{"cards_removed":["Doubt"],"damage_healed":0.0,"max_hp_gain":0.0,"max_hp_loss":0.0,"gold_gain":0.0,"event_name":"Living Wall","player_choice":"Forget","floor":5.0,"gold_loss":0.0,"damage_taken":0.0},{"cards_removed":["Strike_B"],"damage_healed":0.0,"max_hp_gain":0.0,"max_hp_loss":0.0,"gold_gain":0.0,"event_name":"Golden Wing","player_choice":"Card Removal","floor":13.0,"gold_loss":0.0,"damage_taken":7.0},{"damage_healed":23.0,"max_hp_gain":0.0,"max_hp_loss":0.0,"gold_gain":0.0,"event_name":"Big Fish","player_choice":"Banana","floor":14.0,"gold_loss":0.0,"damage_taken":0.0},{"damage_healed":0.0,"max_hp_gain":0.0,"max_hp_loss":0.0,"gold_gain":0.0,"event_name":"Addict","player_choice":"Obtained Relic","floor":20.0,"gold_loss":85.0,"damage_taken":0.0,"relics_obtained":["Lantern"]},{"damage_healed":0.0,"max_hp_gain":0.0,"max_hp_loss":0.0,"gold_gain":0.0,"event_name":"Duplicator","player_choice":"Copied","floor":22.0,"gold_loss":0.0,"damage_taken":0.0,"cards_obtained":["Defragment"]},{"damage_healed":14.0,"max_hp_gain":0.0,"max_hp_loss":0.0,"gold_gain":0.0,"event_name":"Winding Halls","player_choice":"Writhe","floor":38.0,"gold_loss":0.0,"damage_taken":0.0,"cards_obtained":["Writhe"]},{"damage_healed":0,"gold_gain":0,"player_choice":"Paid","damage_taken":0,"relics_obtained":["Red Mask"],"max_hp_gain":0,"max_hp_loss":0,"event_name":"Tomb of Lord Red Mask","floor":42,"gold_loss":53}],"is_beta":true,"boss_relics":[{"not_picked":["Nuclear Battery","Eternal Feather"],"picked":"Fusion Hammer"},{"not_picked":["Coffee Dripper","Tiny House"],"picked":"Lizard Tail"}],"items_purged_floors":[29],"is_endless":false,"potions_floor_spawned":[2,8,11,16,19,24,28,35,44,47],"killed_by":"Donu and Deca","ascension_level":20}