{"gold_per_floor":[115,59,77,90,15,15,34,34,34,65,65,65,96,110,110,184,184,200,200,212,137,137],"floor_reached":22,"playtime":668,"items_purged":["Strike_G"],"score":340,"play_id":"3c5ec2c0-7392-4941-a28d-c7c4efb04d17","local_time":"20180805003304","is_ascension_mode":true,"campfire_choices":[{"data":"Neutralize","floor":6,"key":"SMITH"},{"data":"Bouncing Flask","floor":8,"key":"SMITH"},{"data":"Bane","floor":11,"key":"SMITH"},{"data":"Catalyst","floor":15,"key":"SMITH"}],"neow_cost":"NONE","seed_source_timestamp":673822722996634,"circlet_count":0,"master_deck":["Defend_G","Defend_G","Defend_G","Defend_G","Strike_G","Strike_G","Strike_G","Strike_G","Survivor","Neutralize+1","AscendersBane","Escape Plan","Dagger Throw","Bouncing Flask+1","Bane+1","Catalyst+1","Distraction","After Image","Footwork","All Out Attack","Catalyst"],"relics":["Busted Crown","Pear","Darkstone Periapt","Nunchaku","Bottled Lightning","Orrery"],"potions_floor_usage":[18],"damage_taken":[{"damage":0,"enemies":"2 Louse","floor":1,"turns":3},{"damage":1,"enemies":"Cultist","floor":3,"turns":4},{"damage":2,"enemies":"Small Slimes","floor":4,"turns":5},{"damage":8,"enemies":"3 Louse","floor":7,"turns":5},{"damage":7,"enemies":"Lagavulin","floor":10,"turns":6},{"damage":10,"enemies":"3 Sentries","floor":13,"turns":7},{"damage":16,"enemies":"Large Slime","floor":14,"turns":6},{"damage":6,"enemies":"Hexaghost","floor":16,"turns":5},{"damage":22,"enemies":"2 Thieves","floor":18,"turns":4},{"damage":0,"enemies":"Spheric Guardian","floor":20,"turns":3},{"damage":41,"enemies":"Snake Plant","floor":22,"turns":5}],"seed_played":"-6036007487133052705","potions_obtained":[{"floor":7,"key":"LiquidBronze"},{"floor":13,"key":"Ancient Potion"},{"floor":20,"key":"SteroidPotion"}],"is_trial":false,"path_per_floor":["M","?","M","M","?","R","M","R","T","E","R","$","E","M","R","B",null,"M","?","M","$"],"character_chosen":"THE_SILENT","items_purchased":[],"campfire_rested":0,"item_purchase_floors":[],"current_hp_per_floor":[59,69,68,66,66,66,58,58,58,51,51,51,41,25,25,19,62,40,40,40,40,0],"gold":137,"neow_bonus":"BOSS_RELIC","is_prod":false,"is_daily":false,"chose_seed":false,"campfire_upgraded":4,"win_rate":0,"timestamp":1533454384,"path_taken":["M","?","M","M","?","R","M","R","T","E","R","$","E","M","R","BOSS","M","?","M","$","M"],"build_version":"2018-08-01","purchased_purges":1,"victory":false,"max_hp_per_floor":[66,76,76,76,76,76,76,76,76,76,76,76,76,76,76,76,76,76,76,76,76,76],"card_choices":[{"not_picked":[],"picked":"Escape Plan","floor":3},{"not_picked":[],"picked":"Dagger Throw","floor":4},{"not_picked":[],"picked":"Bouncing Flask","floor":7},{"not_picked":[],"picked":"Bane","floor":10},{"not_picked":[],"picked":"Catalyst","floor":13},{"not_picked":[],"picked":"Distraction","floor":14},{"not_picked":[],"picked":"After Image","floor":16},{"not_picked":[],"picked":"Footwork","floor":17},{"not_picked":[],"picked":"All Out Attack","floor":17}],"player_experience":734865,"relics_obtained":[{"floor":9,"key":"Darkstone Periapt"},{"floor":10,"key":"Nunchaku"},{"floor":13,"key":"Bottled Lightning"}],"event_choices":[{"event_name":"WeMeetAgain","player_choice":"Gold","floor":2,"damage_taken":0},{"event_name":"The Cleric","player_choice":"Card Removal","floor":5,"damage_taken":0},{"event_name":"The Library","player_choice":"Read","floor":19,"damage_taken":0}],"is_beta":true,"boss_relics":[{"not_picked":["Empty Cage","Velvet Choker"],"picked":"Orrery"}],"items_purged_floors":[21],"is_endless":false,"potions_floor_spawned":[7,13,14,20],"killed_by":"Snake Plant","ascension_level":15}