{"gold_per_floor":[112,112,262,338,356,356,389,87,114,171,171,196,161,181,181,181],"floor_reached":16,"playtime":296,"items_purged":["Doubt"],"score":262,"play_id":"c3dcd911-c705-4c12-aa76-abc567aa4e81","local_time":"20190309201205","is_ascension_mode":true,"campfire_choices":[{"data":"Neutralize","floor":6,"key":"SMITH"},{"data":"Noxious Fumes","floor":11,"key":"SMITH"},{"data":"Choke","floor":15,"key":"SMITH"}],"neow_cost":"NONE","seed_source_timestamp":6503923397363,"circlet_count":0,"master_deck":["AscendersBane","Defend_G","Defend_G","Defend_G","Defend_G","Defend_G","Strike_G","Strike_G","Strike_G","Strike_G","Strike_G","Survivor","Neutralize+1","Noxious Fumes+1","Choke+1","Backflip","Endless Agony","Flash of Steel","Deadly Poison","Deflect","Dagger Throw","Backflip"],"relics":["Ring of the Snake","NeowsBlessing","Pantograph","MawBank","Omamori","Smiling Mask","Potion Belt"],"potions_floor_usage":[10,16],"damage_taken":[{"damage":0,"enemies":"2 Louse","floor":1,"turns":1},{"damage":0,"enemies":"Small Slimes","floor":5,"turns":1},{"damage":0,"enemies":"3 Sentries","floor":7,"turns":2},{"damage":9,"enemies":"3 Sentries","floor":10,"turns":6},{"damage":25,"enemies":"Gremlin Nob","floor":12,"turns":4},{"damage":0,"enemies":"Jaw Worm","floor":14,"turns":3},{"damage":43,"enemies":"Slime Boss","floor":16,"turns":7}],"seed_played":"7591388302341150525","potions_obtained":[{"floor":7,"key":"PowerPotion"},{"floor":14,"key":"Block Potion"}],"is_trial":false,"path_per_floor":["M","?","?","T","M","R","E","$","T","?","R","E","?","M","R","B"],"character_chosen":"THE_SILENT","items_purchased":["Endless Agony","Flash of Steel","Deadly Poison"],"campfire_rested":0,"item_purchase_floors":[8,8,8],"current_hp_per_floor":[59,41,41,41,41,41,41,41,41,32,32,7,23,23,23,5],"gold":181,"neow_bonus":"THREE_ENEMY_KILL","is_prod":false,"is_daily":false,"chose_seed":false,"campfire_upgraded":3,"win_rate":0,"timestamp":1552191125,"path_taken":["M","?","?","?","M","R","E","$","T","?","R","E","?","M","R","BOSS"],"build_version":"2019-02-06","purchased_purges":1,"victory":false,"max_hp_per_floor":[66,66,66,66,66,66,66,66,66,66,66,66,66,66,66,66],"card_choices":[{"not_picked":["Underhanded Strike","Setup"],"picked":"Noxious Fumes","floor":1},{"not_picked":["Riddle With Holes","Quick Slash"],"picked":"Choke","floor":5},{"not_picked":["Bane","Tactician"],"picked":"Backflip","floor":7},{"not_picked":["Caltrops","Setup"],"picked":"Deflect","floor":10},{"not_picked":["Outmaneuver","Reflex"],"picked":"Dagger Throw","floor":12},{"not_picked":["Underhanded Strike","Escape Plan"],"picked":"Backflip","floor":14}],"player_experience":1276986,"relics_obtained":[{"floor":7,"key":"MawBank"},{"floor":9,"key":"Omamori"},{"floor":10,"key":"Smiling Mask"},{"floor":12,"key":"Potion Belt"}],"event_choices":[{"damage_healed":0,"gold_gain":0,"player_choice":"Success","damage_taken":18,"relics_obtained":["Pantograph"],"max_hp_gain":0,"max_hp_loss":0,"event_name":"Scrap Ooze","floor":2,"gold_loss":0},{"damage_healed":0,"gold_gain":150,"player_choice":"AGREE","damage_taken":0,"max_hp_gain":0,"max_hp_loss":0,"event_name":"Liars Game","floor":3,"gold_loss":0,"cards_obtained":["Doubt"]},{"damage_healed":0,"gold_gain":0,"player_choice":"Searched \u00271\u0027 times","damage_taken":0,"max_hp_gain":0,"max_hp_loss":0,"event_name":"Dead Adventurer","floor":10,"gold_loss":0},{"damage_healed":16,"gold_gain":0,"player_choice":"Healed","damage_taken":0,"max_hp_gain":0,"max_hp_loss":0,"event_name":"The Cleric","floor":13,"gold_loss":35}],"is_beta":true,"boss_relics":[],"items_purged_floors":[8],"is_endless":false,"potions_floor_spawned":[7,14],"killed_by":"Slime Boss","ascension_level":20}