{"gold_per_floor":[112,126,126,126,0,0,35,35,35,35,64,12,12,12],"floor_reached":14,"playtime":507,"items_purged":["Strike_B"],"score":188,"play_id":"bd4b8027-3d5b-4051-98c6-148a235c2c47","local_time":"20190816143451","is_ascension_mode":true,"campfire_choices":[{"data":"Zap","floor":6,"key":"SMITH"},{"floor":8,"key":"REST"}],"neow_cost":"NONE","seed_source_timestamp":706234850202100,"circlet_count":0,"master_deck":["AscendersBane","Strike_B","Strike_B","Strike_B+1","Defend_B","Defend_B","Defend_B","Defend_B","Zap+1","Dualcast","Lockon","Coolheaded+1","Sweeping Beam","Coolheaded+1","Leap+1","Cold Snap+1"],"relics":["Cracked Core","Ancient Tea Set","Toxic Egg 2","Shovel","Molten Egg 2","Golden Idol"],"potions_floor_usage":[],"damage_taken":[{"damage":2,"enemies":"Cultist","floor":1,"turns":4},{"damage":4,"enemies":"Small Slimes","floor":2,"turns":3},{"damage":21,"enemies":"Lagavulin","floor":7,"turns":6},{"damage":35,"enemies":"Gremlin Nob","floor":11,"turns":4},{"damage":12,"enemies":"Jaw Worm","floor":14,"turns":1}],"seed_played":"-7453359607579891279","potions_obtained":[{"floor":2,"key":"Poison Potion"}],"is_trial":false,"path_per_floor":["M","M","T","?","$","R","E","R","T","?","E","$","?","M"],"character_chosen":"DEFECT","items_purchased":["Sweeping Beam","Cold Snap+1"],"campfire_rested":1,"item_purchase_floors":[5,12],"current_hp_per_floor":[62,58,58,37,37,37,16,37,37,37,2,2,2,0],"gold":12,"neow_bonus":"RANDOM_COMMON_RELIC","is_prod":false,"is_daily":false,"chose_seed":false,"campfire_upgraded":1,"win_rate":0,"timestamp":1565980491,"path_taken":["M","M","?","?","$","R","E","R","T","?","E","?","?","M"],"build_version":"2019-07-17","purchased_purges":1,"victory":false,"max_hp_per_floor":[71,71,71,71,71,71,71,71,71,71,71,71,64,64],"card_choices":[{"not_picked":["Barrage","Auto Shields"],"picked":"Lockon","floor":1},{"not_picked":["Gash","Conserve Battery"],"picked":"Coolheaded","floor":2},{"not_picked":["Turbo+1","Machine Learning"],"picked":"Coolheaded+1","floor":7},{"not_picked":["Force Field+1","Machine Learning"],"picked":"Leap+1","floor":11}],"player_experience":2693903,"relics_obtained":[{"floor":3,"key":"Toxic Egg 2"},{"floor":7,"key":"Shovel"},{"floor":11,"key":"Molten Egg 2"}],"event_choices":[{"damage_healed":0,"gold_gain":0,"player_choice":"Entered Light","damage_taken":21,"max_hp_gain":0,"max_hp_loss":0,"event_name":"Shining Light","floor":4,"gold_loss":0,"cards_upgraded":["Coolheaded","Strike_B"]},{"damage_healed":0,"gold_gain":0,"player_choice":"Searched \u00271\u0027 times","damage_taken":0,"max_hp_gain":0,"max_hp_loss":0,"event_name":"Dead Adventurer","floor":10,"gold_loss":0},{"damage_healed":0,"gold_gain":0,"player_choice":"Lose Max HP","damage_taken":0,"relics_obtained":["Golden Idol"],"max_hp_gain":0,"max_hp_loss":7,"event_name":"Golden Idol","floor":13,"gold_loss":0}],"is_beta":false,"boss_relics":[],"items_purged_floors":[5],"is_endless":false,"potions_floor_spawned":[2],"killed_by":"Jaw Worm","ascension_level":20}