{"gold_per_floor":[119,132,7,17,37,37,56,56,56,67,99,99,131,131,131,202,202,215,215,75,93,93,93,127,127,127,137,137,156,14,24,24,96,96,113,113,113,124,124],"floor_reached":39,"playtime":17330,"items_purged":["Strike_B","Strike_B","Strike_B"],"score":822,"play_id":"2392c4fb-409e-4a1d-b1a1-e5351a911b10","local_time":"20190815224444","is_ascension_mode":true,"campfire_choices":[{"data":"Zap","floor":6.0,"key":"SMITH"},{"data":"Hologram","floor":8.0,"key":"SMITH"},{"data":"Darkness","floor":12.0,"key":"SMITH"},{"data":"Streamline","floor":15.0,"key":"SMITH"},{"data":"Defragment","floor":23.0,"key":"SMITH"},{"floor":25.0,"key":"REST"},{"floor":28.0,"key":"REST"},{"data":"Ghostly","floor":32.0,"key":"SMITH"}],"neow_cost":"NONE","seed_source_timestamp":612058976659800,"circlet_count":0,"master_deck":["AscendersBane","Strike_B+1","Defend_B","Defend_B","Defend_B","Defend_B","Zap+1","Dualcast","Compile Driver","Compile Driver","Streamline+1","Hologram+1","Conserve Battery+1","Go for the Eyes","Hologram","Darkness+1","Compile Driver","Echo Form","Defragment+1","Conserve Battery","Ghostly+1","Ghostly","Ghostly","Coolheaded","Stack","Buffer","Stack+1"],"special_seed":0,"relics":["Cracked Core","NeowsBlessing","Du-Vu Doll","Emotion Chip","Pantograph","Snecko Eye","The Courier","Mummified Hand","Eternal Feather"],"potions_floor_usage":[],"damage_taken":[{"damage":0.0,"enemies":"Cultist","floor":1.0,"turns":1.0},{"damage":0.0,"enemies":"Jaw Worm","floor":2.0,"turns":1.0},{"damage":0.0,"enemies":"Small Slimes","floor":4.0,"turns":1.0},{"damage":14.0,"enemies":"Blue Slaver","floor":5.0,"turns":4.0},{"damage":0.0,"enemies":"3 Louse","floor":7.0,"turns":2.0},{"damage":0.0,"enemies":"Large Slime","floor":10.0,"turns":4.0},{"damage":8.0,"enemies":"Gremlin Nob","floor":11.0,"turns":3.0},{"damage":10.0,"enemies":"Lagavulin","floor":13.0,"turns":5.0},{"damage":12.0,"enemies":"Hexaghost","floor":16.0,"turns":8.0},{"damage":31.0,"enemies":"2 Thieves","floor":18.0,"turns":4.0},{"damage":8.0,"enemies":"Chosen","floor":21.0,"turns":5.0},{"damage":24.0,"enemies":"Gremlin Leader","floor":24.0,"turns":9.0},{"damage":2.0,"enemies":"3 Cultists","floor":27.0,"turns":5.0},{"damage":10.0,"enemies":"Shelled Parasite and Fungi","floor":29.0,"turns":5.0},{"damage":0.0,"enemies":"Centurion and Healer","floor":31.0,"turns":5.0},{"damage":18.0,"enemies":"Collector","floor":33.0,"turns":9.0},{"damage":19,"enemies":"Orb Walker","floor":35,"turns":6},{"damage":0,"enemies":"3 Shapes","floor":38,"turns":5},{"damage":21,"enemies":"Sphere and 2 Shapes","floor":39,"turns":7}],"seed_played":"497823690454186253","potions_obtained":[{"floor":1.0,"key":"Swift Potion"},{"floor":5.0,"key":"SpeedPotion"},{"floor":16.0,"key":"Regen Potion"},{"floor":21.0,"key":"EssenceOfSteel"},{"floor":24.0,"key":"FocusPotion"}],"is_trial":false,"path_per_floor":["M","M","$","M","M","R","M","R","T","M","E","R","E","?","R","B",null,"M","?","$","M","?","R","E","R","T","M","R","M","$","M","R","B",null,"M","?","?","M","M"],"character_chosen":"DEFECT","items_purchased":["Streamline","Defragment","Stack"],"campfire_rested":2,"item_purchase_floors":[3,20,30],"current_hp_per_floor":[64,64,64,64,50,50,50,50,50,50,42,42,32,11,11,24,59,40,40,40,32,32,32,8,18,18,16,26,16,16,16,16,17,31,12,12,12,12,0],"gold":124,"neow_bonus":"THREE_ENEMY_KILL","is_prod":false,"is_daily":false,"chose_seed":false,"campfire_upgraded":6,"win_rate":0,"timestamp":1565923484,"path_taken":["M","M","$","M","M","R","M","R","T","?","E","R","E","?","R","BOSS","M","?","$","M","?","R","E","R","T","M","R","M","$","M","R","BOSS","M","?","?","M","M"],"build_version":"2019-07-17","purchased_purges":3,"victory":false,"max_hp_per_floor":[71,71,71,71,71,71,71,71,71,71,71,71,71,71,71,71,71,71,71,71,71,35,35,35,35,35,35,35,35,35,35,35,35,35,35,35,33,33,33],"card_choices":[{"not_picked":["Undo","Hologram"],"picked":"Compile Driver","floor":1.0},{"not_picked":["Redo","Beam Cell"],"picked":"Compile Driver","floor":2.0},{"not_picked":["Streamline","Leap"],"picked":"Hologram","floor":4.0},{"not_picked":["Heatsinks","Auto Shields"],"picked":"Conserve Battery","floor":5.0},{"not_picked":["Stack","Conserve Battery"],"picked":"Go for the Eyes","floor":7.0},{"not_picked":["Double Energy","BootSequence"],"picked":"Hologram","floor":10.0},{"not_picked":["Steam","Go for the Eyes"],"picked":"Darkness","floor":11.0},{"not_picked":["Rip and Tear","Self Repair"],"picked":"Compile Driver","floor":13.0},{"not_picked":["Creative AI","All For One"],"picked":"Echo Form","floor":16.0},{"not_picked":["Double Energy","Gash","Barrage"],"picked":"SKIP","floor":18.0},{"not_picked":["Consume","Darkness"],"picked":"Conserve Battery","floor":21.0},{"not_picked":["Beam Cell","Stack","Tempest+1"],"picked":"SKIP","floor":24.0},{"not_picked":["Compile Driver","Lockon","Gash+1"],"picked":"SKIP","floor":27.0},{"not_picked":["Lockon","Amplify"],"picked":"Coolheaded","floor":29.0},{"not_picked":["Beam Cell+1","Steam","Gash"],"picked":"SKIP","floor":31.0},{"not_picked":["Multi-Cast","Rainbow"],"picked":"Buffer","floor":33.0},{"not_picked":["Coolheaded","Tempest"],"picked":"Stack+1","floor":35},{"not_picked":["Sunder","Stack","Conserve Battery"],"picked":"SKIP","floor":38}],"player_experience":2676573,"relics_obtained":[{"floor":9.0,"key":"Du-Vu Doll"},{"floor":11.0,"key":"Emotion Chip"},{"floor":13.0,"key":"Pantograph"},{"floor":24.0,"key":"The Courier"},{"floor":26.0,"key":"Mummified Hand"}],"event_choices":[{"damage_healed":0.0,"max_hp_gain":0.0,"max_hp_loss":0.0,"gold_gain":0.0,"event_name":"Shining Light","player_choice":"Entered Light","floor":14.0,"gold_loss":0.0,"damage_taken":21.0,"cards_upgraded":["Strike_B","Conserve Battery"]},{"damage_healed":0.0,"max_hp_gain":0.0,"max_hp_loss":0.0,"gold_gain":0.0,"event_name":"Vampires","player_choice":"Ignored","floor":19.0,"gold_loss":0.0,"damage_taken":0.0},{"damage_healed":0.0,"max_hp_gain":0.0,"max_hp_loss":36.0,"gold_gain":0.0,"event_name":"Ghosts","player_choice":"Became a Ghost","floor":22.0,"gold_loss":0.0,"damage_taken":0.0,"cards_obtained":["Ghostly","Ghostly","Ghostly"]},{"damage_healed":0,"gold_gain":0,"player_choice":"Ignored","damage_taken":0,"max_hp_gain":0,"max_hp_loss":0,"event_name":"Tomb of Lord Red Mask","floor":36,"gold_loss":0},{"damage_healed":0,"gold_gain":0,"player_choice":"Max HP","damage_taken":0,"max_hp_gain":0,"max_hp_loss":2,"event_name":"Winding Halls","floor":37,"gold_loss":0}],"is_beta":false,"boss_relics":[{"not_picked":["Cursed Key","Fusion Hammer"],"picked":"Snecko Eye"},{"not_picked":["Runic Dome","White Beast Statue"],"picked":"Eternal Feather"}],"items_purged_floors":[3,20,30],"is_endless":false,"potions_floor_spawned":[1,5,16,21,24],"killed_by":"Sphere and 2 Shapes","ascension_level":20}