{"gold_per_floor":[112,112,6,22,22,57,57,76,133,150,150,176,194,214,214,214],"floor_reached":16,"playtime":364,"items_purged":[],"score":274,"play_id":"1891a3b2-76de-4687-be05-c93698dda84f","local_time":"20190318211430","is_ascension_mode":true,"campfire_choices":[{"data":"True Grit","floor":7,"key":"SMITH"},{"data":"Carnage","floor":11,"key":"SMITH"},{"data":"Armaments","floor":15,"key":"SMITH"}],"neow_cost":"NONE","seed_source_timestamp":34051769274809,"circlet_count":0,"master_deck":["AscendersBane","Strike_R","Strike_R","Strike_R","Strike_R+1","Defend_R","Defend_R","Defend_R","Defend_R","Bash","Carnage+1","True Grit+1","Thunderclap","Power Through","Thunderclap+1","Spot Weakness","Metallicize","Twin Strike","Armaments+1"],"relics":["Velvet Choker","Orichalcum","Tiny Chest","Whetstone"],"potions_floor_usage":[12],"damage_taken":[{"damage":4,"enemies":"Jaw Worm","floor":1,"turns":4},{"damage":7,"enemies":"2 Louse","floor":4,"turns":2},{"damage":15,"enemies":"Lagavulin","floor":6,"turns":6},{"damage":0,"enemies":"Cultist","floor":8,"turns":2},{"damage":1,"enemies":"Looter","floor":10,"turns":3},{"damage":0,"enemies":"Gremlin Nob","floor":12,"turns":3},{"damage":14,"enemies":"Exordium Thugs","floor":13,"turns":4},{"damage":1,"enemies":"3 Louse","floor":14,"turns":3},{"damage":16,"enemies":"The Guardian","floor":16,"turns":9}],"seed_played":"5173251217567181940","potions_obtained":[{"floor":6,"key":"FearPotion"},{"floor":8,"key":"AttackPotion"}],"is_trial":false,"path_per_floor":["M","?","$","M","?","E","R","M","T","M","R","E","M","M","R","B"],"character_chosen":"IRONCLAD","items_purchased":["True Grit","Thunderclap"],"campfire_rested":0,"item_purchase_floors":[3,3],"current_hp_per_floor":[64,64,64,57,50,35,35,35,35,34,34,34,20,19,19,3],"gold":214,"neow_bonus":"BOSS_RELIC","is_prod":false,"is_daily":false,"chose_seed":false,"campfire_upgraded":3,"win_rate":0,"timestamp":1552968870,"path_taken":["M","?","$","M","?","E","R","M","T","M","R","E","M","M","R","BOSS"],"build_version":"2019-03-15","purchased_purges":0,"victory":false,"max_hp_per_floor":[75,75,75,75,75,75,75,75,75,75,75,75,75,75,75,75],"card_choices":[{"not_picked":["Thunderclap","Inflame"],"picked":"Carnage","floor":1},{"not_picked":["Twin Strike","Sentinel"],"picked":"Power Through","floor":4},{"not_picked":["Body Slam","Twin Strike"],"picked":"Thunderclap","floor":8},{"not_picked":["Clothesline","True Grit"],"picked":"Spot Weakness","floor":10},{"not_picked":["Fire Breathing","Headbutt"],"picked":"Metallicize","floor":12},{"not_picked":["Anger","Infernal Blade"],"picked":"Twin Strike","floor":13},{"not_picked":["Sword Boomerang","Flex"],"picked":"Armaments","floor":14}],"player_experience":1317760,"relics_obtained":[{"floor":6,"key":"Orichalcum"},{"floor":9,"key":"Tiny Chest"},{"floor":12,"key":"Whetstone"}],"event_choices":[{"damage_healed":0,"gold_gain":0,"player_choice":"Leave","damage_taken":0,"max_hp_gain":0,"max_hp_loss":0,"event_name":"The Cleric","floor":2,"gold_loss":0},{"cards_removed":["Strike_R"],"damage_healed":0,"gold_gain":0,"player_choice":"Card Removal","damage_taken":7,"max_hp_gain":0,"max_hp_loss":0,"event_name":"Golden Wing","floor":5,"gold_loss":0}],"is_beta":true,"boss_relics":[],"items_purged_floors":[],"is_endless":false,"potions_floor_spawned":[6,8],"killed_by":"The Guardian","ascension_level":20}