{"gold_per_floor":[111,129,57,68,68,68,86,119,119,152,168,201,201,215,215,311,311,294,294,312,3,14,44,63,63,86,102,102,161,180,190,190,291,291,301,401,415,433,450,450,24,24,97,110,135,135,155,184,184,184],"floor_reached":50,"playtime":4820,"items_purged":[],"score":643,"play_id":"d826e349-04db-4dec-bc82-bcf6bd043745","local_time":"20190820132610","is_ascension_mode":false,"campfire_choices":[{"data":"Footwork","floor":6,"key":"SMITH"},{"floor":13,"key":"REST"},{"data":"Cloak And Dagger","floor":15,"key":"SMITH"},{"data":"Accuracy","floor":25,"key":"SMITH"},{"floor":28,"key":"REST"},{"data":"Infinite Blades","floor":32,"key":"SMITH"},{"floor":40,"key":"REST"},{"floor":42,"key":"REST"},{"data":"After Image","floor":49,"key":"SMITH"}],"neow_cost":"NONE","seed_source_timestamp":356257879391200,"circlet_count":0,"master_deck":["Defend_G","Defend_G","Defend_G","Defend_G","Defend_G","Survivor","Neutralize","Tactician","Backflip","Footwork+1","Tactician","Cloak And Dagger+1","Blur","Blur","Blade Dance","Cloak And Dagger","After Image+1","Crippling Poison+1","Bite","Bite","Bite","Bite","Bite","Acrobatics","Accuracy+1","Prepared","Noxious Fumes","Cloak And Dagger+1","Footwork","Infinite Blades+1","Terror","Corpse Explosion","Blur","Parasite","Acrobatics","Dash","Bullet Time","Infinite Blades+1","Well Laid Plans"],"relics":["Ring of the Snake","Vajra","Kunai","Bottled Lightning","Pear","Question Card","Sozu","Chemical X","Paper Crane","Potion Belt","Tiny Chest","Lizard Tail","Tough Bandages","Bird Faced Urn","Ornamental Fan","Bronze Scales","Orichalcum","Snake Skull"],"potions_floor_usage":[8,8,10,10,38,39],"damage_taken":[{"damage":0,"enemies":"Jaw Worm","floor":1,"turns":4},{"damage":4,"enemies":"Cultist","floor":2,"turns":3},{"damage":0,"enemies":"2 Louse","floor":4,"turns":2},{"damage":2,"enemies":"Exordium Wildlife","floor":7,"turns":6},{"damage":16,"enemies":"Lagavulin","floor":8,"turns":9},{"damage":14,"enemies":"Gremlin Nob","floor":10,"turns":5},{"damage":2,"enemies":"2 Fungi Beasts","floor":11,"turns":4},{"damage":9,"enemies":"3 Sentries","floor":12,"turns":14},{"damage":1,"enemies":"Looter","floor":14,"turns":4},{"damage":13,"enemies":"The Guardian","floor":16,"turns":30},{"damage":0,"enemies":"2 Thieves","floor":18,"turns":4},{"damage":11,"enemies":"Spheric Guardian","floor":20,"turns":8},{"damage":3,"enemies":"Snake Plant","floor":22,"turns":8},{"damage":28,"enemies":"Slavers","floor":23,"turns":6},{"damage":0,"enemies":"Cultist and Chosen","floor":24,"turns":8},{"damage":0,"enemies":"Centurion and Healer","floor":27,"turns":7},{"damage":0,"enemies":"Book of Stabbing","floor":29,"turns":8},{"damage":16,"enemies":"Snake Plant","floor":30,"turns":7},{"damage":15,"enemies":"Snecko","floor":31,"turns":5},{"damage":2,"enemies":"Champ","floor":33,"turns":15},{"damage":17,"enemies":"3 Darklings","floor":35,"turns":3},{"damage":19,"enemies":"Mind Bloom Boss Battle","floor":36,"turns":9},{"damage":4,"enemies":"Orb Walker","floor":37,"turns":5},{"damage":25,"enemies":"Writhing Mass","floor":38,"turns":6},{"damage":5,"enemies":"4 Shapes","floor":39,"turns":4},{"damage":12,"enemies":"3 Darklings","floor":44,"turns":5},{"damage":16,"enemies":"Nemesis","floor":45,"turns":9},{"damage":23,"enemies":"Writhing Mass","floor":47,"turns":7},{"damage":4,"enemies":"Giant Head","floor":48,"turns":9},{"damage":116,"enemies":"Time Eater","floor":50,"turns":13}],"seed_played":"4088124651235857545","potions_obtained":[{"floor":1,"key":"Dexterity Potion"},{"floor":5,"key":"SpeedPotion"},{"floor":5,"key":"Poison Potion"},{"floor":7,"key":"Swift Potion"},{"floor":8,"key":"Strength Potion"},{"floor":14,"key":"PowerPotion"},{"floor":16,"key":"Strength Potion"}],"is_trial":false,"path_per_floor":["M","M","$","M","?","R","M","E","T","E","M","E","R","M","R","B",null,"M","?","M","$","M","E","M","R","T","M","R","E","M","M","R","B",null,"M","?","M","M","M","R","$","R","T","M","E","T","M","E","R","B"],"character_chosen":"THE_SILENT","items_purchased":["Footwork","Accuracy","Chemical X","Prepared","Bird Faced Urn","Bullet Time"],"campfire_rested":4,"item_purchase_floors":[3,21,21,21,41,41],"current_hp_per_floor":[70,66,66,66,66,66,64,48,48,44,42,33,57,56,56,43,80,80,56,55,55,56,34,42,42,42,54,56,56,50,41,41,56,56,45,30,28,11,10,26,26,42,42,46,40,40,33,45,45,0],"gold":184,"neow_bonus":"RANDOM_COMMON_RELIC","is_prod":false,"is_daily":false,"chose_seed":false,"campfire_upgraded":5,"win_rate":0.0,"timestamp":1566332770,"path_taken":["M","M","$","M","?","R","M","E","T","E","?","E","R","M","R","BOSS","M","?","M","$","M","E","M","R","T","M","R","E","M","M","R","BOSS","M","?","M","M","M","R","$","R","T","M","E","?","M","E","R","BOSS"],"build_version":"2019-07-17","purchased_purges":0,"victory":false,"max_hp_per_floor":[70,70,70,70,70,70,70,70,70,80,80,80,80,80,80,80,80,80,56,56,56,56,56,56,56,56,56,56,56,56,56,56,56,56,56,56,56,56,56,56,56,56,56,56,56,56,56,56,56,56],"card_choices":[{"not_picked":["Escape Plan","Bouncing Flask"],"picked":"Tactician","floor":1},{"not_picked":["Heel Hook","Sucker Punch"],"picked":"Backflip","floor":2},{"not_picked":["Well Laid Plans","Blade Dance"],"picked":"Tactician","floor":4},{"not_picked":["Masterful Stab","Sucker Punch","Bouncing Flask"],"picked":"SKIP","floor":7},{"not_picked":["Dodge and Roll","Deflect"],"picked":"Cloak And Dagger","floor":8},{"not_picked":["After Image","Poisoned Stab"],"picked":"Blur","floor":10},{"not_picked":["Dagger Throw","Underhanded Strike"],"picked":"Blur","floor":11},{"not_picked":["Sucker Punch","Malaise"],"picked":"Blade Dance","floor":12},{"not_picked":["Underhanded Strike","Deflect","Malaise"],"picked":"Cloak And Dagger","floor":14},{"not_picked":["Doppelganger","Venomology","Die Die Die"],"picked":"After Image","floor":16},{"not_picked":["Heel Hook","Flying Knee","Caltrops"],"picked":"Crippling Poison+1","floor":18},{"not_picked":["Dash+1","Dagger Throw","Escape Plan"],"picked":"Acrobatics","floor":20},{"not_picked":["Bouncing Flask","Deadly Poison","Slice"],"picked":"Noxious Fumes","floor":22},{"not_picked":["Outmaneuver","Dodge and Roll+1","Infinite Blades"],"picked":"Cloak And Dagger+1","floor":23},{"not_picked":["Phantasmal Killer","Bane","Underhanded Strike+1","Poisoned Stab"],"picked":"SKIP","floor":24},{"not_picked":["Backflip","Reflex","PiercingWail"],"picked":"Footwork","floor":27},{"not_picked":["Prepared","Backstab","Reflex+1"],"picked":"Infinite Blades","floor":29},{"not_picked":["Outmaneuver","Sucker Punch","PiercingWail","Poisoned Stab+1"],"picked":"SKIP","floor":30},{"not_picked":["Flying Knee+1","Deflect","Tactician"],"picked":"Terror","floor":31},{"not_picked":["Storm of Steel","Die Die Die","Burst"],"picked":"Corpse Explosion","floor":33},{"not_picked":["Prepared","Predator","Riddle With Holes"],"picked":"Blur","floor":35},{"not_picked":["Dash","Deflect","Outmaneuver+1","Terror"],"picked":"SKIP","floor":37},{"not_picked":["Skewer","Blade Dance+1","Sucker Punch"],"picked":"Acrobatics","floor":38},{"not_picked":["Crippling Poison","Blade Dance+1","Quick Slash"],"picked":"Dash","floor":39},{"not_picked":["Backstab+1","Dagger Throw","Deflect","Prepared"],"picked":"SKIP","floor":44},{"not_picked":["Sucker Punch+1","Dodge and Roll","Masterful Stab+1"],"picked":"Infinite Blades+1","floor":45},{"not_picked":["Bane","Deflect+1","Acrobatics+1","Sucker Punch+1"],"picked":"SKIP","floor":47},{"not_picked":["Catalyst+1","Slice","Adrenaline"],"picked":"Well Laid Plans","floor":48}],"player_experience":41983,"relics_obtained":[{"floor":8,"key":"Kunai"},{"floor":9,"key":"Bottled Lightning"},{"floor":10,"key":"Pear"},{"floor":12,"key":"Question Card"},{"floor":23,"key":"Paper Crane"},{"floor":26,"key":"Potion Belt"},{"floor":29,"key":"Tiny Chest"},{"floor":36,"key":"Tough Bandages"},{"floor":43,"key":"Ornamental Fan"},{"floor":45,"key":"Bronze Scales"},{"floor":46,"key":"Orichalcum"},{"floor":48,"key":"Snake Skull"}],"event_choices":[{"damage_healed":0,"gold_gain":0,"player_choice":"Got Potions","damage_taken":0,"max_hp_gain":0,"max_hp_loss":0,"event_name":"Lab","floor":5,"gold_loss":0},{"damage_healed":0,"gold_gain":0,"player_choice":"Became a vampire","damage_taken":0,"max_hp_gain":0,"max_hp_loss":24,"event_name":"Vampires","floor":19,"gold_loss":0,"cards_obtained":["Bite","Bite","Bite","Bite","Bite"]},{"damage_healed":0,"gold_gain":0,"player_choice":"Fight","damage_taken":0,"max_hp_gain":0,"max_hp_loss":0,"event_name":"MindBloom","floor":36,"gold_loss":0}],"is_beta":false,"boss_relics":[{"not_picked":["Empty Cage","Snecko Eye"],"picked":"Sozu"},{"not_picked":["Fusion Hammer","Astrolabe"],"picked":"Lizard Tail"}],"items_purged_floors":[],"is_endless":false,"potions_floor_spawned":[1,7,8,14,16,20,29,30,35,38,39,47],"killed_by":"Time Eater","ascension_level":0}