{"gold_per_floor":[110,120,61,78,94,94,119,269,293,293,328,24,53,29,29,100,100,111,111,111,11,31,31,31,31,31,51,68,79,79,113,113,192,192,209,209,33,33,49,49,49,69,69,69,0,34,49,68,68,68,68],"floor_reached":52,"playtime":3594,"items_purged":["Doubt","Pain","Strike_B"],"score":1965,"play_id":"1f03cbaf-069e-4698-973d-554fc14b820f","local_time":"20190221122724","is_ascension_mode":true,"campfire_choices":[{"data":"Zap","floor":6.0,"key":"SMITH"},{"data":"Hologram","floor":10.0,"key":"SMITH"},{"data":"Hello World","floor":15.0,"key":"SMITH"},{"data":"Defragment","floor":23.0,"key":"SMITH"},{"data":"Hello World","floor":25.0,"key":"SMITH"},{"data":"Hologram","floor":30.0,"key":"SMITH"},{"data":"Darkness","floor":32.0,"key":"SMITH"},{"data":"Chill","floor":40.0,"key":"SMITH"},{"floor":49.0,"key":"REST"}],"neow_cost":"NONE","seed_source_timestamp":0,"circlet_count":0,"master_deck":["AscendersBane","Strike_B","Defend_B","Defend_B","Defend_B","Zap+1","Dualcast","Chill+1","Hello World+1","Hologram+1","Stack","Hello World+1","Auto Shields","Reinforced Body","Glacier","Cold Snap","BootSequence","Conserve Battery","Biased Cognition","Steam+1","Defragment+1","Hologram+1","Skim","Darkness+1","Biased Cognition","Fusion+1","Conserve Battery","Leap+1","Hologram+1","Stack","Compile Driver+1","Redo"],"special_seed":0,"relics":["Empty Cage","Orichalcum","Bag of Marbles","PreservedInsect","Mango","Busted Crown","WarpedTongs","Pen Nib","Bottled Lightning","Inserter","Bottled Flame","Question Card","Red Mask","Vajra"],"potions_floor_usage":[],"damage_taken":[{"damage":1.0,"enemies":"Cultist","floor":1.0,"turns":3.0},{"damage":0.0,"enemies":"2 Louse","floor":2.0,"turns":3.0},{"damage":1.0,"enemies":"Small Slimes","floor":4.0,"turns":4.0},{"damage":13.0,"enemies":"3 Louse","floor":5.0,"turns":4.0},{"damage":16.0,"enemies":"Gremlin Nob","floor":7.0,"turns":4.0},{"damage":16.0,"enemies":"Lagavulin","floor":11.0,"turns":8.0},{"damage":0.0,"enemies":"3 Sentries","floor":13.0,"turns":8.0},{"damage":0.0,"enemies":"Exordium Thugs","floor":14.0,"turns":4.0},{"damage":18.0,"enemies":"The Guardian","floor":16.0,"turns":16.0},{"damage":0.0,"enemies":"Chosen","floor":18.0,"turns":6.0},{"damage":4.0,"enemies":"3 Byrds","floor":22.0,"turns":8.0},{"damage":13.0,"enemies":"Centurion and Healer","floor":27.0,"turns":7.0},{"damage":0.0,"enemies":"Sentry and Sphere","floor":28.0,"turns":7.0},{"damage":0.0,"enemies":"Chosen and Byrds","floor":29.0,"turns":7.0},{"damage":0.0,"enemies":"Book of Stabbing","floor":31.0,"turns":8.0},{"damage":26.0,"enemies":"Automaton","floor":33.0,"turns":14.0},{"damage":0.0,"enemies":"3 Shapes","floor":35.0,"turns":8.0},{"damage":19.0,"enemies":"3 Darklings","floor":39.0,"turns":7.0},{"damage":9.0,"enemies":"Spire Growth","floor":42.0,"turns":7.0},{"damage":0.0,"enemies":"Nemesis","floor":46.0,"turns":7.0},{"damage":2.0,"enemies":"Maw","floor":47.0,"turns":6.0},{"damage":0.0,"enemies":"Writhing Mass","floor":48.0,"turns":8.0},{"damage":16.0,"enemies":"Donu and Deca","floor":50.0,"turns":10.0},{"damage":21,"enemies":"Time Eater","floor":51,"turns":18}],"seed_played":"-9050597750697383660","potions_obtained":[{"floor":1.0,"key":"FocusPotion"},{"floor":2.0,"key":"FearPotion"},{"floor":11.0,"key":"Explosive Potion"},{"floor":27.0,"key":"LiquidBronze"},{"floor":31.0,"key":"Ancient Potion"},{"floor":42.0,"key":"Regen Potion"},{"floor":48.0,"key":"Weak Potion"}],"is_trial":false,"path_per_floor":["M","M","$","M","M","R","E","?","T","R","E","$","E","M","R","B",null,"M","?","?","$","M","R","$","R","T","M","M","M","R","E","R","B",null,"M","?","$","?","M","R","$","M","T","T","?","E","M","M","R","B","B",null],"character_chosen":"DEFECT","items_purchased":["Hologram","Glacier","Cold Snap","BootSequence","Conserve Battery"],"campfire_rested":1,"item_purchase_floors":[3,12,12,12,37],"current_hp_per_floor":[63,63,63,62,49,49,33,33,33,33,17,17,31,31,31,13,67,67,67,67,67,63,63,63,63,63,50,50,50,50,50,50,24,70,70,70,70,70,51,51,51,42,42,42,42,42,40,40,65,64,43],"gold":68,"neow_bonus":"BOSS_RELIC","is_prod":false,"is_daily":false,"chose_seed":false,"campfire_upgraded":8,"win_rate":0,"timestamp":1550780844,"path_taken":["M","M","$","M","?","R","E","?","T","R","E","$","E","M","R","BOSS","M","?","?","$","M","R","$","R","T","M","?","M","R","E","R","BOSS","M","?","$","?","?","R","?","?","T","?","?","E","M","M","R","BOSS","BOSS"],"build_version":"2019-02-06","purchased_purges":3,"victory":true,"max_hp_per_floor":[71,71,71,71,71,71,71,71,71,71,71,71,85,85,85,85,85,85,85,85,85,85,85,85,85,85,85,85,85,85,85,85,85,85,85,85,85,85,85,85,85,85,85,85,85,85,85,85,85,85,85],"card_choices":[{"not_picked":["Beam Cell","Blizzard"],"picked":"Chill","floor":1.0},{"not_picked":["White Noise","Aggregate"],"picked":"Hello World","floor":2.0},{"not_picked":["Turbo","Rip and Tear"],"picked":"Stack","floor":4.0},{"not_picked":["Steam","Turbo"],"picked":"Hello World","floor":5.0},{"not_picked":["Blizzard","Melter"],"picked":"Auto Shields","floor":7.0},{"not_picked":["Sweeping Beam","Go for the Eyes"],"picked":"Reinforced Body","floor":11.0},{"not_picked":["Darkness","Cold Snap"],"picked":"Conserve Battery","floor":13.0},{"not_picked":["Turbo","Stack"],"picked":"Biased Cognition","floor":14.0},{"not_picked":[],"picked":"Steam+1","floor":18.0},{"not_picked":["Compile Driver"],"picked":"SKIP","floor":22.0},{"not_picked":[],"picked":"Hologram","floor":27.0},{"not_picked":["Double Energy"],"picked":"SKIP","floor":28.0},{"not_picked":[],"picked":"Skim","floor":29.0},{"not_picked":[],"picked":"Darkness","floor":31.0},{"not_picked":[],"picked":"Biased Cognition","floor":33.0},{"not_picked":[],"picked":"Fusion","floor":35.0},{"not_picked":[],"picked":"Leap+1","floor":39.0},{"not_picked":[],"picked":"Hologram+1","floor":42.0},{"not_picked":["Compile Driver+1"],"picked":"Stack","floor":46.0},{"not_picked":["Ball Lightning+1"],"picked":"Compile Driver+1","floor":47.0},{"not_picked":["Leap+1"],"picked":"Redo","floor":48.0}],"player_experience":1191522,"relics_obtained":[{"floor":7.0,"key":"Orichalcum"},{"floor":9.0,"key":"Bag of Marbles"},{"floor":11.0,"key":"PreservedInsect"},{"floor":13.0,"key":"Mango"},{"floor":26.0,"key":"Pen Nib"},{"floor":31.0,"key":"Bottled Lightning"},{"floor":43.0,"key":"Bottled Flame"},{"floor":44.0,"key":"Question Card"},{"floor":46.0,"key":"Vajra"}],"event_choices":[{"damage_healed":0.0,"max_hp_gain":0.0,"max_hp_loss":0.0,"gold_gain":150.0,"event_name":"Liars Game","player_choice":"AGREE","floor":8.0,"gold_loss":0.0,"damage_taken":0.0,"cards_obtained":["Doubt"]},{"damage_healed":0.0,"max_hp_gain":0.0,"max_hp_loss":0.0,"gold_gain":0.0,"event_name":"The Library","player_choice":"Read","floor":19.0,"gold_loss":0.0,"damage_taken":0.0,"cards_obtained":["Defragment"]},{"damage_healed":0.0,"max_hp_gain":0.0,"max_hp_loss":0.0,"gold_gain":0.0,"event_name":"Accursed Blacksmith","player_choice":"Rummage","floor":20.0,"gold_loss":0.0,"damage_taken":0.0,"relics_obtained":["WarpedTongs"],"cards_obtained":["Pain"]},{"cards_removed":["Strike_B"],"damage_healed":0.0,"max_hp_gain":0.0,"max_hp_loss":0.0,"gold_gain":0.0,"event_name":"Falling","player_choice":"Removed Attack","floor":36.0,"gold_loss":0.0,"damage_taken":0.0},{"damage_healed":0.0,"max_hp_gain":0.0,"max_hp_loss":0.0,"gold_gain":0.0,"event_name":"Upgrade Shrine","player_choice":"Upgraded","floor":38.0,"gold_loss":0.0,"damage_taken":0.0,"cards_upgraded":["Fusion"]},{"damage_healed":0.0,"max_hp_gain":0.0,"max_hp_loss":0.0,"gold_gain":0.0,"event_name":"Tomb of Lord Red Mask","player_choice":"Paid","floor":45.0,"gold_loss":69.0,"damage_taken":0.0,"relics_obtained":["Red Mask"]}],"is_beta":true,"boss_relics":[{"not_picked":["Cursed Key","Philosopher\u0027s Stone"],"picked":"Busted Crown"},{"not_picked":["Snecko Eye","Calling Bell"],"picked":"Inserter"}],"items_purged_floors":[12,21,37],"is_endless":false,"potions_floor_spawned":[1,2,11,27,31,42,48],"ascension_level":20}