{"gold_per_floor":[116,116,43,60,25,25,25,56,56,83,98,98,98,117,117,117],"floor_reached":16,"playtime":518,"items_purged":[],"score":189,"play_id":"684ad04c-693a-4174-88bf-49b02ec46324","local_time":"20180703001204","is_ascension_mode":true,"campfire_choices":[{"data":"Noxious Fumes","floor":6,"key":"SMITH"},{"data":"Noxious Fumes","floor":12,"key":"SMITH"},{"data":"Neutralize","floor":15,"key":"SMITH"}],"neow_cost":"NONE","seed_source_timestamp":16795416965973,"circlet_count":0,"master_deck":["Survivor","Neutralize+1","AscendersBane","Caltrops","Bane","Expertise","Slice","Dagger Spray","Prepared","Accuracy","Malaise+1","Dagger Throw","Reflex","Noxious Fumes+1","Well Laid Plans","Noxious Fumes+1","Backflip","Tactician","Bane"],"relics":["Pandora\u0027s Box","Unceasing Top","Oddly Smooth Stone","Kunai"],"potions_floor_usage":[],"damage_taken":[{"damage":4,"enemies":"Jaw Worm","floor":1,"turns":4},{"damage":10,"enemies":"Small Slimes","floor":4,"turns":3},{"damage":4,"enemies":"Lagavulin","floor":8,"turns":6},{"damage":19,"enemies":"Gremlin Nob","floor":10,"turns":4},{"damage":0,"enemies":"Cultist","floor":11,"turns":3},{"damage":2,"enemies":"Blue Slaver","floor":14,"turns":4},{"damage":39,"enemies":"Slime Boss","floor":16,"turns":6}],"seed_played":"-1884104594160544538","potions_obtained":[{"floor":1,"key":"Ancient Potion"},{"floor":4,"key":"FearPotion"}],"is_trial":false,"path_per_floor":["M","?","$","M","?","R","$","E","T","E","M","R","?","M","R"],"character_chosen":"THE_SILENT","items_purchased":["Noxious Fumes"],"campfire_rested":0,"item_purchase_floors":[3],"current_hp_per_floor":[55,55,55,45,61,61,61,57,57,38,38,38,38,36,36,0],"gold":117,"neow_bonus":"BOSS_RELIC","is_prod":false,"is_daily":false,"chose_seed":false,"campfire_upgraded":3,"win_rate":0,"timestamp":1530601924,"path_taken":["M","?","$","M","?","R","$","E","T","E","M","R","?","M","R","BOSS"],"build_version":"2018-06-29","purchased_purges":0,"victory":false,"max_hp_per_floor":[66,66,66,66,66,66,66,66,66,66,66,66,66,66,66,66],"card_choices":[{"not_picked":["Bane","Concentrate","Slice"],"picked":"SKIP","floor":1},{"not_picked":["All Out Attack","Deadly Poison"],"picked":"Well Laid Plans","floor":4},{"not_picked":["Masterful Stab","Dodge and Roll"],"picked":"Noxious Fumes","floor":8},{"not_picked":["Dash","Deadly Poison"],"picked":"Backflip","floor":10},{"not_picked":["Outmaneuver","Choke","Acrobatics"],"picked":"SKIP","floor":11},{"not_picked":["Sucker Punch","Heel Hook"],"picked":"Bane","floor":14}],"player_experience":462036,"relics_obtained":[{"floor":8,"key":"Unceasing Top"},{"floor":9,"key":"Oddly Smooth Stone"},{"floor":10,"key":"Kunai"}],"event_choices":[{"event_name":"Living Wall","player_choice":"Grow","floor":2,"damage_taken":0},{"event_name":"The Cleric","player_choice":"Healed","floor":5,"damage_taken":0},{"event_name":"Match and Keep!","player_choice":"1 cards matched","floor":13,"damage_taken":0}],"boss_relics":[],"items_purged_floors":[],"is_endless":false,"potions_floor_spawned":[1,4,10],"killed_by":"Slime Boss","ascension_level":15}