{"gold_per_floor":[116,129,129,143,154,154,182,32,56,131,160,160,125,151,151,247,247,262,33,33,48,67,67,87,87,168,168,178,209,59,59,59,163,163,178,278,278,292,303,303,337,337,337,354,354,371,34,0,0,0],"floor_reached":51,"playtime":2098,"items_purged":["Strike_R","Parasite"],"score":995,"play_id":"0f49098d-ba63-4db4-a463-27052063a36e","local_time":"20190826211434","is_ascension_mode":true,"campfire_choices":[{"data":"Flame Barrier","floor":6,"key":"SMITH"},{"data":"Corruption","floor":12,"key":"SMITH"},{"data":"Double Tap","floor":15,"key":"SMITH"},{"floor":23,"key":"REST"},{"data":"Flame Barrier","floor":25,"key":"SMITH"},{"data":"Perfected Strike","floor":27,"key":"SMITH"},{"floor":32,"key":"REST"},{"data":"Perfected Strike","floor":40,"key":"SMITH"},{"floor":42,"key":"DIG"},{"floor":45,"key":"DIG"},{"floor":49,"key":"REST"}],"neow_cost":"NONE","seed_source_timestamp":548764583402500,"circlet_count":0,"master_deck":["Strike_R","Strike_R","Strike_R","Defend_R","Defend_R","Defend_R","Defend_R","Bash+1","Flame Barrier+1","Perfected Strike+1","Hemokinesis","True Grit+1","Cleave+1","Double Tap+1","Corruption+1","Dropkick","Cleave","Reaper","Perfected Strike+1","Flash of Steel","Inflame","Flame Barrier+1","True Grit+1","Shockwave+1","Ghostly Armor+1","Perfected Strike","Pommel Strike+1","Feel No Pain+1","Barricade+1","Dual Wield+1","Wild Strike","Power Through+1","Sever Soul+1","Shrug It Off+1","Perfected Strike+1","Parasite","Flash of Steel","Feel No Pain+1"],"relics":["Burning Blood","Lantern","Boot","Whetstone","Ancient Tea Set","Question Card","Cursed Key","Frozen Egg 2","War Paint","Runic Pyramid","StoneCalendar","Shovel","Mercury Hourglass","Bottled Lightning","Shuriken","Happy Flower"],"potions_floor_usage":[11,16,28,33,39,41,46,50,50],"damage_taken":[{"damage":0,"enemies":"Small Slimes","floor":1,"turns":4},{"damage":2,"enemies":"2 Louse","floor":2,"turns":3},{"damage":5,"enemies":"Cultist","floor":4,"turns":4},{"damage":10,"enemies":"3 Louse","floor":5,"turns":3},{"damage":29,"enemies":"Lagavulin","floor":7,"turns":8},{"damage":14,"enemies":"Gremlin Nob","floor":11,"turns":3},{"damage":19,"enemies":"3 Sentries","floor":14,"turns":6},{"damage":44,"enemies":"Slime Boss","floor":16,"turns":9},{"damage":17,"enemies":"Shell Parasite","floor":18,"turns":3},{"damage":0,"enemies":"3 Byrds","floor":21,"turns":2},{"damage":52,"enemies":"Shelled Parasite and Fungi","floor":22,"turns":6},{"damage":15,"enemies":"Sentry and Sphere","floor":24,"turns":5},{"damage":0,"enemies":"Snake Plant","floor":28,"turns":2},{"damage":18,"enemies":"Gremlin Leader","floor":29,"turns":5},{"damage":7,"enemies":"Automaton","floor":33,"turns":9},{"damage":13,"enemies":"Orb Walker","floor":35,"turns":4},{"damage":0,"enemies":"Mind Bloom Boss Battle","floor":36,"turns":3},{"damage":0,"enemies":"3 Shapes","floor":38,"turns":5},{"damage":0,"enemies":"Spire Growth","floor":39,"turns":5},{"damage":36,"enemies":"Reptomancer","floor":41,"turns":5},{"damage":1,"enemies":"3 Darklings","floor":44,"turns":5},{"damage":24,"enemies":"Writhing Mass","floor":46,"turns":6},{"damage":50,"enemies":"Donu and Deca","floor":50,"turns":7}],"seed_played":"1090954809392861345","potions_obtained":[{"floor":1,"key":"Swift Potion"},{"floor":2,"key":"Ancient Potion"},{"floor":5,"key":"Strength Potion"},{"floor":11,"key":"Poison Potion"},{"floor":14,"key":"BloodPotion"},{"floor":18,"key":"GamblersBrew"},{"floor":22,"key":"PowerPotion"},{"floor":33,"key":"Weak Potion"},{"floor":36,"key":"EssenceOfSteel"},{"floor":44,"key":"BloodPotion"},{"floor":46,"key":"Explosive Potion"}],"is_trial":false,"path_per_floor":["M","M","?","M","M","R","E","$","T","?","E","R","?","E","R","B",null,"M","$","?","M","M","R","M","R","T","R","M","E","$","?","R","B",null,"M","?","?","M","M","R","E","R","T","M","R","M","$","$","R","B",null],"character_chosen":"IRONCLAD","items_purchased":["Double Tap","Corruption","Flash of Steel","Inflame","Flame Barrier","Feel No Pain+1","Happy Flower","Flash of Steel","Feel No Pain+1"],"campfire_rested":3,"item_purchase_floors":[8,8,19,19,19,30,47,47,48],"current_hp_per_floor":[78,80,80,80,76,76,53,53,53,42,34,34,54,41,41,23,66,61,61,61,67,32,56,47,47,47,47,53,41,41,41,65,64,76,73,79,79,80,80,80,50,50,50,55,55,57,57,57,77,50],"gold":0,"neow_bonus":"RANDOM_COMMON_RELIC","is_prod":false,"is_daily":false,"chose_seed":false,"campfire_upgraded":6,"win_rate":0,"timestamp":1566821674,"path_taken":["M","M","?","M","M","R","E","$","T","?","E","R","?","E","R","BOSS","M","$","?","M","M","R","M","R","T","R","?","E","$","?","R","BOSS","M","?","?","?","M","R","E","R","T","M","R","M","?","$","R","BOSS"],"build_version":"2019-07-17","purchased_purges":2,"victory":true,"max_hp_per_floor":[80,80,80,80,80,80,80,80,80,80,80,80,80,80,80,80,80,80,80,80,80,80,80,80,80,80,80,80,80,80,80,80,80,80,80,80,80,80,80,80,80,80,80,80,80,80,77,77,77,77],"card_choices":[{"not_picked":["Dual Wield","Armaments"],"picked":"Flame Barrier","floor":1},{"not_picked":["Wild Strike","Armaments"],"picked":"Perfected Strike","floor":2},{"not_picked":["Flex","Body Slam"],"picked":"Hemokinesis","floor":4},{"not_picked":["Rampage","Carnage"],"picked":"True Grit","floor":5},{"not_picked":["Bloodletting","Spot Weakness"],"picked":"Cleave","floor":7},{"not_picked":["Corruption","Berserk"],"picked":"Dropkick","floor":11},{"not_picked":["True Grit","Iron Wave"],"picked":"Cleave","floor":14},{"not_picked":["Impervious","Limit Break","Juggernaut"],"picked":"Reaper","floor":16},{"not_picked":["Clothesline","Armaments","Heavy Blade+1"],"picked":"Perfected Strike","floor":18},{"not_picked":["Headbutt","Sword Boomerang","Armaments"],"picked":"True Grit+1","floor":21},{"not_picked":["Whirlwind","Armaments","Fire Breathing"],"picked":"Shockwave+1","floor":22},{"not_picked":["Twin Strike","Havoc+1","Feed"],"picked":"Ghostly Armor","floor":24},{"not_picked":["Blood for Blood","Metallicize+1","Heavy Blade+1"],"picked":"Perfected Strike","floor":28},{"not_picked":["Immolate","Metallicize+1","Iron Wave"],"picked":"Pommel Strike+1","floor":29},{"not_picked":["Offering","Brutality+1","Reaper"],"picked":"Barricade+1","floor":33},{"not_picked":["Iron Wave","Anger","Combust+1"],"picked":"Dual Wield+1","floor":35},{"not_picked":["Heavy Blade","Shockwave","Metallicize+1"],"picked":"Wild Strike","floor":36},{"not_picked":["Clash+1","Flex+1","Iron Wave+1"],"picked":"Power Through+1","floor":38},{"not_picked":["Anger+1","Power Through","Infernal Blade"],"picked":"Sever Soul+1","floor":39},{"not_picked":["Sword Boomerang","Iron Wave","Pommel Strike+1"],"picked":"Shrug It Off+1","floor":41},{"not_picked":["Clash+1","True Grit","Warcry"],"picked":"Perfected Strike+1","floor":44},{"not_picked":["Clothesline","Headbutt","Burning Pact","Second Wind"],"picked":"SKIP","floor":46}],"player_experience":256607,"relics_obtained":[{"floor":7,"key":"Boot"},{"floor":9,"key":"Whetstone"},{"floor":11,"key":"Ancient Tea Set"},{"floor":14,"key":"Question Card"},{"floor":26,"key":"Frozen Egg 2"},{"floor":29,"key":"War Paint"},{"floor":36,"key":"StoneCalendar"},{"floor":41,"key":"Shovel"},{"floor":42,"key":"Mercury Hourglass"},{"floor":43,"key":"Bottled Lightning"},{"floor":45,"key":"Shuriken"}],"event_choices":[{"damage_healed":0,"gold_gain":0,"player_choice":"Ignored","damage_taken":0,"max_hp_gain":0,"max_hp_loss":0,"event_name":"Liars Game","floor":3,"gold_loss":0},{"damage_healed":0,"gold_gain":75,"player_choice":"Gather Gold","damage_taken":11,"max_hp_gain":0,"max_hp_loss":0,"event_name":"World of Goop","floor":10,"gold_loss":0},{"damage_healed":20,"gold_gain":0,"player_choice":"Healed","damage_taken":0,"max_hp_gain":0,"max_hp_loss":0,"event_name":"The Cleric","floor":13,"gold_loss":35},{"cards_removed":["Strike_R"],"damage_healed":0,"gold_gain":0,"player_choice":"Card Removal","damage_taken":0,"max_hp_gain":0,"max_hp_loss":0,"event_name":"Wheel of Change","floor":20,"gold_loss":0},{"damage_healed":0,"gold_gain":0,"player_choice":"Bought 0 Potions","damage_taken":0,"max_hp_gain":0,"max_hp_loss":0,"event_name":"The Woman in Blue","floor":31,"gold_loss":0},{"damage_healed":0,"gold_gain":0,"player_choice":"Fight","damage_taken":0,"max_hp_gain":0,"max_hp_loss":0,"event_name":"MindBloom","floor":36,"gold_loss":0},{"cards_removed":["Shame"],"damage_healed":0,"gold_gain":0,"player_choice":"Removed Curses","damage_taken":0,"max_hp_gain":0,"max_hp_loss":0,"event_name":"Fountain of Cleansing","floor":37,"gold_loss":0}],"is_beta":false,"boss_relics":[{"not_picked":["Runic Dome","Snecko Eye"],"picked":"Cursed Key"},{"not_picked":["Mark of Pain","Velvet Choker"],"picked":"Runic Pyramid"}],"items_purged_floors":[30,47],"is_endless":false,"potions_floor_spawned":[1,2,5,11,14,18,22,33,36,44,46],"ascension_level":7}