{"gold_per_floor":[117,42,42,16,16,16,46,46,46,62,77,106,106,56,56,160,160,172,172,99,99,115,115,30,30,76,1,1,30,30,64,64,165,165,182,182,182,195,195,195,206,220,246,246,259,259,276,276,276,276,276,276,2,35,35],"floor_reached":55,"playtime":6643,"items_purged":["Strike_R","Regret","Strike_R","Finesse"],"score":912,"play_id":"65e18a2a-df10-413e-860e-925db81c4675","local_time":"20190828235727","is_ascension_mode":true,"campfire_choices":[{"data":"Bash","floor":6,"key":"SMITH"},{"data":"Pommel Strike","floor":8,"key":"SMITH"},{"data":"Armaments","floor":15,"key":"SMITH"},{"floor":23,"key":"REST"},{"floor":25,"key":"RECALL"},{"floor":28,"key":"REST"},{"floor":32,"key":"REST"},{"floor":40,"key":"REST"},{"floor":46,"key":"REST"},{"floor":49,"key":"REST"},{"floor":52,"key":"REST"}],"neow_cost":"TEN_PERCENT_HP_LOSS","seed_source_timestamp":278983417212219,"circlet_count":0,"master_deck":["Defend_R","Defend_R","Defend_R","Pommel Strike+1","Headbutt","Dropkick","Armaments+1","Thunderclap","Seeing Red+1","Brutality","Shrug It Off+1","Cleave","Infernal Blade","Iron Wave+1","Double Tap","Body Slam+1","Fire Breathing+1","Sentinel+1","Spot Weakness","Warcry+1"],"relics":["Burning Blood","StoneCalendar","Boot","Mercury Hourglass","Smiling Mask","PreservedInsect","Fusion Hammer","Shuriken","War Paint","Kunai","Paper Frog","Juzu Bracelet","Runic Cube","Bronze Scales","Mummified Hand"],"potions_floor_usage":[12,12,35,38,42,45,47],"damage_taken":[{"damage":4,"enemies":"Jaw Worm","floor":1,"turns":4},{"damage":40,"enemies":"3 Sentries","floor":7,"turns":7},{"damage":1,"enemies":"Cultist","floor":10,"turns":3},{"damage":0,"enemies":"Small Slimes","floor":11,"turns":2},{"damage":8,"enemies":"Lagavulin","floor":12,"turns":5},{"damage":27,"enemies":"Hexaghost","floor":16,"turns":7},{"damage":23,"enemies":"Shell Parasite","floor":18,"turns":4},{"damage":13,"enemies":"2 Thieves","floor":22,"turns":3},{"damage":2,"enemies":"Gremlin Leader","floor":29,"turns":3},{"damage":5,"enemies":"Book of Stabbing","floor":31,"turns":3},{"damage":25,"enemies":"Champ","floor":33,"turns":8},{"damage":12,"enemies":"Orb Walker","floor":35,"turns":3},{"damage":13,"enemies":"3 Darklings","floor":38,"turns":3},{"damage":14,"enemies":"4 Shapes","floor":41,"turns":4},{"damage":0,"enemies":"Jaw Worm Horde","floor":42,"turns":2},{"damage":30,"enemies":"Spire Growth","floor":45,"turns":4},{"damage":23,"enemies":"Sphere and 2 Shapes","floor":47,"turns":4},{"damage":42,"enemies":"Time Eater","floor":50,"turns":8},{"damage":56,"enemies":"Shield and Spear","floor":54,"turns":5},{"damage":67,"enemies":"The Heart","floor":55,"turns":2}],"seed_played":"7999132987445017762","potions_obtained":[{"floor":7,"key":"Dexterity Potion"},{"floor":11,"key":"AttackPotion"},{"floor":31,"key":"EssenceOfSteel"},{"floor":33,"key":"Weak Potion"},{"floor":35,"key":"FearPotion"},{"floor":41,"key":"Energy Potion"},{"floor":42,"key":"SteroidPotion"},{"floor":54,"key":"Energy Potion"}],"is_trial":false,"path_per_floor":["M","$","?","$","?","R","E","R","T","M","M","E","?","$","R","B",null,"M","?","$","?","M","R","?","R","T","?","R","E","T","E","R","B",null,"M","?","?","M","?","R","M","M","T","?","M","R","M","?","R","B",null,"R","$","E","B"],"character_chosen":"IRONCLAD","items_purchased":["Headbutt","Shrug It Off","Bronze Scales","Spot Weakness"],"campfire_rested":7,"item_purchase_floors":[4,20,53,53],"current_hp_per_floor":[72,72,72,72,65,65,31,31,31,36,42,40,40,40,40,19,59,42,42,42,42,35,56,56,56,56,56,72,72,72,72,72,53,67,61,61,61,54,54,72,64,70,70,70,46,67,50,50,71,35,63,72,72,22,0],"gold":35,"neow_bonus":"ONE_RARE_RELIC","is_prod":false,"is_daily":false,"chose_seed":false,"campfire_upgraded":3,"win_rate":0,"timestamp":1567029447,"path_taken":["M","$","?","?","?","R","E","R","T","?","?","E","?","$","R","BOSS","M","?","$","?","M","R","?","R","T","?","R","E","?","E","R","BOSS","M","?","?","M","?","R","M","M","T","?","M","R","M","?","R","BOSS","R","$","E","BOSS"],"build_version":"2019-07-17","purchased_purges":4,"victory":false,"max_hp_per_floor":[72,72,72,72,72,72,72,72,72,72,72,72,72,72,72,72,72,72,72,72,72,72,72,72,72,72,72,72,72,72,72,72,72,72,72,72,72,72,72,72,72,72,72,72,72,72,72,72,72,72,72,72,72,72,72],"card_choices":[{"not_picked":["Body Slam","Cleave"],"picked":"Pommel Strike","floor":1},{"not_picked":["Uppercut","Second Wind"],"picked":"Dropkick","floor":7},{"not_picked":["Twin Strike","Bloodletting"],"picked":"Armaments","floor":10},{"not_picked":["Havoc","Armaments"],"picked":"Thunderclap","floor":11},{"not_picked":["Bludgeon","Intimidate"],"picked":"Seeing Red","floor":12},{"not_picked":["Impervious","Double Tap"],"picked":"Brutality","floor":16},{"not_picked":["Thunderclap","Perfected Strike","Armaments"],"picked":"SKIP","floor":18},{"not_picked":["Sentinel","Rupture"],"picked":"Cleave","floor":22},{"not_picked":["Shrug It Off","Anger"],"picked":"Infernal Blade","floor":29},{"not_picked":["Anger","Havoc"],"picked":"Iron Wave+1","floor":31},{"not_picked":["Impervious","Juggernaut"],"picked":"Double Tap","floor":33},{"not_picked":["Body Slam","True Grit","Seeing Red+1"],"picked":"SKIP","floor":35},{"not_picked":["True Grit","Heavy Blade+1"],"picked":"Body Slam+1","floor":38},{"not_picked":["Fire Breathing","Flex","Impervious"],"picked":"SKIP","floor":41},{"not_picked":["Carnage+1","Cleave+1"],"picked":"Fire Breathing+1","floor":42},{"not_picked":["Dropkick+1","Headbutt"],"picked":"Sentinel+1","floor":45},{"not_picked":["Havoc","Perfected Strike+1","Dropkick"],"picked":"SKIP","floor":47},{"not_picked":["Bandage Up","Secret Technique"],"picked":"Finesse","floor":48},{"not_picked":["Exhume","Iron Wave"],"picked":"Warcry+1","floor":54}],"player_experience":432668,"relics_obtained":[{"floor":7,"key":"Boot"},{"floor":9,"key":"Mercury Hourglass"},{"floor":12,"key":"Smiling Mask"},{"floor":26,"key":"War Paint"},{"floor":29,"key":"Kunai"},{"floor":30,"key":"Paper Frog"},{"floor":31,"key":"Juzu Bracelet"},{"floor":54,"key":"Mummified Hand"}],"event_choices":[{"cards_removed":["Defend_R"],"damage_healed":0,"gold_gain":0,"player_choice":"Purged","damage_taken":0,"max_hp_gain":0,"max_hp_loss":0,"event_name":"Purifier","floor":3,"gold_loss":0},{"cards_removed":["Strike_R"],"damage_healed":0,"gold_gain":0,"player_choice":"Card Removal","damage_taken":7,"max_hp_gain":0,"max_hp_loss":0,"event_name":"Golden Wing","floor":5,"gold_loss":0},{"damage_healed":0,"gold_gain":0,"player_choice":"Box","damage_taken":0,"relics_obtained":["PreservedInsect"],"max_hp_gain":0,"max_hp_loss":0,"event_name":"Big Fish","floor":13,"gold_loss":0,"cards_obtained":["Regret"]},{"damage_healed":0,"gold_gain":0,"player_choice":"Ignored","damage_taken":0,"max_hp_gain":0,"max_hp_loss":0,"event_name":"Ghosts","floor":19,"gold_loss":0},{"damage_healed":0,"gold_gain":0,"player_choice":"Ignored","damage_taken":0,"max_hp_gain":0,"max_hp_loss":0,"event_name":"Vampires","floor":21,"gold_loss":0},{"damage_healed":0,"gold_gain":0,"player_choice":"Obtained Relic","damage_taken":0,"relics_obtained":["Shuriken"],"max_hp_gain":0,"max_hp_loss":0,"event_name":"Addict","floor":24,"gold_loss":85},{"cards_removed":["Strike_R"],"damage_healed":0,"gold_gain":0,"player_choice":"Gave Gold","damage_taken":0,"max_hp_gain":0,"max_hp_loss":0,"event_name":"Beggar","floor":27,"gold_loss":75},{"cards_removed":["Strike_R"],"damage_healed":0,"gold_gain":0,"player_choice":"Offered Basic","damage_taken":0,"max_hp_gain":0,"max_hp_loss":0,"event_name":"Bonfire Elementals","floor":36,"gold_loss":0},{"damage_healed":0,"gold_gain":0,"player_choice":"Ignored","damage_taken":0,"max_hp_gain":0,"max_hp_loss":0,"event_name":"Mysterious Sphere","floor":37,"gold_loss":0},{"cards_removed":["Bash"],"damage_healed":0,"gold_gain":0,"player_choice":"Removed Attack","damage_taken":0,"max_hp_gain":0,"max_hp_loss":0,"event_name":"Falling","floor":39,"gold_loss":0},{"damage_healed":0,"gold_gain":0,"player_choice":"Leave","damage_taken":0,"max_hp_gain":0,"max_hp_loss":0,"event_name":"FaceTrader","floor":44,"gold_loss":0},{"damage_healed":0,"gold_gain":0,"player_choice":"Memory 1","damage_taken":0,"max_hp_gain":0,"max_hp_loss":0,"event_name":"SensoryStone","floor":48,"gold_loss":0}],"is_beta":false,"boss_relics":[{"not_picked":["Mark of Pain","Lizard Tail"],"picked":"Fusion Hammer"},{"not_picked":["Orrery","Runic Dome"],"picked":"Runic Cube"}],"items_purged_floors":[2,14,20,53],"is_endless":false,"potions_floor_spawned":[7,11,31,33,35,41,42,54],"killed_by":"The Heart","ascension_level":6}