{"gold_per_floor":[361,376,386,406,71,71,71,71,126,126,151,151,185,198,198,276,276,291,326,341,13,26,26,36,36,59,74,86,86,102,118,118,191,191,209,431,431,445,445,445,460,473,473,9,9,19,19,19,19,19],"floor_reached":51,"playtime":3667,"items_purged":["Strike_B","Strike_B","Parasite"],"score":1180,"play_id":"c596dfa4-4c7e-4a58-86bc-9f382bd927b4","local_time":"20190820231022","is_ascension_mode":true,"campfire_choices":[{"data":"Capacitor","floor":6.0,"key":"SMITH"},{"data":"Zap","floor":10.0,"key":"SMITH"},{"floor":15.0,"key":"REST"},{"floor":23.0,"key":"REST"},{"data":"Fission","floor":25.0,"key":"SMITH"},{"data":"Self Repair","floor":29.0,"key":"SMITH"},{"data":"Barrage","floor":32,"key":"SMITH"},{"floor":40,"key":"REST"},{"floor":45,"key":"REST"},{"floor":47,"key":"REST"},{"floor":49,"key":"RECALL"}],"neow_cost":"TEN_PERCENT_HP_LOSS","seed_source_timestamp":0,"circlet_count":0,"master_deck":["AscendersBane","Strike_B+1","Strike_B+1","Defend_B","Defend_B","Defend_B","Defend_B","Zap+1","Dualcast+1","Glacier","Redo","Compile Driver","FTL","Cold Snap","Capacitor+1","Glacier","Conserve Battery","Steam","Fission+1","Hologram","Leap","Coolheaded","Compile Driver","Barrage+1","Barrage","Leap","Cold Snap+1","Beam Cell","Echo Form","Coolheaded","Madness","Madness","Compile Driver+1","FTL","Panache","Steam"],"special_seed":0,"relics":["Cracked Core","Regal Pillow","Bag of Preparation","Whetstone","Oddly Smooth Stone","Eternal Feather","Red Mask","Membership Card","Potion Belt","Fusion Hammer","Pen Nib","Shuriken","Vajra"],"potions_floor_usage":[33,33,38,38,41,42,50,50,50],"damage_taken":[{"damage":4.0,"enemies":"Small Slimes","floor":1.0,"turns":4.0},{"damage":1.0,"enemies":"Jaw Worm","floor":2.0,"turns":5.0},{"damage":0.0,"enemies":"Cultist","floor":3.0,"turns":3.0},{"damage":3.0,"enemies":"Large Slime","floor":4.0,"turns":7.0},{"damage":25.0,"enemies":"Gremlin Nob","floor":11.0,"turns":4.0},{"damage":3.0,"enemies":"3 Sentries","floor":13.0,"turns":8.0},{"damage":0.0,"enemies":"2 Fungi Beasts","floor":14.0,"turns":3.0},{"damage":22.0,"enemies":"The Guardian","floor":16.0,"turns":18.0},{"damage":7.0,"enemies":"Shell Parasite","floor":18.0,"turns":10.0},{"damage":31.0,"enemies":"Masked Bandits","floor":19.0,"turns":6.0},{"damage":12.0,"enemies":"3 Byrds","floor":20.0,"turns":9.0},{"damage":5.0,"enemies":"Snecko","floor":22.0,"turns":16.0},{"damage":45.0,"enemies":"3 Cultists","floor":24.0,"turns":8.0},{"damage":25.0,"enemies":"Snake Plant","floor":27.0,"turns":7.0},{"damage":6.0,"enemies":"Centurion and Healer","floor":28.0,"turns":9.0},{"damage":8.0,"enemies":"Sentry and Sphere","floor":30.0,"turns":8.0},{"damage":24.0,"enemies":"Chosen and Byrds","floor":31.0,"turns":9.0},{"damage":22,"enemies":"Automaton","floor":33,"turns":17},{"damage":15,"enemies":"Orb Walker","floor":35,"turns":6},{"damage":29,"enemies":"3 Darklings","floor":38,"turns":7},{"damage":50,"enemies":"Jaw Worm Horde","floor":41,"turns":6},{"damage":0,"enemies":"Writhing Mass","floor":42,"turns":10},{"damage":42,"enemies":"Transient","floor":46,"turns":6},{"damage":24,"enemies":"Donu and Deca","floor":50,"turns":7}],"seed_played":"-5705330549491514164","potions_obtained":[{"floor":1.0,"key":"Dexterity Potion"},{"floor":3.0,"key":"AttackPotion"},{"floor":13.0,"key":"Swift Potion"},{"floor":16.0,"key":"PowerPotion"},{"floor":20.0,"key":"SkillPotion"},{"floor":24.0,"key":"SteroidPotion"},{"floor":30.0,"key":"FocusPotion"},{"floor":31.0,"key":"Weak Potion"},{"floor":33,"key":"Weak Potion"},{"floor":35,"key":"SpeedPotion"},{"floor":41,"key":"EssenceOfSteel"},{"floor":42,"key":"LiquidBronze"}],"is_trial":false,"path_per_floor":["M","M","M","M","$","R","?","$","T","R","E","?","E","M","R","B",null,"M","?","M","$","M","R","M","R","T","M","M","R","M","M","R","B",null,"M","?","?","M","?","R","M","M","T","$","R","M","R","?","R","B",null],"character_chosen":"DEFECT","items_purchased":["Regal Pillow","Cold Snap","Capacitor","Membership Card","Self Repair","Fire Potion","Shuriken","Vajra","Panache","LiquidBronze","Ancient Potion"],"campfire_rested":5,"item_purchase_floors":[5,5,5,21,21,21,44,44,44,44,44],"current_hp_per_floor":[60,59,59,56,56,56,61,61,61,61,36,36,33,33,68,46,63,56,25,13,13,15,62,24,39,39,21,22,37,39,25,40,28,59,54,54,42,23,23,69,29,39,39,39,66,24,66,66,66,42],"gold":19,"neow_bonus":"TWO_FIFTY_GOLD","is_prod":false,"is_daily":false,"chose_seed":false,"campfire_upgraded":5,"win_rate":0,"timestamp":1566310222,"path_taken":["M","M","M","M","$","R","?","$","T","R","E","?","E","?","R","BOSS","M","?","M","$","M","R","M","R","T","M","M","R","M","M","R","BOSS","M","?","?","M","?","R","M","M","T","$","R","M","R","?","R","BOSS"],"build_version":"2019-07-17","purchased_purges":3,"victory":true,"max_hp_per_floor":[64,64,64,64,64,64,69,69,69,69,69,69,69,69,69,69,69,69,69,69,69,69,69,69,69,69,69,69,69,69,69,69,69,69,69,69,69,69,69,69,69,69,69,66,66,66,66,66,66,66],"card_choices":[{"not_picked":["Lockon","Hologram"],"picked":"Glacier","floor":1.0},{"not_picked":["Stack","Heatsinks"],"picked":"Redo","floor":2.0},{"not_picked":["Sweeping Beam","Barrage"],"picked":"Compile Driver","floor":3.0},{"not_picked":["Stack","Gash"],"picked":"FTL","floor":4.0},{"not_picked":["Hyperbeam","Streamline"],"picked":"Glacier","floor":11.0},{"not_picked":["Aggregate","Hologram"],"picked":"Conserve Battery","floor":13.0},{"not_picked":["Hello World","Scrape"],"picked":"Steam","floor":14.0},{"not_picked":["All For One","Multi-Cast"],"picked":"Fission","floor":16.0},{"not_picked":["Stack","Streamline"],"picked":"Hologram","floor":18.0},{"not_picked":["Sweeping Beam","Ball Lightning"],"picked":"Leap","floor":19.0},{"not_picked":["White Noise","Tempest"],"picked":"Coolheaded","floor":20.0},{"not_picked":["Turbo","Leap+1"],"picked":"Compile Driver","floor":22.0},{"not_picked":["Reboot","Heatsinks"],"picked":"Barrage","floor":24.0},{"not_picked":["Streamline","Stack+1"],"picked":"Barrage","floor":27.0},{"not_picked":["BootSequence","Tempest"],"picked":"Leap","floor":28.0},{"not_picked":["Self Repair","Steam"],"picked":"Cold Snap+1","floor":30.0},{"not_picked":["Leap","Hologram"],"picked":"Beam Cell","floor":31.0},{"not_picked":["Buffer","Core Surge"],"picked":"Echo Form","floor":33},{"not_picked":["Conserve Battery","Compile Driver"],"picked":"Coolheaded","floor":35},{"not_picked":["Gash","Chaos"],"picked":"Compile Driver+1","floor":38},{"not_picked":["Hello World","Genetic Algorithm+1","Force Field"],"picked":"SKIP","floor":41},{"not_picked":["Gash","Steam"],"picked":"FTL","floor":42},{"not_picked":["Turbo","Compile Driver"],"picked":"Steam","floor":46}],"player_experience":212344,"relics_obtained":[{"floor":9.0,"key":"Bag of Preparation"},{"floor":11.0,"key":"Whetstone"},{"floor":13.0,"key":"Oddly Smooth Stone"},{"floor":19.0,"key":"Red Mask"},{"floor":26.0,"key":"Potion Belt"},{"floor":43,"key":"Pen Nib"}],"event_choices":[{"damage_healed":0.0,"max_hp_gain":5.0,"max_hp_loss":0.0,"gold_gain":0.0,"event_name":"Big Fish","player_choice":"Donut","floor":7.0,"gold_loss":0.0,"damage_taken":0.0},{"damage_healed":0.0,"max_hp_gain":0.0,"max_hp_loss":0.0,"gold_gain":0.0,"event_name":"Upgrade Shrine","player_choice":"Upgraded","floor":12.0,"gold_loss":0.0,"damage_taken":0.0,"cards_upgraded":["Dualcast"]},{"damage_healed":0.0,"max_hp_gain":0.0,"max_hp_loss":0.0,"gold_gain":0.0,"event_name":"Masked Bandits","player_choice":"Fought Bandits","floor":19.0,"gold_loss":0.0,"damage_taken":0.0},{"damage_healed":0,"gold_gain":222,"player_choice":"Wore Mask","damage_taken":0,"max_hp_gain":0,"max_hp_loss":0,"event_name":"Tomb of Lord Red Mask","floor":36,"gold_loss":0},{"damage_healed":0,"gold_gain":0,"player_choice":"Embrace Madness","damage_taken":12,"max_hp_gain":0,"max_hp_loss":0,"event_name":"Winding Halls","floor":37,"gold_loss":0,"cards_obtained":["Madness","Madness"]},{"damage_healed":0,"gold_gain":0,"player_choice":"Ignored","damage_taken":0,"max_hp_gain":0,"max_hp_loss":0,"event_name":"The Moai Head","floor":39,"gold_loss":0},{"cards_removed":["Self Repair"],"damage_healed":0,"gold_gain":0,"player_choice":"Removed Power","damage_taken":0,"max_hp_gain":0,"max_hp_loss":0,"event_name":"Falling","floor":48,"gold_loss":0}],"is_beta":false,"boss_relics":[{"not_picked":["FrozenCore","Nuclear Battery"],"picked":"Eternal Feather"},{"not_picked":["Empty Cage","Orrery"],"picked":"Fusion Hammer"}],"items_purged_floors":[5,21,44],"is_endless":false,"potions_floor_spawned":[1,3,13,16,18,20,24,30,31,33,35,41,42],"ascension_level":17}