{"gold_per_floor":[111,4,279,298,298,324,324,382,382,30,357,370,370,387,387,387],"floor_reached":16,"playtime":519,"items_purged":["Defend_R"],"score":266,"play_id":"353bce34-f2e5-4719-81f3-37fcc632d478","local_time":"20190213124915","is_ascension_mode":true,"campfire_choices":[{"data":"True Grit","floor":7,"key":"SMITH"},{"data":"Bash","floor":15,"key":"SMITH"}],"neow_cost":"NONE","seed_source_timestamp":7200348848126,"circlet_count":0,"master_deck":["AscendersBane","Strike_R","Strike_R","Strike_R","Strike_R","Strike_R","Defend_R","Defend_R","Defend_R","Bash+1","Clothesline","Metallicize","True Grit+1","Wild Strike","Shrug It Off","Metallicize+1","Disarm","Shrug It Off","Dark Shackles","Metallicize+1","Iron Wave"],"relics":["Burning Blood","NeowsBlessing","Blue Candle","Oddly Smooth Stone","Frozen Egg 2","Old Coin"],"potions_floor_usage":[8,12],"damage_taken":[{"damage":0,"enemies":"Cultist","floor":1,"turns":1},{"damage":0,"enemies":"Jaw Worm","floor":4,"turns":1},{"damage":0,"enemies":"Gremlin Nob","floor":6,"turns":1},{"damage":50,"enemies":"Lagavulin Event","floor":8,"turns":8},{"damage":18,"enemies":"3 Sentries","floor":11,"turns":16},{"damage":9,"enemies":"2 Louse","floor":12,"turns":3},{"damage":0,"enemies":"Exordium Wildlife","floor":14,"turns":7},{"damage":41,"enemies":"Hexaghost","floor":16,"turns":16}],"seed_played":"-6923148817190876026","potions_obtained":[{"floor":1,"key":"Strength Potion"},{"floor":4,"key":"Regen Potion"},{"floor":6,"key":"Energy Potion"}],"is_trial":false,"path_per_floor":["M","$","?","M","?","E","R","?","T","$","E","M","?","M","R","B"],"character_chosen":"IRONCLAD","items_purchased":["Metallicize","True Grit","Metallicize+1","Disarm","Shrug It Off","Dark Shackles"],"campfire_rested":0,"item_purchase_floors":[2,2,10,10,10,10],"current_hp_per_floor":[74,74,74,75,68,74,74,30,30,30,18,15,40,46,46,5],"gold":387,"neow_bonus":"THREE_ENEMY_KILL","is_prod":false,"is_daily":false,"chose_seed":false,"campfire_upgraded":2,"win_rate":0,"timestamp":1550090955,"path_taken":["M","$","?","?","?","E","R","?","T","?","E","M","?","M","R","BOSS"],"build_version":"2019-02-06","purchased_purges":1,"victory":false,"max_hp_per_floor":[75,75,75,75,75,75,75,75,75,75,75,75,75,75,75,75],"card_choices":[{"not_picked":["Reckless Charge","Havoc"],"picked":"Clothesline","floor":1},{"not_picked":["Heavy Blade","Burning Pact"],"picked":"Wild Strike","floor":4},{"not_picked":["Cleave","Entrench","Second Wind"],"picked":"SKIP","floor":6},{"not_picked":["Thunderclap","Impervious"],"picked":"Shrug It Off","floor":8},{"not_picked":["Power Through","Fire Breathing+1"],"picked":"Metallicize+1","floor":11},{"not_picked":["Intimidate","Twin Strike"],"picked":"Iron Wave","floor":12}],"player_experience":1152657,"relics_obtained":[{"floor":6,"key":"Blue Candle"},{"floor":8,"key":"Oddly Smooth Stone"},{"floor":9,"key":"Frozen Egg 2"},{"floor":11,"key":"Old Coin"}],"event_choices":[{"damage_healed":0,"gold_gain":275,"player_choice":"Desecrate","damage_taken":0,"max_hp_gain":0,"max_hp_loss":0,"event_name":"Golden Shrine","floor":3,"gold_loss":0,"cards_obtained":["Regret"]},{"cards_removed":["Regret"],"damage_healed":0,"gold_gain":0,"player_choice":"Card Removal","damage_taken":7,"max_hp_gain":0,"max_hp_loss":0,"event_name":"Golden Wing","floor":5,"gold_loss":0},{"damage_healed":0,"gold_gain":30,"player_choice":"Searched \u00272\u0027 times","damage_taken":0,"max_hp_gain":0,"max_hp_loss":0,"event_name":"Dead Adventurer","floor":8,"gold_loss":0},{"damage_healed":25,"gold_gain":0,"player_choice":"Banana","damage_taken":0,"max_hp_gain":0,"max_hp_loss":0,"event_name":"Big Fish","floor":13,"gold_loss":0}],"is_beta":true,"boss_relics":[],"items_purged_floors":[10],"is_endless":false,"potions_floor_spawned":[1,4,6],"killed_by":"Hexaghost","ascension_level":20}