{"gold_per_floor":[118,134,49,49,66,66,91,114,152,175,197,227,239,285,297,381,393,424,356],"floor_reached":19,"playtime":659,"items_purged":[],"score":353,"play_id":"7abb93f5-711e-45b9-bafc-d8af3548e04c","local_time":"20190825133225","is_ascension_mode":true,"campfire_choices":[{"data":"Ball Lightning","floor":6,"key":"SMITH"},{"data":"Barrage","floor":13,"key":"SMITH"},{"floor":15,"key":"REST"}],"neow_cost":"TEN_PERCENT_HP_LOSS","seed_source_timestamp":436084291703500,"circlet_count":0,"master_deck":["AscendersBane","Strike_B","Strike_B+1","Strike_B","Strike_B","Defend_B","Defend_B","Defend_B","Defend_B","Zap","Dualcast","Ball Lightning+1","Rebound+1","White Noise","Static Discharge","Core Surge","Self Repair","Sweeping Beam","Barrage+1","Force Field","Leap","Fission","Barrage"],"relics":["Cracked Core","Peace Pipe","MawBank","Whetstone","Juzu Bracelet","Inserter"],"potions_floor_usage":[8,14,16],"damage_taken":[{"damage":1,"enemies":"Cultist","floor":1,"turns":3},{"damage":7,"enemies":"Jaw Worm","floor":2,"turns":3},{"damage":0,"enemies":"2 Louse","floor":5,"turns":2},{"damage":25,"enemies":"Lagavulin","floor":7,"turns":6},{"damage":4,"enemies":"Large Slime","floor":8,"turns":6},{"damage":20,"enemies":"Gremlin Gang","floor":10,"turns":6},{"damage":12,"enemies":"Looter","floor":11,"turns":3},{"damage":0,"enemies":"Large Slime","floor":12,"turns":3},{"damage":11,"enemies":"Gremlin Nob","floor":14,"turns":3},{"damage":30,"enemies":"Slime Boss","floor":16,"turns":9},{"damage":29,"enemies":"Spheric Guardian","floor":18,"turns":5},{"damage":29,"enemies":"2 Thieves","floor":19,"turns":2}],"seed_played":"-2114246751999483250","potions_obtained":[{"floor":2,"key":"Regen Potion"},{"floor":5,"key":"Swift Potion"},{"floor":10,"key":"Strength Potion"}],"is_trial":false,"path_per_floor":["M","M","$","?","M","R","E","M","T","M","M","M","R","E","R","B",null,"M","M"],"character_chosen":"DEFECT","items_purchased":["White Noise"],"campfire_rested":1,"item_purchase_floors":[3],"current_hp_per_floor":[63,56,56,56,56,56,31,42,42,29,24,24,24,13,32,9,50,28,0],"gold":356,"neow_bonus":"ONE_RARE_RELIC","is_prod":false,"is_daily":false,"chose_seed":false,"campfire_upgraded":2,"win_rate":0,"timestamp":1566707545,"path_taken":["M","M","?","?","M","R","E","M","T","M","M","M","R","E","R","BOSS","M","M"],"build_version":"2019-07-17","purchased_purges":0,"victory":false,"max_hp_per_floor":[64,64,64,64,64,64,64,64,64,64,64,64,64,64,64,64,64,64,64],"card_choices":[{"not_picked":["Barrage","Steam"],"picked":"Ball Lightning","floor":1},{"not_picked":["Consume","Go for the Eyes"],"picked":"Rebound","floor":2},{"not_picked":["Streamline","Cold Snap"],"picked":"Static Discharge","floor":5},{"not_picked":["Turbo","Skim"],"picked":"Core Surge","floor":7},{"not_picked":["Go for the Eyes","Fusion"],"picked":"Self Repair","floor":8},{"not_picked":["Tempest","Auto Shields"],"picked":"Sweeping Beam","floor":10},{"not_picked":["Genetic Algorithm","Hologram"],"picked":"Barrage","floor":11},{"not_picked":["White Noise","Turbo"],"picked":"Force Field","floor":12},{"not_picked":["Static Discharge","Tempest"],"picked":"Leap","floor":14},{"not_picked":["Buffer","Thunder Strike"],"picked":"Fission","floor":16},{"not_picked":["Storm","Lockon+1"],"picked":"Barrage","floor":18}],"player_experience":237839,"relics_obtained":[{"floor":7,"key":"MawBank"},{"floor":9,"key":"Whetstone"},{"floor":14,"key":"Juzu Bracelet"}],"event_choices":[{"damage_healed":0,"gold_gain":0,"player_choice":"Leave","damage_taken":0,"max_hp_gain":0,"max_hp_loss":0,"event_name":"The Cleric","floor":4,"gold_loss":0}],"is_beta":false,"boss_relics":[{"not_picked":["Tiny House","Lizard Tail"],"picked":"Inserter"}],"items_purged_floors":[],"is_endless":false,"potions_floor_spawned":[2,5,7,10],"killed_by":"2 Thieves","ascension_level":19}