{"gold_per_floor":[114,114,133,208,208,239,0,28,28,28],"floor_reached":10,"playtime":255,"items_purged":[],"score":148,"play_id":"122fc1c2-4e90-488a-ba79-2fe970b3b85e","local_time":"20190826154855","is_ascension_mode":true,"campfire_choices":[],"neow_cost":"NONE","seed_source_timestamp":36543309211274,"circlet_count":0,"master_deck":["AscendersBane","Strike_R","Strike_R","Strike_R","Strike_R","Strike_R","Defend_R","Defend_R","Defend_R","Defend_R","Bash","Metallicize","Perfected Strike","Anger","Metallicize","Feed"],"special_seed":0,"relics":["Black Star","Charon\u0027s Ashes","Juzu Bracelet","Potion Belt","Singing Bowl","Bottled Tornado","Ginger"],"potions_floor_usage":[8],"damage_taken":[{"damage":7.0,"enemies":"Jaw Worm","floor":1.0,"turns":4.0},{"damage":7.0,"enemies":"2 Louse","floor":3.0,"turns":3.0},{"damage":18.0,"enemies":"3 Sentries","floor":6.0,"turns":7.0},{"damage":14,"enemies":"Gremlin Nob","floor":8,"turns":4},{"damage":43,"enemies":"Lagavulin","floor":10,"turns":7}],"seed_played":"29087276715943897","potions_obtained":[{"floor":6.0,"key":"Weak Potion"}],"is_trial":false,"path_per_floor":["M","?","M","?","?","E","$","E","T","E"],"character_chosen":"IRONCLAD","items_purchased":["Metallicize","Feed"],"campfire_rested":0,"item_purchase_floors":[7,7],"current_hp_per_floor":[61,56,49,38,63,45,45,33,33,0],"gold":28,"neow_bonus":"BOSS_RELIC","is_prod":false,"is_daily":false,"chose_seed":false,"campfire_upgraded":0,"win_rate":0,"timestamp":1566859735,"path_taken":["M","?","M","?","?","E","$","E","T","E"],"build_version":"2019-08-23","purchased_purges":0,"victory":false,"max_hp_per_floor":[75,75,75,75,75,75,75,77,77,77],"card_choices":[{"not_picked":["Flex","Headbutt"],"picked":"Metallicize","floor":1.0},{"not_picked":["Twin Strike","Clothesline"],"picked":"Perfected Strike","floor":3.0},{"not_picked":["Second Wind","Sentinel"],"picked":"Anger","floor":6.0},{"not_picked":["Pummel","Flex","Body Slam"],"picked":"Singing Bowl","floor":8}],"player_experience":1449890,"relics_obtained":[{"floor":6.0,"key":"Juzu Bracelet"},{"floor":6.0,"key":"Potion Belt"},{"floor":8,"key":"Singing Bowl"},{"floor":8,"key":"Bottled Tornado"},{"floor":9,"key":"Ginger"}],"event_choices":[{"damage_healed":0.0,"max_hp_gain":0.0,"max_hp_loss":0.0,"gold_gain":0.0,"event_name":"Scrap Ooze","player_choice":"Success","floor":2.0,"gold_loss":0.0,"damage_taken":5.0,"relics_obtained":["Charon\u0027s Ashes"]},{"damage_healed":0.0,"max_hp_gain":0.0,"max_hp_loss":0.0,"gold_gain":75.0,"event_name":"World of Goop","player_choice":"Gather Gold","floor":4.0,"gold_loss":0.0,"damage_taken":11.0},{"damage_healed":25.0,"max_hp_gain":0.0,"max_hp_loss":0.0,"gold_gain":0.0,"event_name":"Big Fish","player_choice":"Banana","floor":5.0,"gold_loss":0.0,"damage_taken":0.0}],"is_beta":true,"boss_relics":[],"items_purged_floors":[],"is_endless":false,"potions_floor_spawned":[6],"killed_by":"Lagavulin","ascension_level":20}