{"path_per_floor":["M","M","?","$","?","R","E","?","T","M","M","$","?","E","R","B",null,"M","M","M","?","M","R","?","R","T","M","M","M","$","?","R","B",null,"M","$","?","?","M","?"],"character_chosen":"DEFECT","items_purchased":["Cold Snap","Runic Capacitor","Go for the Eyes+1","Matryoshka","Auto Shields","Sunder+1"],"gold_per_floor":[110,120,70,45,220,220,254,254,254,266,285,54,54,82,82,185,185,196,206,216,141,160,160,310,310,310,325,337,349,22,22,22,120,120,132,93,138,138,155,155,155],"floor_reached":41,"campfire_rested":4,"playtime":1703,"item_purchase_floors":[4,12,12,30,30,36],"current_hp_per_floor":[75,69,69,69,69,69,50,47,47,47,37,37,55,43,65,47,75,58,43,15,15,15,37,37,59,59,59,59,59,59,59,75,1,75,65,65,41,41,18,18,0],"items_purged":[],"gold":155,"score":401,"play_id":"197fb1c9-7ea0-47b2-b484-f8d5cf19c37d","local_time":"20180614191027","is_prod":false,"is_daily":false,"chose_seed":false,"is_ascension_mode":false,"campfire_upgraded":1,"win_rate":0,"timestamp":1529017827,"campfire_choices":[{"data":"Zap","floor":6,"key":"SMITH"},{"floor":15,"key":"REST"},{"floor":23,"key":"REST"},{"floor":25,"key":"REST"},{"floor":32,"key":"REST"}],"path_taken":["M","M","?","$","?","R","E","?","T","M","M","?","?","E","R","BOSS","M","M","M","?","M","R","?","R","T","M","M","M","$","?","R","BOSS","M","$","?","?","M","?","E"],"build_version":"2018-06-07v3","seed_source_timestamp":77977443044876,"purchased_purges":0,"victory":false,"master_deck":["Strike_B","Strike_B","Defend_B","Defend_B","Defend_B","Zap+1","Dualcast","Beam Cell","Tempest","Cold Snap","Rip and Tear+1","Doom and Gloom+1","Cold Snap+1","Go for the Eyes+1","Sweeping Beam+1","Biased Cognition","Hologram+1","FTL+1","Compile Driver+1","Ball Lightning+1","Auto Shields","Echo Form","Conserve Battery+1","Sunder+1","Ball Lightning+1","Magnetism"],"max_hp_per_floor":[75,75,75,75,75,75,75,75,75,75,75,75,75,75,75,75,75,75,75,75,75,75,75,75,75,75,75,75,75,75,75,75,75,75,75,75,75,75,75,75,75],"relics":["Cracked Core","Omamori","Molten Egg 2","Oddly Smooth Stone","Bag of Marbles","Runic Capacitor","Bottled Lightning","Nuclear Battery","Turnip","Matryoshka","Busted Crown","Thread and Needle"],"card_choices":[{"not_picked":["Sweeping Beam","Go for the Eyes"],"picked":"Beam Cell","floor":1},{"not_picked":["FTL","Barrage"],"picked":"Tempest","floor":2},{"not_picked":["Stack","Redo"],"picked":"Rip and Tear","floor":7},{"not_picked":["Meteor Strike+1","Loop"],"picked":"Doom and Gloom+1","floor":10},{"not_picked":["Turbo","Barrage+1"],"picked":"Cold Snap+1","floor":11},{"not_picked":["Steam","Conserve Battery"],"picked":"Sweeping Beam+1","floor":14},{"not_picked":["Rainbow","Buffer"],"picked":"Biased Cognition","floor":16},{"not_picked":["Cold Snap+1","Reprogram"],"picked":"Hologram+1","floor":18},{"not_picked":["Steam Power","Beam Cell+1"],"picked":"FTL+1","floor":19},{"not_picked":["Darkness+1","Capacitor"],"picked":"Compile Driver+1","floor":20},{"not_picked":["Barrage+1","Beam Cell+1","Rip and Tear+1"],"picked":"SKIP","floor":22},{"not_picked":["Compile Driver+1","Reinforced Body","Steam Power"],"picked":"SKIP","floor":27},{"not_picked":["Skim","Reboot","Storm"],"picked":"SKIP","floor":28},{"not_picked":["Turbo","Heatsinks+1"],"picked":"Ball Lightning+1","floor":29},{"not_picked":["Seek","Thunder Strike+1"],"picked":"Echo Form","floor":33},{"not_picked":[],"picked":"Conserve Battery+1","floor":35},{"not_picked":[],"picked":"Ball Lightning+1","floor":37},{"not_picked":[],"picked":"Magnetism","floor":38},{"not_picked":["Streamline+1"],"picked":"SKIP","floor":39}],"player_experience":99471,"potions_floor_usage":[16,16,22,27,33,33,33,39,41,41,41],"damage_taken":[{"damage":0,"enemies":"2 Louse","floor":1,"turns":1},{"damage":6,"enemies":"Jaw Worm","floor":2,"turns":2},{"damage":19,"enemies":"Lagavulin","floor":7,"turns":5},{"damage":0,"enemies":"Small Slimes","floor":10,"turns":1},{"damage":10,"enemies":"Blue Slaver","floor":11,"turns":2},{"damage":12,"enemies":"Gremlin Nob","floor":14,"turns":3},{"damage":18,"enemies":"The Guardian","floor":16,"turns":8},{"damage":17,"enemies":"2 Thieves","floor":18,"turns":2},{"damage":15,"enemies":"3 Byrds","floor":19,"turns":2},{"damage":28,"enemies":"Snake Plant","floor":20,"turns":3},{"damage":0,"enemies":"Snecko","floor":22,"turns":3},{"damage":0,"enemies":"3 Cultists","floor":27,"turns":3},{"damage":0,"enemies":"Cultist and Chosen","floor":28,"turns":4},{"damage":0,"enemies":"Snake Plant","floor":29,"turns":2},{"damage":74,"enemies":"Champ","floor":33,"turns":7},{"damage":10,"enemies":"Orb Walker","floor":35,"turns":2},{"damage":24,"floor":37,"turns":4},{"damage":23,"enemies":"3 Darklings","floor":39,"turns":3},{"damage":34,"enemies":"Giant Head","floor":41,"turns":6}],"relics_obtained":[{"floor":7,"key":"Molten Egg 2"},{"floor":9,"key":"Bag of Marbles"},{"floor":14,"key":"Bottled Lightning"},{"floor":26,"key":"Turnip"},{"floor":37,"key":"Thread and Needle"}],"event_choices":[{"event_name":"The Cleric","player_choice":"Card Removal","floor":3,"damage_taken":0},{"event_name":"Liars Game","player_choice":"agreed","floor":5,"damage_taken":0},{"event_name":"Scrap Ooze","player_choice":"success","floor":8,"damage_taken":3},{"event_name":"Mushrooms","player_choice":"Healed and dodged fight","floor":13,"damage_taken":0},{"event_name":"Beggar","player_choice":"Gave Gold","floor":21,"damage_taken":0},{"event_name":"Nest","player_choice":"Stole From Cult","floor":24,"damage_taken":0},{"event_name":"Ghosts","player_choice":"Ignored","floor":31,"damage_taken":0},{"event_name":"Mysterious Sphere","player_choice":"Fight","floor":37,"damage_taken":0},{"event_name":"SensoryStone","player_choice":"Memory 1","floor":38,"damage_taken":0},{"event_name":"Falling","player_choice":"Removed Skill","floor":40,"damage_taken":0}],"boss_relics":[{"not_picked":["Sozu","Pandora\u0027s Box"],"picked":"Nuclear Battery"},{"not_picked":["Calling Bell","Runic Pyramid"],"picked":"Busted Crown"}],"items_purged_floors":[],"potions_floor_spawned":[2,11,14,16,20,22,27,33,35,37],"seed_played":"-3171574064998958336","killed_by":"Giant Head","ascension_level":0,"potions_obtained":[{"floor":2,"key":"FocusPotion"},{"floor":11,"key":"FocusPotion"},{"floor":14,"key":"Fire Potion"},{"floor":16,"key":"GamblersBrew"},{"floor":20,"key":"SkillPotion"},{"floor":22,"key":"FocusPotion"},{"floor":27,"key":"Poison Potion"},{"floor":33,"key":"EntropicBrew"},{"floor":35,"key":"Explosive Potion"},{"floor":37,"key":"Energy Potion"}],"is_trial":false}