{"gold_per_floor":[109,109,123,123,143,176,176,126,149,149,165,165,185,200,200,323,323,312,312,312,382,400,431,431,431,499,499,111,111,39,64,64,185,185,205,330,353,686,217,217,217,217,264,293,308,319,194,210,210,210,210,210,60,60],"floor_reached":54,"playtime":4561,"items_purged":["Strike_G","Injury","Writhe","Parasite"],"score":758,"play_id":"8f1b7f55-9fc9-40da-94d8-eb381c3acb61","local_time":"20190701185158","is_ascension_mode":false,"campfire_choices":[{"floor":7,"key":"REST"},{"data":"Neutralize","floor":10,"key":"SMITH"},{"floor":12,"key":"RECALL"},{"floor":15,"key":"REST"},{"data":"Noxious Fumes","floor":24,"key":"SMITH"},{"data":"After Image","floor":27,"key":"SMITH"},{"data":"Secret Technique","floor":29,"key":"SMITH"},{"data":"Footwork","floor":32,"key":"SMITH"},{"data":"Catalyst","floor":40,"key":"SMITH"},{"data":"Leg Sweep","floor":42,"key":"SMITH"},{"data":"Leg Sweep","floor":49,"key":"SMITH"},{"data":"Caltrops","floor":52,"key":"SMITH"}],"neow_cost":"NONE","seed_source_timestamp":210722693717356,"circlet_count":0,"master_deck":["Strike_G+1","Defend_G","Defend_G","Defend_G+1","Defend_G+1","Defend_G","Survivor","Neutralize+1","Poisoned Stab","Deadly Poison","Deadly Poison+1","Catalyst+1","Noxious Fumes+1","Dagger Spray","Leg Sweep+1","Leg Sweep+1","After Image+1","Slice","Quick Slash","Clumsy","Secret Technique+1","Footwork+1","Bouncing Flask","Die Die Die","Quick Slash+1","Caltrops+1","Backflip+1","Die Die Die"],"relics":["Ring of the Snake","NeowsBlessing","Strawberry","Cursed Key","Meat on the Bone","Bronze Scales","Pantograph","Blood Vial","Sozu","Mango","Unceasing Top","FossilizedHelix","Pen Nib","War Paint"],"potions_floor_usage":[6,16,16,18,44,50],"damage_taken":[{"damage":0,"enemies":"Small Slimes","floor":1,"turns":1},{"damage":0,"enemies":"Jaw Worm","floor":3,"turns":1},{"damage":0,"enemies":"Cultist","floor":5,"turns":1},{"damage":35,"enemies":"3 Sentries","floor":6,"turns":10},{"damage":0,"enemies":"Exordium Wildlife","floor":11,"turns":5},{"damage":1,"enemies":"Blue Slaver","floor":13,"turns":4},{"damage":10,"enemies":"Large Slime","floor":14,"turns":7},{"damage":7,"enemies":"The Guardian","floor":16,"turns":8},{"damage":11,"enemies":"2 Thieves","floor":18,"turns":4},{"damage":11,"enemies":"Spheric Guardian","floor":22,"turns":5},{"damage":30,"enemies":"Book of Stabbing","floor":23,"turns":8},{"damage":6,"enemies":"Snecko","floor":31,"turns":5},{"damage":35,"enemies":"Collector","floor":33,"turns":8},{"damage":4,"enemies":"Orb Walker","floor":35,"turns":3},{"damage":7,"enemies":"Mind Bloom Boss Battle","floor":36,"turns":8},{"damage":6,"enemies":"3 Darklings","floor":37,"turns":5},{"damage":0,"enemies":"Reptomancer","floor":44,"turns":4},{"damage":0,"enemies":"Writhing Mass","floor":45,"turns":6},{"damage":0,"enemies":"Maw","floor":46,"turns":6},{"damage":0,"enemies":"Transient","floor":48,"turns":5},{"damage":54,"enemies":"Donu and Deca","floor":50,"turns":9},{"damage":97,"enemies":"Shield and Spear","floor":54,"turns":5}],"seed_played":"-4400492939668437551","potions_obtained":[{"floor":1,"key":"LiquidBronze"},{"floor":3,"key":"SpeedPotion"},{"floor":5,"key":"EssenceOfSteel"},{"floor":13,"key":"SkillPotion"},{"floor":22,"key":"Explosive Potion"},{"floor":33,"key":"AttackPotion"}],"is_trial":false,"path_per_floor":["M","?","M","?","M","E","R","?","T","R","M","R","M","M","R","B",null,"M","?","?","T","M","E","R","?","T","R","$","R","$","M","R","B",null,"M","?","M","?","$","R","T","R","T","E","M","M","$","M","R","B",null,"R","$","E"],"character_chosen":"THE_SILENT","items_purchased":["Secret Technique","Blood Vial","Footwork","Unceasing Top","Caltrops"],"campfire_rested":2,"item_purchase_floors":[28,28,30,39,39],"current_hp_per_floor":[70,53,53,39,39,11,34,34,34,34,34,34,33,23,46,39,77,66,66,66,66,55,37,37,37,37,37,37,37,37,45,45,49,77,73,84,80,80,80,80,80,80,80,82,84,86,86,88,88,49,91,91,88,0],"gold":60,"neow_bonus":"THREE_ENEMY_KILL","is_prod":false,"is_daily":false,"chose_seed":false,"campfire_upgraded":9,"win_rate":0,"timestamp":1562025118,"path_taken":["M","?","M","?","M","E","R","?","T","R","M","R","M","M","R","BOSS","M","?","?","?","?","E","R","?","T","R","$","R","?","M","R","BOSS","M","?","M","?","$","R","?","R","T","E","M","M","$","M","R","BOSS","R","$","E"],"build_version":"2019-07-01","purchased_purges":4,"victory":false,"max_hp_per_floor":[70,70,70,70,70,77,77,77,77,77,77,77,77,77,77,77,77,77,77,77,77,77,77,77,77,77,77,77,77,77,77,77,77,77,77,91,91,91,91,91,91,91,91,91,91,91,91,91,91,91,91,91,88,88],"card_choices":[{"not_picked":["Backstab","Backflip"],"picked":"Poisoned Stab","floor":1},{"not_picked":["Outmaneuver","Acrobatics"],"picked":"Deadly Poison","floor":3},{"not_picked":["Predator","Sucker Punch"],"picked":"Deadly Poison","floor":5},{"not_picked":["Flying Knee","Heel Hook","Flechettes"],"picked":"SKIP","floor":6},{"not_picked":["Backflip","Deadly Poison"],"picked":"Catalyst","floor":11},{"not_picked":["Distraction","Dagger Throw"],"picked":"Noxious Fumes","floor":13},{"not_picked":["Setup","Venomology"],"picked":"Dagger Spray","floor":14},{"not_picked":["Expertise+1","Deadly Poison","Prepared"],"picked":"SKIP","floor":18},{"not_picked":["Skewer+1","Blade Dance+1"],"picked":"Leg Sweep","floor":22},{"not_picked":["Dagger Spray","PiercingWail"],"picked":"After Image","floor":23},{"not_picked":["Bane","Skewer"],"picked":"Bouncing Flask","floor":31},{"not_picked":["Glass Knife","Unload"],"picked":"Die Die Die","floor":33},{"not_picked":["Quick Slash","Dagger Throw","Underhanded Strike+1"],"picked":"SKIP","floor":35},{"not_picked":["Slice+1","Bouncing Flask+1"],"picked":"Quick Slash+1","floor":36},{"not_picked":["Flechettes","Cloak And Dagger+1","Dagger Throw"],"picked":"SKIP","floor":37},{"not_picked":["Distraction","Reflex+1"],"picked":"Backflip+1","floor":44},{"not_picked":["Distraction+1","Dagger Spray+1","Cloak And Dagger"],"picked":"SKIP","floor":45},{"not_picked":["Poisoned Stab","Flying Knee","Cloak And Dagger+1"],"picked":"SKIP","floor":46},{"not_picked":["Dagger Throw+1","Bouncing Flask+1"],"picked":"Die Die Die","floor":48}],"player_experience":831282,"relics_obtained":[{"floor":6,"key":"Strawberry"},{"floor":21,"key":"Meat on the Bone"},{"floor":23,"key":"Bronze Scales"},{"floor":26,"key":"Pantograph"},{"floor":36,"key":"Mango"},{"floor":41,"key":"FossilizedHelix"},{"floor":43,"key":"Pen Nib"},{"floor":44,"key":"War Paint"}],"event_choices":[{"damage_healed":0,"gold_gain":0,"player_choice":"Take Damage","damage_taken":17,"relics_obtained":["Golden Idol"],"max_hp_gain":0,"max_hp_loss":0,"event_name":"Golden Idol","floor":2,"gold_loss":0},{"damage_healed":0,"gold_gain":0,"player_choice":"Entered Light","damage_taken":14,"max_hp_gain":0,"max_hp_loss":0,"event_name":"Shining Light","floor":4,"gold_loss":0,"cards_upgraded":["Defend_G","Strike_G"]},{"cards_removed":["Strike_G"],"damage_healed":0,"gold_gain":0,"player_choice":"Card Removal","damage_taken":0,"max_hp_gain":0,"max_hp_loss":0,"event_name":"The Cleric","floor":8,"gold_loss":50},{"damage_healed":0,"gold_gain":0,"player_choice":"Read","damage_taken":0,"max_hp_gain":0,"max_hp_loss":0,"event_name":"The Library","floor":19,"gold_loss":0,"cards_obtained":["Leg Sweep"]},{"damage_healed":0,"gold_gain":0,"player_choice":"Ignored","damage_taken":0,"max_hp_gain":0,"max_hp_loss":0,"event_name":"Cursed Tome","floor":20,"gold_loss":0},{"damage_healed":0,"gold_gain":0,"cards_transformed":["Strike_G","Strike_G"],"player_choice":"Became Test Subject","damage_taken":0,"max_hp_gain":0,"max_hp_loss":0,"event_name":"Drug Dealer","floor":25,"gold_loss":0,"cards_obtained":["Slice","Quick Slash"]},{"damage_healed":0,"gold_gain":0,"player_choice":"Fight","damage_taken":0,"max_hp_gain":0,"max_hp_loss":0,"event_name":"MindBloom","floor":36,"gold_loss":0},{"damage_healed":0,"gold_gain":333,"player_choice":"Gave Idol","damage_taken":0,"max_hp_gain":0,"max_hp_loss":0,"event_name":"The Moai Head","floor":38,"relics_lost":["Golden Idol"],"gold_loss":0}],"is_beta":false,"boss_relics":[{"not_picked":["Coffee Dripper","HoveringKite"],"picked":"Cursed Key"},{"not_picked":["White Beast Statue","Runic Pyramid"],"picked":"Sozu"}],"items_purged_floors":[28,39,47,53],"is_endless":false,"potions_floor_spawned":[1,3,5,13,22,33,35,36,48],"killed_by":"Shield and Spear","ascension_level":0}