{"gold_per_floor":[369,54,54,65,76,102,116,145,145,157,185,197,234,196,208,321,333,363,388,56,56,72,102,102,102,155,155,255,265,265,290,290,290],"floor_reached":33,"playtime":1969,"items_purged":["Strike_B","Strike_B"],"score":303,"play_id":"b48daaa5-685f-4896-b0b8-950b4e27fd78","local_time":"20190614163436","is_ascension_mode":false,"campfire_choices":[{"data":"Defragment","floor":10,"key":"SMITH"},{"floor":12,"key":"REST"},{"floor":15,"key":"RECALL"},{"data":"Lockon","floor":24,"key":"SMITH"},{"data":"Biased Cognition","floor":27,"key":"SMITH"},{"floor":30,"key":"REST"},{"data":"Force Field","floor":32,"key":"SMITH"}],"neow_cost":"TEN_PERCENT_HP_LOSS","seed_source_timestamp":234172812561422,"circlet_count":0,"master_deck":["Strike_B","Defend_B","Defend_B","Defend_B","Defend_B","Zap","Dualcast","Cold Snap","Ball Lightning","Master of Strategy","Defragment+1","Ball Lightning","Biased Cognition+1","Ball Lightning","Lockon+1","Amplify","Melter+1","Force Field+1","Leap","Electrodynamics+1","Leap","Reinforced Body+1"],"relics":["Cracked Core","Juzu Bracelet","Art of War","MawBank","Pantograph","Cursed Key","Frozen Egg 2","Omamori","Turnip","Ornamental Fan","Potion Belt"],"potions_floor_usage":[6,8,11,23,23,33,33],"damage_taken":[{"damage":2,"enemies":"Small Slimes","floor":1,"turns":3},{"damage":0,"enemies":"Cultist","floor":4,"turns":2},{"damage":3,"enemies":"Jaw Worm","floor":5,"turns":3},{"damage":27,"enemies":"3 Sentries","floor":6,"turns":5},{"damage":8,"enemies":"Lots of Slimes","floor":7,"turns":3},{"damage":9,"enemies":"Gremlin Nob","floor":8,"turns":3},{"damage":2,"enemies":"Looter","floor":11,"turns":3},{"damage":5,"enemies":"3 Sentries","floor":13,"turns":4},{"damage":40,"enemies":"Hexaghost","floor":16,"turns":6},{"damage":5,"enemies":"Shell Parasite","floor":18,"turns":3},{"damage":0,"enemies":"Spheric Guardian","floor":19,"turns":1},{"damage":10,"enemies":"Centurion and Healer","floor":22,"turns":6},{"damage":14,"enemies":"Slavers","floor":23,"turns":5},{"damage":0,"enemies":"Colosseum Slavers","floor":28,"turns":1},{"damage":1,"enemies":"Colosseum Nobs","floor":28,"turns":3},{"damage":0,"enemies":"3 Cultists","floor":29,"turns":3},{"damage":16,"enemies":"Gremlin Leader","floor":31,"turns":6},{"damage":74,"enemies":"Automaton","floor":33,"turns":12}],"seed_played":"131557825245663764","potions_obtained":[{"floor":1,"key":"GamblersBrew"},{"floor":3,"key":"Regen Potion"},{"floor":3,"key":"Swift Potion"},{"floor":16,"key":"AttackPotion"},{"floor":19,"key":"Poison Potion"},{"floor":29,"key":"SkillPotion"},{"floor":31,"key":"GamblersBrew"}],"is_trial":false,"path_per_floor":["M","$","?","M","M","E","M","E","T","R","M","R","E","?","R","B",null,"M","M","$","?","M","E","R","?","T","R","?","M","R","E","R","B"],"character_chosen":"DEFECT","items_purchased":["Ball Lightning","Master of Strategy","Frozen Egg 2"],"campfire_rested":2,"item_purchase_floors":[2,2,20],"current_hp_per_floor":[66,66,66,66,63,48,40,31,31,31,29,49,44,44,44,28,68,63,63,63,63,53,39,39,39,39,39,38,38,58,42,42,0],"gold":290,"neow_bonus":"TWO_FIFTY_GOLD","is_prod":false,"is_daily":false,"chose_seed":false,"campfire_upgraded":4,"win_rate":0,"timestamp":1560548076,"path_taken":["M","$","?","M","M","E","M","E","T","R","M","R","E","?","R","BOSS","M","M","$","?","M","E","R","?","T","R","?","M","R","E","R","BOSS"],"build_version":"2019-01-23","purchased_purges":2,"victory":false,"max_hp_per_floor":[68,68,68,68,68,68,68,68,68,68,68,68,68,68,68,68,68,68,68,68,68,68,68,68,68,68,68,68,68,68,68,68,68],"card_choices":[{"not_picked":["Rebound","Go for the Eyes"],"picked":"Cold Snap","floor":1},{"not_picked":["Reinforced Body","Static Discharge"],"picked":"Defragment","floor":4},{"not_picked":["FTL","Heatsinks"],"picked":"Ball Lightning","floor":5},{"not_picked":["Blizzard","Skim","Sweeping Beam"],"picked":"SKIP","floor":6},{"not_picked":["Stack","Sweeping Beam"],"picked":"Biased Cognition","floor":7},{"not_picked":["White Noise","Stack","Darkness"],"picked":"SKIP","floor":8},{"not_picked":["Fusion","Compile Driver"],"picked":"Ball Lightning","floor":11},{"not_picked":["Loop","Steam"],"picked":"Lockon","floor":13},{"not_picked":["Multi-Cast","Echo Form"],"picked":"Amplify","floor":16},{"not_picked":["Beam Cell+1","Doom and Gloom"],"picked":"Melter+1","floor":18},{"not_picked":["Beam Cell","Go for the Eyes+1"],"picked":"Force Field","floor":19},{"not_picked":["Chaos","Rip and Tear"],"picked":"Leap","floor":22},{"not_picked":["Hologram","Recycle"],"picked":"Electrodynamics+1","floor":23},{"not_picked":["Static Discharge+1","Sweeping Beam"],"picked":"Leap","floor":28},{"not_picked":["Cold Snap","Coolheaded+1"],"picked":"Reinforced Body+1","floor":29},{"not_picked":["Doom and Gloom","Scrape","Beam Cell+1"],"picked":"SKIP","floor":31}],"player_experience":797438,"relics_obtained":[{"floor":6,"key":"Juzu Bracelet"},{"floor":8,"key":"Art of War"},{"floor":9,"key":"MawBank"},{"floor":13,"key":"Pantograph"},{"floor":23,"key":"Omamori"},{"floor":28,"key":"Turnip"},{"floor":28,"key":"Ornamental Fan"},{"floor":31,"key":"Potion Belt"}],"event_choices":[{"damage_healed":0,"gold_gain":0,"player_choice":"Got Potions","damage_taken":0,"max_hp_gain":0,"max_hp_loss":0,"event_name":"Lab","floor":3,"gold_loss":0},{"cards_removed":["Strike_B"],"damage_healed":0,"gold_gain":0,"player_choice":"Card Removal","damage_taken":0,"max_hp_gain":0,"max_hp_loss":0,"event_name":"The Cleric","floor":14,"gold_loss":50},{"damage_healed":0,"gold_gain":0,"player_choice":"Ignored","damage_taken":0,"max_hp_gain":0,"max_hp_loss":0,"event_name":"N\u0027loth","floor":21,"gold_loss":0},{"damage_healed":0,"gold_gain":0,"player_choice":"Ignored","damage_taken":0,"max_hp_gain":0,"max_hp_loss":0,"event_name":"Vampires","floor":25,"gold_loss":0},{"damage_healed":0,"gold_gain":0,"player_choice":"Fight","damage_taken":0,"max_hp_gain":0,"max_hp_loss":0,"event_name":"Colosseum","floor":28,"gold_loss":0},{"damage_healed":0,"gold_gain":0,"player_choice":"Fought Nobs","damage_taken":0,"max_hp_gain":0,"max_hp_loss":0,"event_name":"Colosseum","floor":28,"gold_loss":0}],"is_beta":false,"boss_relics":[{"not_picked":["Fusion Hammer","Snecko Eye"],"picked":"Cursed Key"}],"items_purged_floors":[2,20],"is_endless":false,"potions_floor_spawned":[1,5,16,19,28,29,31],"killed_by":"Automaton","ascension_level":0}