{"gold_per_floor":[117,117,42,42,42,42,77,77,77,2,20,53,64,92,92,168,168,179,179,196,206,21,21,39,39,66,122,122,152,152,167,167,167],"floor_reached":33,"playtime":915,"items_purged":["Defend_G","Strike_G"],"score":702,"play_id":"f0054141-9077-48fe-8201-787d3a33a99e","local_time":"20190331225727","is_ascension_mode":true,"campfire_choices":[{"data":"Neutralize","floor":6,"key":"SMITH"},{"data":"Burst","floor":8,"key":"SMITH"},{"data":"Sucker Punch","floor":15,"key":"SMITH"},{"floor":23,"key":"REST"},{"floor":28,"key":"REST"},{"data":"Glass Knife","floor":32,"key":"SMITH"}],"neow_cost":"NONE","seed_source_timestamp":7381924652372,"circlet_count":0,"master_deck":["AscendersBane","Defend_G","Defend_G","Defend_G","Defend_G","Strike_G","Strike_G","Strike_G","Strike_G","Survivor","Neutralize+1","Riddle With Holes","Blur","Burst+1","Blur","Deflect","Sucker Punch+1","Leg Sweep","Terror","Glass Knife+1","All Out Attack+1","Riddle With Holes","PiercingWail","PiercingWail","Sucker Punch","Flying Knee+1"],"special_seed":0,"relics":["Ring of the Snake","NeowsBlessing","Orichalcum","Du-Vu Doll","Mercury Hourglass","Bag of Preparation","Lantern","Sozu","Dream Catcher","Tiny Chest","Kunai"],"potions_floor_usage":[12,13],"damage_taken":[{"damage":0.0,"enemies":"Cultist","floor":1.0,"turns":1.0},{"damage":0,"enemies":"Lagavulin","floor":7,"turns":1},{"damage":0,"enemies":"Small Slimes","floor":11,"turns":1},{"damage":9,"enemies":"3 Sentries","floor":12,"turns":7},{"damage":0,"enemies":"Jaw Worm","floor":13,"turns":4},{"damage":24,"enemies":"Gremlin Nob","floor":14,"turns":5},{"damage":10,"enemies":"The Guardian","floor":16,"turns":12},{"damage":6,"enemies":"Chosen","floor":18,"turns":4},{"damage":0,"enemies":"Shell Parasite","floor":20,"turns":5},{"damage":33,"enemies":"Sentry and Sphere","floor":21,"turns":7},{"damage":0,"enemies":"Centurion and Healer","floor":24,"turns":5},{"damage":0,"enemies":"Book of Stabbing","floor":27,"turns":5},{"damage":9,"enemies":"Gremlin Leader","floor":29,"turns":6},{"damage":12,"enemies":"Chosen and Byrds","floor":31,"turns":6},{"damage":46,"enemies":"Automaton","floor":33,"turns":8}],"seed_played":"-6373087005978750059","potions_obtained":[{"floor":1.0,"key":"Explosive Potion"},{"floor":12,"key":"Fruit Juice"},{"floor":13,"key":"Weak Potion"}],"is_trial":false,"path_per_floor":["M","T","$","?","$","R","E","R","T","$","M","E","M","E","R","B",null,"M","?","M","M","$","R","M","$","T","E","R","E","?","M","R","B"],"character_chosen":"THE_SILENT","items_purchased":["Blur","Riddle With Holes"],"campfire_rested":2,"item_purchase_floors":[3,22],"current_hp_per_floor":[59,59,59,59,59,59,59,59,59,59,59,50,55,31,31,21,59,53,49,49,16,16,37,37,37,37,37,58,49,49,37,37,0],"gold":167,"neow_bonus":"THREE_ENEMY_KILL","is_prod":false,"is_daily":false,"chose_seed":false,"campfire_upgraded":4,"win_rate":0,"timestamp":1554098247,"path_taken":["M","?","?","?","$","R","E","R","T","$","?","E","M","E","R","BOSS","M","?","M","?","$","R","M","$","T","E","R","E","?","M","R","BOSS"],"build_version":"2019-03-15","purchased_purges":2,"victory":false,"max_hp_per_floor":[66,66,66,66,66,66,66,66,66,66,66,66,71,71,71,71,71,71,71,71,71,71,71,71,71,71,71,71,71,71,71,71,71],"card_choices":[{"not_picked":["Distraction","Prepared"],"picked":"Riddle With Holes","floor":1.0},{"not_picked":["PiercingWail","Finisher"],"picked":"Blur","floor":7},{"not_picked":["Outmaneuver","Reflex"],"picked":"Deflect","floor":11},{"not_picked":["Distraction","Tools of the Trade"],"picked":"Sucker Punch","floor":12},{"not_picked":["Bane","Flechettes"],"picked":"Leg Sweep","floor":13},{"not_picked":["Concentrate","Acrobatics"],"picked":"Terror","floor":14},{"not_picked":["Adrenaline","Unload"],"picked":"Glass Knife","floor":16},{"not_picked":["Envenom","Cloak And Dagger"],"picked":"All Out Attack+1","floor":21},{"not_picked":["Outmaneuver","Slice"],"picked":"PiercingWail","floor":24},{"not_picked":["Deflect","Eviscerate+1"],"picked":"PiercingWail","floor":27},{"not_picked":["Cloak And Dagger","Doppelganger"],"picked":"Sucker Punch","floor":28},{"not_picked":["Backstab","PiercingWail"],"picked":"Flying Knee+1","floor":29}],"player_experience":1393097,"relics_obtained":[{"floor":2.0,"key":"Orichalcum"},{"floor":7,"key":"Du-Vu Doll"},{"floor":9,"key":"Mercury Hourglass"},{"floor":12,"key":"Bag of Preparation"},{"floor":14,"key":"Lantern"},{"floor":26,"key":"Dream Catcher"},{"floor":27,"key":"Tiny Chest"},{"floor":29,"key":"Kunai"}],"event_choices":[{"damage_healed":0,"gold_gain":0,"player_choice":"1 cards matched","damage_taken":0,"max_hp_gain":0,"max_hp_loss":0,"event_name":"Match and Keep!","floor":4,"gold_loss":0,"cards_obtained":["Burst"]},{"damage_healed":0,"gold_gain":0,"player_choice":"Bought 0 Potions","damage_taken":0,"max_hp_gain":0,"max_hp_loss":0,"event_name":"The Woman in Blue","floor":19,"gold_loss":0},{"damage_healed":0,"gold_gain":0,"player_choice":"Ignored","damage_taken":0,"max_hp_gain":0,"max_hp_loss":0,"event_name":"Ghosts","floor":30,"gold_loss":0}],"is_beta":true,"boss_relics":[{"not_picked":["Ectoplasm","Orrery"],"picked":"Sozu"}],"items_purged_floors":[10,22],"is_endless":false,"potions_floor_spawned":[1,12,13,20,24,27,29],"killed_by":"Automaton","ascension_level":20}