{"gold_per_floor":[118,118,132,132,83,83,99,99,99,111,121,121,151,19,19,96,96,111,122,135,152,82,112,162,162,162,77,77,0,0,14,14,14],"floor_reached":33,"playtime":849,"items_purged":["Defend_R"],"score":429,"play_id":"a7c4ef47-136a-4f2d-9d3a-e2a95e9df52e","local_time":"20180711143413","is_ascension_mode":true,"campfire_choices":[{"floor":6,"key":"DIG"},{"floor":8,"key":"DIG"},{"floor":12,"key":"DIG"},{"floor":15,"key":"DIG"},{"floor":23,"key":"DIG"},{"floor":25,"key":"DIG"},{"floor":28,"key":"DIG"},{"floor":30,"key":"DIG"},{"floor":32,"key":"REST"}],"neow_cost":"","seed_source_timestamp":211937115837947,"circlet_count":0,"master_deck":["Strike_R","Strike_R","Strike_R","Strike_R","Defend_R","Defend_R+1","Defend_R","Bash","AscendersBane","Twin Strike","Anger","Shrug It Off","Limit Break+1","Shrug It Off+1","Flex+1","Iron Wave","Metallicize","Flex+1","Demon Form","Heavy Blade","Battle Trance+1","Clothesline","Metallicize","Headbutt+1","Twin Strike+1","Uppercut","Disarm+1"],"relics":["Burning Blood","Shovel","Matryoshka","Toxic Egg 2","War Paint","Smiling Mask","Peace Pipe","Bag of Marbles","Mummified Hand","Orrery","Tiny Chest","Champion Belt","Ornamental Fan","Bottled Lightning","Ice Cream","Blood Vial","Juzu Bracelet"],"potions_floor_usage":[20,21],"damage_taken":[{"damage":10,"enemies":"Small Slimes","floor":1,"turns":3},{"damage":2,"enemies":"Jaw Worm","floor":3,"turns":3},{"damage":3,"enemies":"2 Louse","floor":7,"turns":3},{"damage":11,"enemies":"Blue Slaver","floor":10,"turns":4},{"damage":0,"enemies":"2 Fungi Beasts","floor":11,"turns":4},{"damage":28,"enemies":"3 Sentries","floor":13,"turns":11},{"damage":11,"enemies":"The Guardian","floor":16,"turns":8},{"damage":16,"enemies":"Chosen","floor":18,"turns":6},{"damage":9,"enemies":"Shell Parasite","floor":19,"turns":5},{"damage":23,"enemies":"Centurion and Healer","floor":20,"turns":6},{"damage":22,"enemies":"Snake Plant","floor":21,"turns":5},{"damage":20,"enemies":"Chosen and Byrds","floor":31,"turns":6},{"damage":13,"enemies":"Automaton","floor":33,"turns":4}],"seed_played":"-8817338398765048822","potions_obtained":[{"floor":1,"key":"SteroidPotion"},{"floor":7,"key":"Regen Potion"},{"floor":20,"key":"EssenceOfSteel"},{"floor":21,"key":"Strength Potion"}],"is_trial":false,"path_per_floor":["M","?","M","?","$","R","M","R","T","M","M","R","E","$","R","B",null,"M","M","M","M","$","R","?","R","T","?","R","?","R","M","R"],"character_chosen":"IRONCLAD","items_purchased":["Shrug It Off","Metallicize","Flex+1","Uppercut"],"campfire_rested":1,"item_purchase_floors":[5,14,14,22],"current_hp_per_floor":[64,59,63,56,56,56,59,59,59,54,60,60,38,38,38,33,65,55,52,47,31,31,31,31,31,31,31,31,31,31,19,41,30],"gold":14,"neow_bonus":"","is_prod":false,"is_daily":false,"chose_seed":false,"campfire_upgraded":0,"win_rate":0,"timestamp":1531344853,"path_taken":["M","?","M","?","$","R","M","R","T","M","M","R","E","$","R","BOSS","M","?","M","M","$","R","?","R","T","?","R","?","R","M","R","BOSS"],"build_version":"2018-07-10","purchased_purges":1,"victory":false,"max_hp_per_floor":[75,75,75,75,75,75,75,75,75,75,75,75,75,75,75,75,75,75,75,75,75,75,75,75,75,75,75,75,75,75,75,75,75],"card_choices":[{"not_picked":["Corruption","Clash"],"picked":"Twin Strike","floor":1},{"not_picked":["Pommel Strike","Headbutt"],"picked":"Anger","floor":3},{"not_picked":["Second Wind","Iron Wave"],"picked":"Limit Break","floor":7},{"not_picked":["Sword Boomerang","Warcry+1"],"picked":"Shrug It Off+1","floor":10},{"not_picked":["Headbutt","Pummel"],"picked":"Flex+1","floor":11},{"not_picked":["Berserk","Dual Wield+1"],"picked":"Iron Wave","floor":13},{"not_picked":["Barricade","Offering+1"],"picked":"Demon Form","floor":16},{"not_picked":["Anger","Clothesline"],"picked":"Heavy Blade","floor":17},{"not_picked":["Sword Boomerang","Hemokinesis"],"picked":"Battle Trance+1","floor":17},{"not_picked":["Perfected Strike","Heavy Blade"],"picked":"Clothesline","floor":17},{"not_picked":["Power Through+1","Combust"],"picked":"Metallicize","floor":17},{"not_picked":["Hemokinesis","Sword Boomerang","Barricade"],"picked":"SKIP","floor":19},{"not_picked":["Clash","Wild Strike"],"picked":"Headbutt+1","floor":20},{"not_picked":["Shockwave+1","Clothesline"],"picked":"Twin Strike+1","floor":21},{"not_picked":["Thunderclap+1","Heavy Blade"],"picked":"Disarm+1","floor":31}],"player_experience":593134,"relics_obtained":[{"floor":6,"key":"Matryoshka"},{"floor":8,"key":"Toxic Egg 2"},{"floor":9,"key":"War Paint"},{"floor":9,"key":"Smiling Mask"},{"floor":12,"key":"Peace Pipe"},{"floor":13,"key":"Bag of Marbles"},{"floor":15,"key":"Mummified Hand"},{"floor":23,"key":"Tiny Chest"},{"floor":25,"key":"Champion Belt"},{"floor":26,"key":"Ornamental Fan"},{"floor":26,"key":"Bottled Lightning"},{"floor":28,"key":"Blood Vial"},{"floor":30,"key":"Juzu Bracelet"}],"event_choices":[{"event_name":"Scrap Ooze","player_choice":"success","floor":2,"damage_taken":5},{"event_name":"Golden Wing","player_choice":"Card Removal","floor":4,"damage_taken":0},{"event_name":"Golden Shrine","player_choice":"Pray","floor":24,"damage_taken":0},{"event_name":"Addict","player_choice":"Obtained Relic","floor":27,"damage_taken":0},{"event_name":"Masked Bandits","player_choice":"Paid Bandits 77 gold","floor":29,"damage_taken":0}],"boss_relics":[{"not_picked":["Empty Cage","Philosopher\u0027s Stone"],"picked":"Orrery"}],"items_purged_floors":[14],"is_endless":false,"potions_floor_spawned":[1,7,10,19,20,21],"killed_by":"Automaton","ascension_level":15}