{"gold_per_floor":[219,22,37,57,57,82,9,9,9,34,34,46,46,46,46,144,144,157,174,186,198,214,214,241,241,316,316,346,445,475,400,400,495,495,508,199,219,66,66,95,95,95,95,114,114,214,214,228,228,228],"floor_reached":51,"playtime":2877,"items_purged":["Strike_R"],"score":848,"play_id":"16f5b239-7043-4842-b6eb-73b2f0e3532a","local_time":"20180715124622","is_ascension_mode":true,"campfire_choices":[{"data":"Clothesline","floor":8,"key":"SMITH"},{"data":"Shockwave","floor":11,"key":"SMITH"},{"data":"Iron Wave","floor":13,"key":"SMITH"},{"floor":15,"key":"REST"},{"data":"Armaments","floor":23,"key":"SMITH"},{"data":"Defend_R","floor":25,"key":"SMITH"},{"floor":27,"key":"REST"},{"data":"Spot Weakness","floor":32,"key":"SMITH"},{"data":"Bludgeon","floor":41,"key":"SMITH"},{"data":"Power Through","floor":45,"key":"SMITH"},{"data":"Fiend Fire","floor":49,"key":"SMITH"}],"neow_cost":"NONE","seed_source_timestamp":166769555028493,"circlet_count":0,"master_deck":["Strike_R+1","Strike_R","Defend_R+1","Defend_R+1","Defend_R+1","Defend_R","Bash","Ghostly Armor","Clothesline+1","Iron Wave+1","Shockwave+1","Spot Weakness+1","Headbutt","Immolate","Evolve","Sever Soul+1","Shockwave+1","Armaments+1","Reaper","Bludgeon+1","Power Through+1","Ghostly Armor","Battle Trance+1","Fiend Fire+1","Bludgeon+1","Headbutt","Clothesline+1","Power Through+1","Madness","Madness","Armaments+1","Clothesline+1"],"relics":["Burning Blood","Happy Flower","Bird Faced Urn","Paper Frog","Bronze Scales","Snecko Eye","Regal Pillow","Blue Candle","Prayer Wheel","Pantograph","Cursed Key","Whetstone","Kunai"],"potions_floor_usage":[6,10,10,24,24,33,40,50,50],"damage_taken":[{"damage":10,"enemies":"Small Slimes","floor":1,"turns":4},{"damage":1,"enemies":"Cultist","floor":3,"turns":4},{"damage":7,"enemies":"2 Louse","floor":4,"turns":2},{"damage":4,"enemies":"3 Sentries","floor":6,"turns":8},{"damage":0,"enemies":"Gremlin Nob","floor":10,"turns":2},{"damage":0,"enemies":"Blue Slaver","floor":12,"turns":4},{"damage":18,"enemies":"The Guardian","floor":16,"turns":10},{"damage":1,"enemies":"2 Thieves","floor":18,"turns":3},{"damage":5,"enemies":"Chosen","floor":19,"turns":4},{"damage":1,"enemies":"Slaver and Parasite","floor":20,"turns":3},{"damage":0,"enemies":"Snecko","floor":21,"turns":2},{"damage":4,"enemies":"Cultist and Chosen","floor":22,"turns":4},{"damage":20,"enemies":"Slavers","floor":24,"turns":3},{"damage":14,"enemies":"Gremlin Leader","floor":28,"turns":5},{"damage":9,"enemies":"Slavers","floor":30,"turns":2},{"damage":44,"enemies":"Automaton","floor":33,"turns":8},{"damage":19,"enemies":"Flame Bruiser 1 Orb","floor":35,"turns":4},{"damage":3,"enemies":"Orb Walker","floor":37,"turns":3},{"damage":6,"enemies":"Giant Head","floor":40,"turns":5},{"damage":11,"enemies":"Spire Growth","floor":44,"turns":2},{"damage":27,"enemies":"Sphere and 2 Shapes","floor":48,"turns":3},{"damage":34,"enemies":"Donu and Deca","floor":50,"turns":8}],"seed_played":"-6651690033297341120","potions_obtained":[{"floor":3,"key":"AttackPotion"},{"floor":6,"key":"SteroidPotion"},{"floor":10,"key":"Ancient Potion"},{"floor":12,"key":"Explosive Potion"},{"floor":19,"key":"FearPotion"},{"floor":30,"key":"Poison Potion"},{"floor":37,"key":"Fruit Juice"}],"is_trial":false,"path_per_floor":["M","$","M","M","?","E","$","R","T","E","R","M","R","?","R","B",null,"M","M","M","M","M","R","E","R","T","R","E","?","E","?","R","B",null,"M","$","M","$","?","E","R","?","T","M","R","?","?","M","R","B"],"character_chosen":"IRONCLAD","items_purchased":["Happy Flower","Energy Potion","Spot Weakness","EssenceOfSteel","Whetstone","Fiend Fire"],"campfire_rested":2,"item_purchase_floors":[2,2,7,36,36,38],"current_hp_per_floor":[76,76,80,79,79,80,80,80,80,80,80,80,80,64,80,68,80,80,80,80,80,80,80,66,66,66,80,72,72,71,71,71,48,80,80,80,80,80,80,85,85,85,85,80,80,80,69,64,64,59],"gold":228,"neow_bonus":"HUNDRED_GOLD","is_prod":false,"is_daily":false,"chose_seed":false,"campfire_upgraded":9,"win_rate":0,"timestamp":1531673182,"path_taken":["M","$","M","M","?","E","$","R","T","E","R","M","R","?","R","BOSS","M","?","M","?","M","R","E","R","T","R","E","?","E","?","R","BOSS","M","$","M","$","?","E","R","?","T","M","R","?","?","M","R","BOSS"],"build_version":"2018-07-13","purchased_purges":1,"victory":true,"max_hp_per_floor":[80,80,80,80,80,80,80,80,80,80,80,80,80,80,80,80,80,80,80,80,80,80,80,80,80,80,80,80,80,80,80,80,80,80,80,80,80,80,80,85,85,85,85,85,85,85,85,85,85,85],"card_choices":[{"not_picked":["Havoc","Thunderclap"],"picked":"Ghostly Armor","floor":1},{"not_picked":["Sword Boomerang","Rampage"],"picked":"Clothesline","floor":3},{"not_picked":["Burning Pact","Thunderclap"],"picked":"Iron Wave","floor":4},{"not_picked":["Body Slam","Armaments"],"picked":"Shockwave","floor":6},{"not_picked":["Flex","Warcry","Dark Embrace"],"picked":"SKIP","floor":10},{"not_picked":["Fire Breathing","Evolve"],"picked":"Headbutt","floor":12},{"not_picked":["Juggernaut","Dark Embrace"],"picked":"Immolate","floor":16},{"not_picked":["Combust","Pommel Strike+1"],"picked":"Evolve","floor":18},{"not_picked":["Spot Weakness","Pommel Strike"],"picked":"Sever Soul+1","floor":19},{"not_picked":["Sword Boomerang","Twin Strike"],"picked":"Shockwave+1","floor":20},{"not_picked":["Havoc","Iron Wave"],"picked":"Armaments","floor":21},{"not_picked":["Dropkick","Heavy Blade","Shockwave"],"picked":"SKIP","floor":22},{"not_picked":["Twin Strike","Fire Breathing","Spot Weakness"],"picked":"SKIP","floor":24},{"not_picked":["Twin Strike","Fire Breathing","Spot Weakness"],"picked":"SKIP","floor":24},{"not_picked":["Perfected Strike","Rage"],"picked":"Reaper","floor":28},{"not_picked":["Havoc","Sword Boomerang","Inflame+1"],"picked":"SKIP","floor":30},{"not_picked":["Barricade","Limit Break"],"picked":"Bludgeon","floor":33},{"not_picked":["Shrug It Off+1","Cleave+1"],"picked":"Power Through","floor":35},{"not_picked":["Sever Soul+1","Corruption"],"picked":"Ghostly Armor","floor":35},{"not_picked":["Searing Blow+1","Anger"],"picked":"Battle Trance+1","floor":37},{"not_picked":["Clash+1","Evolve","Headbutt+1"],"picked":"SKIP","floor":37},{"not_picked":["Pommel Strike+1","Twin Strike+1"],"picked":"Bludgeon","floor":40},{"not_picked":["True Grit","Body Slam"],"picked":"Clothesline+1","floor":44},{"not_picked":["Sever Soul","Cleave"],"picked":"Power Through+1","floor":44},{"not_picked":["Thunderclap+1","Carnage"],"picked":"Armaments+1","floor":48},{"not_picked":["Warcry","Armaments","Clothesline+1"],"picked":"SKIP","floor":48},{"not_picked":["Warcry","Armaments"],"picked":"Clothesline+1","floor":48}],"player_experience":282039,"relics_obtained":[{"floor":6,"key":"Bird Faced Urn"},{"floor":9,"key":"Paper Frog"},{"floor":10,"key":"Bronze Scales"},{"floor":24,"key":"Regal Pillow"},{"floor":26,"key":"Blue Candle"},{"floor":28,"key":"Prayer Wheel"},{"floor":30,"key":"Pantograph"},{"floor":40,"key":"Kunai"}],"event_choices":[{"event_name":"The Woman in Blue","player_choice":"Bought 0 Potions","floor":5,"damage_taken":0},{"event_name":"Shining Light","player_choice":"Entered Light","floor":14,"damage_taken":0},{"event_name":"Nest","player_choice":"Stole From Cult","floor":29,"damage_taken":0},{"event_name":"Beggar","player_choice":"Gave Gold","floor":31,"damage_taken":0},{"event_name":"Accursed Blacksmith","player_choice":"Ignore","floor":39,"damage_taken":0},{"event_name":"Transmorgrifier","player_choice":"Transform","floor":42,"damage_taken":0},{"event_name":"Golden Shrine","player_choice":"Pray","floor":46,"damage_taken":0},{"event_name":"Winding Halls","player_choice":"Embrace Madness","floor":47,"damage_taken":0}],"boss_relics":[{"not_picked":["Eternal Feather","Lizard Tail"],"picked":"Snecko Eye"},{"not_picked":["Black Blood","Busted Crown"],"picked":"Cursed Key"}],"items_purged_floors":[36],"is_endless":false,"potions_floor_spawned":[3,6,10,12,19,21,22,30,37],"ascension_level":3}