{"gold_per_floor":[110,110,63,76,87,120,120,146,171,182,182,202,236,250,250,350,350,365,1,14,26,26,55,71,99,99,162,162,187,199,232,232,329,329,349,395,412,423,423,443,478,478,478,478,478,503,503,535,535,535,535,535,3,38,38],"floor_reached":56,"playtime":5095,"items_purged":["Strike_B","Defend_B"],"score":1564,"play_id":"417c9a22-ac4b-4a90-a295-684068952a85","local_time":"20190630160732","is_ascension_mode":true,"campfire_choices":[{"data":"Beam Cell","floor":7.0,"key":"SMITH"},{"floor":15.0,"key":"DIG"},{"data":"Go for the Eyes","floor":28.0,"key":"SMITH"},{"data":"Double Energy","floor":32.0,"key":"SMITH"},{"data":"Strike_B","floor":42.0,"key":"PURGE"},{"data":"Strike_B","floor":44.0,"key":"PURGE"},{"floor":47.0,"key":"RECALL"},{"data":"Defend_B","floor":49.0,"key":"PURGE"},{"floor":52.0,"key":"DIG"}],"neow_cost":"NONE","seed_source_timestamp":408705027279400,"circlet_count":0,"master_deck":["Defend_B","Defend_B","Zap","Dualcast","Scrape","Beam Cell+1","Coolheaded","All For One","Reinforced Body","Go for the Eyes+1","Double Energy+1","Gash","Gash","All For One","Scrape","Echo Form","Gash","Leap+1","FTL","BootSequence+1","Conserve Battery","Go for the Eyes","Gash","FTL+1","Coolheaded+1","Bandage Up","Secret Technique","BootSequence+1","Madness","Madness","Go for the Eyes+1","Steam+1","Panache"],"special_seed":0,"relics":["Cracked Core","Boot","Lantern","Orichalcum","Peace Pipe","Shovel","Du-Vu Doll","Black Star","WingedGreaves","Smiling Mask","Pen Nib","Bag of Preparation","Meat on the Bone","Sundial","Tiny Chest","Symbiotic Virus","DataDisk","Pocketwatch","Blood Vial","Ginger","Busted Crown","Prayer Wheel","Centennial Puzzle","Bottled Flame","Question Card","Shuriken","FossilizedHelix","Art of War","Ice Cream","Bottled Lightning","Vajra","Bronze Scales","Thread and Needle","Gambling Chip"],"potions_floor_usage":[55,55,55],"damage_taken":[{"damage":1.0,"enemies":"Jaw Worm","floor":1.0,"turns":4.0},{"damage":7.0,"enemies":"Small Slimes","floor":4.0,"turns":3.0},{"damage":0.0,"enemies":"2 Louse","floor":5.0,"turns":2.0},{"damage":15.0,"enemies":"Lagavulin","floor":6.0,"turns":5.0},{"damage":20.0,"enemies":"3 Sentries","floor":8.0,"turns":12.0},{"damage":6.0,"enemies":"Exordium Thugs","floor":10.0,"turns":4.0},{"damage":0.0,"enemies":"Large Slime","floor":12.0,"turns":4.0},{"damage":10.0,"enemies":"Lagavulin","floor":13.0,"turns":6.0},{"damage":0.0,"enemies":"2 Fungi Beasts","floor":14.0,"turns":2.0},{"damage":11.0,"enemies":"The Guardian","floor":16.0,"turns":8.0},{"damage":4.0,"enemies":"2 Thieves","floor":18.0,"turns":3.0},{"damage":0.0,"enemies":"Chosen","floor":20.0,"turns":3.0},{"damage":6.0,"enemies":"Centurion and Healer","floor":21.0,"turns":6.0},{"damage":18.0,"enemies":"Slavers","floor":23.0,"turns":5.0},{"damage":4.0,"enemies":"Sentry and Sphere","floor":24.0,"turns":5.0},{"damage":7.0,"enemies":"Gremlin Leader","floor":25.0,"turns":5.0},{"damage":0.0,"enemies":"Book of Stabbing","floor":27.0,"turns":3.0},{"damage":4.0,"enemies":"Slavers","floor":29.0,"turns":4.0},{"damage":0.0,"enemies":"Snake Plant","floor":30.0,"turns":4.0},{"damage":14.0,"enemies":"Gremlin Leader","floor":31.0,"turns":6.0},{"damage":39.0,"enemies":"Champ","floor":33.0,"turns":8.0},{"damage":8.0,"enemies":"3 Darklings","floor":35.0,"turns":5.0},{"damage":16.0,"enemies":"2 Orb Walkers","floor":36.0,"turns":5.0},{"damage":0.0,"enemies":"Orb Walker","floor":37.0,"turns":2.0},{"damage":12.0,"enemies":"Maw","floor":38.0,"turns":4.0},{"damage":7.0,"enemies":"4 Shapes","floor":40.0,"turns":3.0},{"damage":7.0,"enemies":"Giant Head","floor":41.0,"turns":6.0},{"damage":25.0,"enemies":"Nemesis","floor":46.0,"turns":5.0},{"damage":0.0,"enemies":"Giant Head","floor":48.0,"turns":5.0},{"damage":0.0,"enemies":"Awakened One","floor":50.0,"turns":7.0},{"damage":0.0,"enemies":"Shield and Spear","floor":54.0,"turns":4.0},{"damage":79,"enemies":"The Heart","floor":55,"turns":7}],"seed_played":"-4760906767250164365","potions_obtained":[{"floor":1.0,"key":"SteroidPotion"},{"floor":4.0,"key":"Dexterity Potion"},{"floor":6.0,"key":"Fruit Juice"},{"floor":13.0,"key":"FocusPotion"},{"floor":18.0,"key":"LiquidBronze"},{"floor":21.0,"key":"LiquidBronze"},{"floor":30.0,"key":"Energy Potion"},{"floor":38.0,"key":"Dexterity Potion"}],"is_trial":false,"path_per_floor":["M","?","$","M","M","E","R","E","T","M","?","M","E","M","R","B",null,"M","$","M","M","?","E","M","E","T","E","R","E","M","E","R","B",null,"M","?","M","M","?","M","E","R","T","R","?","E","R","E","R","B",null,"R","$","E","B",null],"character_chosen":"DEFECT","items_purchased":["Beam Cell","WingedGreaves","Vajra","Bronze Scales","Panache"],"campfire_rested":0,"item_purchase_floors":[3,19,53,53,53],"current_hp_per_floor":[74,74,74,67,67,52,52,37,37,31,31,31,21,21,21,10,80,76,76,76,70,70,52,48,41,41,41,41,49,49,47,47,22,80,72,58,60,50,40,51,50,50,50,50,40,33,33,51,51,57,80,80,80,80,17],"gold":38,"neow_bonus":"RANDOM_COMMON_RELIC","is_prod":false,"is_daily":false,"chose_seed":false,"campfire_upgraded":3,"win_rate":0,"timestamp":1561928852,"path_taken":["M","?","$","M","M","E","R","E","T","M","?","M","E","M","R","BOSS","M","$","M","M","?","E","M","E","T","E","R","E","M","E","R","BOSS","M","?","M","M","?","M","E","R","T","R","?","E","R","E","R","BOSS","R","$","E","BOSS"],"build_version":"2019-01-23","purchased_purges":2,"victory":true,"max_hp_per_floor":[75,75,75,75,75,75,75,80,80,80,80,80,80,80,80,80,80,80,80,80,80,80,80,80,80,80,80,80,80,80,80,80,80,80,80,80,80,80,80,80,80,80,80,80,80,80,80,80,80,80,80,80,80,80,80],"card_choices":[{"not_picked":["Stack","Auto Shields"],"picked":"Scrape","floor":1.0},{"not_picked":["Leap","Sweeping Beam"],"picked":"Coolheaded","floor":4.0},{"not_picked":["Redo","Fusion","Rebound"],"picked":"SKIP","floor":5.0},{"not_picked":["Redo","Steam"],"picked":"All For One","floor":6.0},{"not_picked":["Static Discharge","Storm"],"picked":"Reinforced Body","floor":8.0},{"not_picked":["Leap","Amplify"],"picked":"Go for the Eyes","floor":10.0},{"not_picked":["Redo","Loop"],"picked":"Double Energy","floor":12.0},{"not_picked":["Fusion","Redo"],"picked":"Gash","floor":13.0},{"not_picked":["Electrodynamics","Compile Driver"],"picked":"Gash","floor":14.0},{"not_picked":["Multi-Cast","Thunder Strike"],"picked":"All For One","floor":16.0},{"not_picked":["Coolheaded+1","Recycle"],"picked":"Scrape","floor":18.0},{"not_picked":["Redo","Cold Snap"],"picked":"Echo Form","floor":20.0},{"not_picked":["Leap","Double Energy"],"picked":"Gash","floor":21.0},{"not_picked":["Cold Snap","Consume+1"],"picked":"Leap+1","floor":23.0},{"not_picked":["Compile Driver","Go for the Eyes"],"picked":"FTL","floor":24.0},{"not_picked":["Amplify","Undo"],"picked":"BootSequence+1","floor":25.0},{"not_picked":["Defragment","Turbo+1"],"picked":"Conserve Battery","floor":27.0},{"not_picked":["Doom and Gloom+1","Fusion","Cold Snap"],"picked":"SKIP","floor":29.0},{"not_picked":["Recycle+1","Hologram"],"picked":"Go for the Eyes","floor":30.0},{"not_picked":["Leap","Ball Lightning"],"picked":"Gash","floor":31.0},{"not_picked":["Barrage"],"picked":"SKIP","floor":35.0},{"not_picked":[],"picked":"FTL+1","floor":37.0},{"not_picked":[],"picked":"Coolheaded+1","floor":37.0},{"not_picked":["Turbo"],"picked":"SKIP","floor":38.0},{"not_picked":["Darkness"],"picked":"SKIP","floor":38.0},{"not_picked":[],"picked":"Bandage Up","floor":39.0},{"not_picked":[],"picked":"Secret Technique","floor":39.0},{"not_picked":["Static Discharge"],"picked":"SKIP","floor":40.0},{"not_picked":["Streamline+1"],"picked":"SKIP","floor":40.0},{"not_picked":[],"picked":"BootSequence+1","floor":41.0},{"not_picked":["Darkness+1"],"picked":"Go for the Eyes+1","floor":46.0},{"not_picked":["Hyperbeam"],"picked":"Steam+1","floor":48.0},{"not_picked":["Reinforced Body","Barrage"],"picked":"SKIP","floor":54.0}],"player_experience":340475,"relics_obtained":[{"floor":6.0,"key":"Lantern"},{"floor":8.0,"key":"Orichalcum"},{"floor":13.0,"key":"Shovel"},{"floor":15.0,"key":"Du-Vu Doll"},{"floor":23.0,"key":"Smiling Mask"},{"floor":23.0,"key":"Pen Nib"},{"floor":25.0,"key":"Bag of Preparation"},{"floor":25.0,"key":"Meat on the Bone"},{"floor":26.0,"key":"Sundial"},{"floor":27.0,"key":"Tiny Chest"},{"floor":27.0,"key":"Symbiotic Virus"},{"floor":29.0,"key":"DataDisk"},{"floor":29.0,"key":"Pocketwatch"},{"floor":31.0,"key":"Blood Vial"},{"floor":31.0,"key":"Ginger"},{"floor":36.0,"key":"Prayer Wheel"},{"floor":41.0,"key":"Centennial Puzzle"},{"floor":41.0,"key":"Bottled Flame"},{"floor":43.0,"key":"Question Card"},{"floor":46.0,"key":"Shuriken"},{"floor":46.0,"key":"FossilizedHelix"},{"floor":48.0,"key":"Art of War"},{"floor":48.0,"key":"Ice Cream"},{"floor":52.0,"key":"Bottled Lightning"},{"floor":54.0,"key":"Thread and Needle"},{"floor":54.0,"key":"Gambling Chip"}],"event_choices":[{"cards_removed":["Strike_B"],"damage_healed":0.0,"max_hp_gain":0.0,"max_hp_loss":0.0,"gold_gain":0.0,"event_name":"Living Wall","player_choice":"Forget","floor":2.0,"gold_loss":0.0,"damage_taken":0.0},{"damage_healed":0.0,"max_hp_gain":0.0,"max_hp_loss":0.0,"gold_gain":0.0,"event_name":"Dead Adventurer","player_choice":"Searched \u00271\u0027 times","floor":11.0,"gold_loss":0.0,"damage_taken":0.0,"relics_obtained":["Peace Pipe"]},{"damage_healed":0.0,"max_hp_gain":0.0,"max_hp_loss":0.0,"gold_gain":0.0,"event_name":"Beggar","player_choice":"Ignored","floor":22.0,"gold_loss":0.0,"damage_taken":0.0},{"damage_healed":0.0,"max_hp_gain":0.0,"max_hp_loss":0.0,"gold_gain":0.0,"event_name":"Mysterious Sphere","player_choice":"Fight","floor":36.0,"gold_loss":0.0,"damage_taken":0.0},{"damage_healed":0.0,"max_hp_gain":0.0,"max_hp_loss":0.0,"gold_gain":0.0,"event_name":"SensoryStone","player_choice":"Memory 3","floor":39.0,"gold_loss":0.0,"damage_taken":10.0},{"damage_healed":0.0,"max_hp_gain":0.0,"max_hp_loss":0.0,"gold_gain":0.0,"event_name":"Winding Halls","player_choice":"Embrace Madness","floor":45.0,"gold_loss":0.0,"damage_taken":10.0,"cards_obtained":["Madness","Madness"]}],"is_beta":false,"boss_relics":[{"not_picked":["Eternal Feather","Empty Cage"],"picked":"Black Star"},{"not_picked":["Nuclear Battery","Runic Pyramid"],"picked":"Busted Crown"}],"items_purged_floors":[19,53],"is_endless":false,"potions_floor_spawned":[1,4,6,13,18,21,30,31,33,38,46,54],"ascension_level":1}