{"gold_per_floor":[119,138,149,166,14,14,27,27,27,52,17,192,70,83,83,182,182,200,215,230,230,243,243,260,260,260,350,22,22,37,54,54,151,151,165,165,183,58,71,71,71,71,98,109,129,178,0,15,15,15],"floor_reached":51,"playtime":6405,"items_purged":["Shame","Doubt","Decay"],"score":708,"play_id":"e645a1ea-0173-40c7-8a02-050427e1c447","local_time":"20180707125048","is_ascension_mode":true,"campfire_choices":[{"data":"Machine Learning","floor":6,"key":"SMITH"},{"floor":8,"key":"REST"},{"floor":15,"key":"REST"},{"floor":23,"key":"REST"},{"data":"Chill","floor":25,"key":"SMITH"},{"floor":29,"key":"REST"},{"floor":32,"key":"REST"},{"floor":40,"key":"REST"},{"data":"Zap","floor":42,"key":"SMITH"},{"floor":49,"key":"REST"}],"neow_cost":"CURSE","seed_source_timestamp":2037699188297400,"circlet_count":0,"master_deck":["Strike_B","Strike_B","Defend_B","Defend_B","Defend_B","Defend_B","Zap+1","Dualcast+1","Machine Learning+1","Sweeping Beam","Barrage","Leap","White Noise","Leap","Electrodynamics","Coolheaded","All For One","Go for the Eyes","Conserve Battery+1","Rebound","Biased Cognition","Defragment+1","Capacitor","Turbo","Conserve Battery+1","Chill+1","Ball Lightning","Core Surge","Cold Snap","Beam Cell","Core Surge","Conserve Battery+1","Aggregate+1","Madness","Madness","Conserve Battery","Turbo+1","White Noise+1","Seek","Conserve Battery+1","Beam Cell+1","Redo+1","Fusion+1"],"relics":["Cracked Core","Toolbox","Prayer Wheel","Sozu","Question Card","Ancient Tea Set","Runic Pyramid","War Paint","Bronze Scales","Red Mask"],"potions_floor_usage":[3,10,31],"damage_taken":[{"damage":4,"enemies":"2 Louse","floor":1,"turns":3},{"damage":0,"enemies":"Small Slimes","floor":2,"turns":3},{"damage":9,"enemies":"Cultist","floor":3,"turns":4},{"damage":9,"enemies":"Blue Slaver","floor":4,"turns":5},{"damage":7,"enemies":"Looter","floor":7,"turns":4},{"damage":42,"enemies":"Gremlin Nob","floor":10,"turns":6},{"damage":11,"enemies":"Lots of Slimes","floor":14,"turns":2},{"damage":19,"enemies":"Slime Boss","floor":16,"turns":9},{"damage":13,"enemies":"Spheric Guardian","floor":18,"turns":4},{"damage":15,"enemies":"3 Byrds","floor":19,"turns":3},{"damage":24,"enemies":"Slaver and Parasite","floor":20,"turns":9},{"damage":4,"enemies":"3 Cultists","floor":22,"turns":3},{"damage":5,"enemies":"Centurion and Healer","floor":24,"turns":4},{"damage":11,"enemies":"Snake Plant","floor":30,"turns":5},{"damage":0,"enemies":"Cultist and Chosen","floor":31,"turns":4},{"damage":19,"enemies":"Automaton","floor":33,"turns":9},{"damage":0,"enemies":"Flame Bruiser 1 Orb","floor":35,"turns":5},{"damage":5,"enemies":"3 Shapes","floor":37,"turns":4},{"damage":32,"enemies":"Maw","floor":39,"turns":9},{"damage":0,"enemies":"Sphere and 2 Shapes","floor":44,"turns":3},{"damage":24,"enemies":"4 Shapes","floor":45,"turns":4},{"damage":11,"enemies":"Spire Growth","floor":48,"turns":5},{"damage":65,"enemies":"Awakened One","floor":50,"turns":14}],"seed_played":"-7854120010345694577","potions_obtained":[{"floor":2,"key":"Fruit Juice"},{"floor":4,"key":"EssenceOfSteel"},{"floor":10,"key":"Ancient Potion"}],"is_trial":false,"path_per_floor":["M","M","M","M","$","R","M","R","T","E","?","?","$","M","R","B",null,"M","M","M","?","M","R","M","R","T","?","$","R","M","M","R","B",null,"M","?","M","$","M","R","?","R","T","M","M","T","?","M","R","B"],"character_chosen":"DEFECT","items_purchased":["Electrodynamics","Go for the Eyes","Ancient Tea Set","Core Surge"],"campfire_rested":7,"item_purchase_floors":[5,13,28,28],"current_hp_per_floor":[71,71,67,58,58,58,51,75,75,33,53,53,53,42,66,47,80,74,59,35,35,38,62,57,57,57,41,41,65,54,54,78,59,80,80,70,65,65,33,57,90,90,90,90,66,66,66,55,82,17],"gold":15,"neow_bonus":"TRANSFORM_TWO_CARDS","is_prod":false,"is_daily":false,"chose_seed":false,"campfire_upgraded":3,"win_rate":0,"timestamp":1530982248,"path_taken":["M","M","M","M","$","R","M","R","T","E","?","?","$","M","R","BOSS","M","?","M","?","M","R","M","R","T","?","$","R","M","M","R","BOSS","M","?","M","$","M","R","?","R","T","M","?","?","?","M","R","BOSS"],"build_version":"2018-07-05","purchased_purges":3,"victory":true,"max_hp_per_floor":[75,75,80,80,80,80,80,80,80,80,80,80,80,80,80,80,80,80,80,80,80,80,80,80,80,80,80,80,80,80,80,80,80,80,80,80,80,80,80,80,90,90,90,90,90,90,90,90,90,90],"card_choices":[{"not_picked":["Steam","Scrape"],"picked":"Barrage","floor":1},{"not_picked":["Sweeping Beam","Steam"],"picked":"Leap","floor":2},{"not_picked":["Heatsinks","Stack"],"picked":"White Noise","floor":3},{"not_picked":["Compile Driver","Sweeping Beam"],"picked":"Leap","floor":4},{"not_picked":["Scrape","Turbo"],"picked":"Coolheaded","floor":7},{"not_picked":["Skim","Storm"],"picked":"All For One","floor":10},{"not_picked":["Sweeping Beam","Steam"],"picked":"Conserve Battery","floor":14},{"not_picked":["Scrape","Lockon"],"picked":"Rebound","floor":14},{"not_picked":["Machine Learning","Thunder Strike"],"picked":"Biased Cognition","floor":16},{"not_picked":["Streamline+1","Hologram+1"],"picked":"Defragment+1","floor":18},{"not_picked":["Hologram","Turbo","Stack"],"picked":"SKIP","floor":18},{"not_picked":["Steam+1","Blizzard","Skim"],"picked":"SKIP","floor":19},{"not_picked":["Redo","Coolheaded+1","Storm"],"picked":"SKIP","floor":19},{"not_picked":["Compile Driver","Turbo"],"picked":"Capacitor","floor":20},{"not_picked":["Ball Lightning","Stack"],"picked":"Turbo","floor":20},{"not_picked":["Melter","Stack"],"picked":"Conserve Battery+1","floor":22},{"not_picked":["Force Field","Darkness"],"picked":"Chill","floor":22},{"not_picked":["Gash+1","Machine Learning"],"picked":"Ball Lightning","floor":24},{"not_picked":["Sweeping Beam","Streamline+1","Redo"],"picked":"SKIP","floor":24},{"not_picked":["Gash","Turbo","BootSequence+1"],"picked":"Cold Snap","floor":30},{"not_picked":["Ball Lightning","Conserve Battery+1","Storm"],"picked":"Beam Cell","floor":30},{"not_picked":["Tempest","Barrage+1","Leap"],"picked":"Core Surge","floor":31},{"not_picked":["Hologram","Chaos","Steam+1","Turbo"],"picked":"SKIP","floor":31},{"not_picked":["Core Surge","Buffer","Reboot"],"picked":"Machine Learning","floor":33},{"not_picked":["Hologram+1","Barrage","Recycle"],"picked":"Conserve Battery+1","floor":35},{"not_picked":["Leap+1","Sweeping Beam+1","Streamline+1"],"picked":"Aggregate+1","floor":35},{"not_picked":["Coolheaded+1","Capacitor+1","Sweeping Beam+1"],"picked":"Conserve Battery","floor":37},{"not_picked":["Tempest","Darkness+1","Heatsinks"],"picked":"Turbo+1","floor":37},{"not_picked":["Capacitor+1","Leap","Darkness+1"],"picked":"White Noise+1","floor":39},{"not_picked":["Turbo+1","Heatsinks+1","Steam+1"],"picked":"Seek","floor":39},{"not_picked":["Ball Lightning+1","Go for the Eyes","Tempest+1"],"picked":"Conserve Battery+1","floor":44},{"not_picked":["Conserve Battery+1","Sweeping Beam+1","Storm"],"picked":"Beam Cell+1","floor":44},{"not_picked":["Gash+1","Sweeping Beam+1","Beam Cell+1"],"picked":"Redo+1","floor":45},{"not_picked":["Barrage+1","Ball Lightning+1","Undo+1"],"picked":"Fusion+1","floor":45},{"not_picked":["Skim","Stack+1","Compile Driver+1","Cold Snap"],"picked":"SKIP","floor":48},{"not_picked":["Cold Snap","Hello World+1","Turbo+1","Heatsinks+1"],"picked":"SKIP","floor":48}],"player_experience":210046,"relics_obtained":[{"floor":9,"key":"Toolbox"},{"floor":10,"key":"Prayer Wheel"},{"floor":26,"key":"Question Card"},{"floor":43,"key":"War Paint"},{"floor":46,"key":"Bronze Scales"}],"event_choices":[{"event_name":"The Cleric","player_choice":"Healed","floor":11,"damage_taken":0},{"event_name":"Liars Game","player_choice":"agreed","floor":12,"damage_taken":0},{"event_name":"Forgotten Altar","player_choice":"Smashed Altar","floor":21,"damage_taken":0},{"event_name":"Knowing Skull","player_choice":"GOLD ","floor":27,"damage_taken":0},{"event_name":"Winding Halls","player_choice":"Embrace Madness","floor":36,"damage_taken":0},{"event_name":"Bonfire Elementals","player_choice":"RARE","floor":41,"damage_taken":0},{"event_name":"Tomb of Lord Red Mask","player_choice":"Paid","floor":47,"damage_taken":0}],"boss_relics":[{"not_picked":["Nuclear Battery","Coffee Dripper"],"picked":"Sozu"},{"not_picked":["Black Star","Lizard Tail"],"picked":"Runic Pyramid"}],"items_purged_floors":[13,28,38],"is_endless":false,"potions_floor_spawned":[2,4,10,20,22,37,39,48],"ascension_level":1}