{"gold_per_floor":[112,112,112,127,44,59,59,99,99,374,390,27,67,67,67,163,163,176,176,176],"floor_reached":20,"playtime":445,"items_purged":["Regret"],"score":385,"play_id":"2a4c2aa3-3afa-49b7-93fb-4e542cf57e4c","local_time":"20190302162732","is_ascension_mode":true,"campfire_choices":[{"floor":7,"key":"REST"},{"floor":15,"key":"REST"}],"neow_cost":"NONE","seed_source_timestamp":18635315942354,"circlet_count":0,"master_deck":["AscendersBane","Defend_R","Defend_R","Defend_R","Bash","Shrug It Off","Wild Strike","Shockwave","Battle Trance","Clothesline","Carnage","Disarm","Exhume","True Grit","Bite","Bite","Bite","Bite","Bite"],"relics":["Fusion Hammer","Golden Idol","The Courier","Matryoshka","Chemical X","Charon\u0027s Ashes","Coffee Dripper"],"potions_floor_usage":[8,8,13],"damage_taken":[{"damage":0,"enemies":"2 Louse","floor":1,"turns":3},{"damage":2,"enemies":"Jaw Worm","floor":4,"turns":3},{"damage":0,"enemies":"Cultist","floor":6,"turns":3},{"damage":40,"enemies":"3 Sentries","floor":8,"turns":11},{"damage":5,"enemies":"Looter","floor":11,"turns":3},{"damage":8,"enemies":"Lagavulin","floor":13,"turns":4},{"damage":18,"enemies":"The Guardian","floor":16,"turns":11},{"damage":4,"enemies":"Chosen","floor":18,"turns":3},{"damage":0,"enemies":"2 Thieves","floor":20,"turns":1}],"seed_played":"5703630781995906884","potions_obtained":[{"floor":4,"key":"Block Potion"},{"floor":6,"key":"Poison Potion"},{"floor":11,"key":"Poison Potion"}],"is_trial":false,"path_per_floor":["M","?","?","M","$","M","R","E","T","?","M","$","E","$","R","B",null,"M","?","M"],"character_chosen":"IRONCLAD","items_purchased":["Shockwave","Carnage","Disarm","Chemical X"],"campfire_rested":2,"item_purchase_floors":[5,12,12,12],"current_hp_per_floor":[68,61,61,59,59,59,68,28,28,28,23,23,15,15,35,17,55,51,47,47],"gold":176,"neow_bonus":"BOSS_RELIC","is_prod":false,"is_daily":false,"chose_seed":false,"campfire_upgraded":0,"win_rate":0,"timestamp":1551572852,"path_taken":["M","?","?","M","$","M","R","E","T","?","M","$","E","$","R","BOSS","M","?","M"],"build_version":"2019-02-06","purchased_purges":1,"victory":false,"max_hp_per_floor":[75,75,68,68,68,68,68,68,68,68,68,68,68,68,68,68,68,68,47,47],"card_choices":[{"not_picked":["Warcry","Twin Strike"],"picked":"Shrug It Off","floor":1},{"not_picked":["Evolve","Pummel"],"picked":"Wild Strike","floor":4},{"not_picked":["Flex","Juggernaut"],"picked":"Battle Trance","floor":8},{"not_picked":["Wild Strike","Twin Strike"],"picked":"Clothesline","floor":11},{"not_picked":["Brutality","Limit Break"],"picked":"Exhume","floor":16},{"not_picked":["Cleave","Second Wind"],"picked":"True Grit","floor":18}],"player_experience":1270706,"relics_obtained":[{"floor":8,"key":"The Courier"},{"floor":9,"key":"Matryoshka"},{"floor":13,"key":"Charon\u0027s Ashes"}],"event_choices":[{"cards_removed":["Defend_R"],"damage_healed":0,"gold_gain":0,"player_choice":"Card Removal","damage_taken":7,"max_hp_gain":0,"max_hp_loss":0,"event_name":"Golden Wing","floor":2,"gold_loss":0},{"damage_healed":0,"gold_gain":0,"player_choice":"Lose Max HP","damage_taken":0,"relics_obtained":["Golden Idol"],"max_hp_gain":0,"max_hp_loss":7,"event_name":"Golden Idol","floor":3,"gold_loss":0},{"damage_healed":0,"gold_gain":275,"player_choice":"Desecrate","damage_taken":0,"max_hp_gain":0,"max_hp_loss":0,"event_name":"Golden Shrine","floor":10,"gold_loss":0,"cards_obtained":["Regret"]},{"damage_healed":0,"gold_gain":0,"player_choice":"Became a vampire","damage_taken":0,"max_hp_gain":0,"max_hp_loss":21,"event_name":"Vampires","floor":19,"gold_loss":0,"cards_obtained":["Bite","Bite","Bite","Bite","Bite"]}],"is_beta":true,"boss_relics":[{"not_picked":["Cursed Key","Ectoplasm"],"picked":"Coffee Dripper"}],"items_purged_floors":[12],"is_endless":false,"potions_floor_spawned":[4,6,11],"killed_by":"2 Thieves","ascension_level":20}