{"gold_per_floor":[117,42,42,57,57,57,7,7,7,27,27,27,41,52,52,52],"floor_reached":16,"playtime":366,"items_purged":["Defend_G"],"score":90,"play_id":"2e0077d1-5c6b-4b40-837a-e14941f559a7","local_time":"20190808224327","is_ascension_mode":false,"campfire_choices":[{"data":"Neutralize","floor":6.0,"key":"SMITH"},{"data":"Strike_G","floor":8.0,"key":"SMITH"},{"data":"Reflex","floor":15,"key":"SMITH"}],"neow_cost":"NONE","seed_source_timestamp":305681787782,"circlet_count":0,"master_deck":["Strike_G","Strike_G","Strike_G+1","Strike_G","Defend_G","Defend_G","Defend_G","Survivor","Neutralize+1","Tactician","Reflex+1"],"special_seed":0,"relics":["Ring of the Snake","NeowsBlessing","The Courier","Bag of Marbles"],"potions_floor_usage":[16,16,16],"damage_taken":[{"damage":0.0,"enemies":"2 Louse","floor":1.0,"turns":1.0},{"damage":0.0,"enemies":"Cultist","floor":4.0,"turns":1.0},{"damage":0.0,"enemies":"Small Slimes","floor":10.0,"turns":1.0},{"damage":0,"enemies":"Blue Slaver","floor":13,"turns":4},{"damage":4,"enemies":"Gremlin Gang","floor":14,"turns":4},{"damage":66,"enemies":"Slime Boss","floor":16,"turns":18}],"seed_played":"3041990298849050185","potions_obtained":[{"floor":10.0,"key":"Poison Potion"},{"floor":13,"key":"EssenceOfSteel"},{"floor":14,"key":"Energy Potion"}],"is_trial":false,"path_per_floor":["M","$","?","M","?","R","?","R","T","M","?","$","M","M","R","B"],"character_chosen":"THE_SILENT","items_purchased":[],"campfire_rested":0,"item_purchase_floors":[],"current_hp_per_floor":[70,70,75,75,68,68,68,68,68,68,68,68,68,64,64,0],"gold":52,"neow_bonus":"THREE_ENEMY_KILL","is_prod":false,"is_daily":false,"chose_seed":false,"campfire_upgraded":3,"win_rate":0,"timestamp":1565329407,"path_taken":["M","$","?","M","?","R","?","R","T","M","?","$","?","M","R","BOSS"],"build_version":"2019-07-18","purchased_purges":1,"victory":false,"max_hp_per_floor":[70,70,75,75,75,75,75,75,75,75,75,75,75,75,75,75],"card_choices":[{"not_picked":["Sucker Punch","Quick Slash"],"picked":"Tactician","floor":10.0},{"not_picked":["Poisoned Stab","Distraction","Tactician"],"picked":"SKIP","floor":13},{"not_picked":["Deflect","Setup","Acrobatics"],"picked":"SKIP","floor":14}],"player_experience":1390073,"relics_obtained":[{"floor":9.0,"key":"Bag of Marbles"}],"event_choices":[{"damage_healed":0.0,"max_hp_gain":5.0,"max_hp_loss":0.0,"gold_gain":0.0,"event_name":"Big Fish","player_choice":"Donut","floor":3.0,"gold_loss":0.0,"damage_taken":0.0},{"damage_healed":0.0,"max_hp_gain":0.0,"max_hp_loss":0.0,"gold_gain":0.0,"event_name":"Scrap Ooze","player_choice":"Success","floor":5.0,"gold_loss":0.0,"damage_taken":7.0,"relics_obtained":["The Courier"]},{"cards_removed":["Strike_G"],"damage_healed":0.0,"max_hp_gain":0.0,"max_hp_loss":0.0,"gold_gain":0.0,"event_name":"The Cleric","player_choice":"Card Removal","floor":7.0,"gold_loss":50.0,"damage_taken":0.0},{"damage_healed":0,"gold_gain":0,"cards_transformed":["Defend_G"],"player_choice":"Transformed","damage_taken":0,"max_hp_gain":0,"max_hp_loss":0,"event_name":"Transmorgrifier","floor":11,"gold_loss":0,"cards_obtained":["Reflex"]}],"is_beta":true,"boss_relics":[],"items_purged_floors":[2],"is_endless":false,"potions_floor_spawned":[10,13,14],"killed_by":"Slime Boss","ascension_level":0}