{"gold_per_floor":[119,119,134,149,4,4,34,54,101,111,111,15,15,44,44,44],"floor_reached":16,"playtime":390,"items_purged":["Strike_B"],"score":193,"play_id":"8f723f93-5d61-402c-914f-a01bb508d8c7","local_time":"20180726165520","daily_mods":["Binary"],"is_ascension_mode":true,"campfire_choices":[{"data":"Static Discharge","floor":6,"key":"SMITH"},{"floor":15,"key":"REST"}],"neow_cost":"","seed_source_timestamp":0,"circlet_count":0,"master_deck":["Strike_B","Strike_B","Strike_B","Defend_B","Defend_B+1","Defend_B","Defend_B+1","Zap","Dualcast","AscendersBane","Static Discharge+1","Streamline","Cold Snap","Loop"],"relics":["Cracked Core","Busted Crown","Darkstone Periapt","Potion Belt","CultistMask","War Paint"],"potions_floor_usage":[7,14],"damage_taken":[{"damage":12,"enemies":"Small Slimes","floor":1,"turns":3},{"damage":1,"enemies":"Cultist","floor":3,"turns":3},{"damage":8,"enemies":"2 Louse","floor":4,"turns":3},{"damage":13,"enemies":"Lagavulin","floor":7,"turns":7},{"damage":0,"enemies":"Large Slime","floor":8,"turns":5},{"damage":11,"enemies":"Exordium Thugs","floor":10,"turns":4},{"damage":14,"enemies":"Gremlin Nob","floor":14,"turns":4},{"damage":0,"enemies":"Hexaghost","floor":16,"turns":2}],"seed_played":"-2679856815399865615","potions_obtained":[{"floor":1,"key":"Strength Potion"},{"floor":2,"key":"Dexterity Potion"},{"floor":8,"key":"Ancient Potion"},{"floor":10,"key":"Poison Potion"},{"floor":14,"key":"Block Potion"}],"is_trial":true,"path_per_floor":["M","?","M","M","$","R","E","M","T","M","?","$","?","E","R"],"character_chosen":"DEFECT","items_purchased":["Static Discharge","Cold Snap","Loop"],"campfire_rested":1,"item_purchase_floors":[5,12,12],"current_hp_per_floor":[52,52,51,43,43,43,30,30,30,19,19,19,19,5,26,26],"gold":44,"neow_bonus":"","is_prod":false,"is_daily":false,"chose_seed":false,"campfire_upgraded":1,"win_rate":0,"timestamp":1532649320,"path_taken":["M","?","M","M","$","R","E","M","T","M","?","$","?","E","R","BOSS"],"build_version":"2018-07-26","purchased_purges":1,"victory":false,"max_hp_per_floor":[71,71,71,71,71,71,71,71,71,71,71,71,71,71,71,71],"card_choices":[],"player_experience":691422,"relics_obtained":[{"floor":7,"key":"Darkstone Periapt"},{"floor":9,"key":"Potion Belt"},{"floor":14,"key":"War Paint"}],"event_choices":[{"event_name":"The Lab","player_choice":"Got Potions","floor":2,"damage_taken":0},{"event_name":"Match and Keep!","player_choice":"1 cards matched","floor":11,"damage_taken":0},{"event_name":"FaceTrader","player_choice":"Trade","floor":13,"damage_taken":0}],"is_beta":true,"boss_relics":[],"items_purged_floors":[5],"is_endless":false,"potions_floor_spawned":[1,8,10,14],"killed_by":"Hexaghost","ascension_level":15}