{"gold_per_floor":[114,114,264,281,49,81,81,114,141,158,171,171,198,211,211,283,283,303,37,37,37,37,37,56,89,89,89,114,5,5,15,15,88,88,104,104,4,14,29,29],"floor_reached":40,"playtime":1512,"items_purged":["Doubt","Strike_G"],"score":988,"play_id":"a4857466-ad2f-49eb-a4e8-20d2dd2ce62e","local_time":"20190119002017","is_ascension_mode":true,"campfire_choices":[{"data":"Catalyst","floor":7.0,"key":"SMITH"},{"floor":12.0,"key":"REST"},{"data":"Crippling Poison","floor":15.0,"key":"SMITH"},{"floor":23.0,"key":"REST"},{"data":"Night Terror","floor":30.0,"key":"SMITH"},{"data":"Ghostly","floor":32.0,"key":"SMITH"}],"neow_cost":"NONE","seed_source_timestamp":0,"circlet_count":0,"master_deck":["AscendersBane","Defend_G","Defend_G","Defend_G","Defend_G","Defend_G","Strike_G","Strike_G","Strike_G","Strike_G","Survivor","Neutralize+1","Infinite Blades","Crippling Poison+1","Catalyst+1","Poisoned Stab","Backflip","Deadly Poison","Deadly Poison","Backflip","Die Die Die","Deadly Poison","Night Terror+1","Predator","Terror","Ghostly+1","Ghostly","Ghostly","Blade Dance","Footwork","Cloak And Dagger","PiercingWail","PiercingWail+1"],"special_seed":0,"relics":["Ring of the Snake","NeowsBlessing","Regal Pillow","Omamori","Orichalcum","Dream Catcher","Busted Crown","Kunai","Necronomicon","Strawberry","Blue Candle","Anchor","Runic Pyramid"],"potions_floor_usage":[40],"damage_taken":[{"damage":0.0,"enemies":"Small Slimes","floor":1.0,"turns":1.0},{"damage":0.0,"enemies":"2 Louse","floor":4.0,"turns":1.0},{"damage":0.0,"enemies":"Lagavulin","floor":6.0,"turns":1.0},{"damage":24.0,"enemies":"3 Sentries","floor":8.0,"turns":7.0},{"damage":2.0,"enemies":"Jaw Worm","floor":10.0,"turns":4.0},{"damage":7.0,"enemies":"Large Slime","floor":11.0,"turns":5.0},{"damage":10.0,"enemies":"Lagavulin","floor":13.0,"turns":6.0},{"damage":0.0,"enemies":"2 Fungi Beasts","floor":14.0,"turns":2.0},{"damage":31.0,"enemies":"The Guardian","floor":16.0,"turns":7.0},{"damage":3.0,"enemies":"Chosen","floor":18.0,"turns":5.0},{"damage":0.0,"enemies":"2 Thieves","floor":22.0,"turns":1.0},{"damage":23.0,"enemies":"Snecko","floor":24.0,"turns":6.0},{"damage":18.0,"enemies":"Gremlin Leader","floor":25.0,"turns":5.0},{"damage":0.0,"enemies":"Book of Stabbing","floor":28.0,"turns":5.0},{"damage":4.0,"enemies":"Centurion and Healer","floor":31.0,"turns":6.0},{"damage":17.0,"enemies":"Automaton","floor":33.0,"turns":12.0},{"damage":5,"enemies":"Orb Walker","floor":35,"turns":5},{"damage":7,"enemies":"3 Darklings","floor":38,"turns":18},{"damage":18,"enemies":"4 Shapes","floor":39,"turns":6},{"damage":0,"enemies":"Giant Head","floor":40,"turns":7}],"seed_played":"1265681474374590516","potions_obtained":[{"floor":4.0,"key":"Fire Potion"},{"floor":8.0,"key":"Strength Potion"},{"floor":13.0,"key":"SmokeBomb"},{"floor":14.0,"key":"Energy Potion"},{"floor":25.0,"key":"Explosive Potion"},{"floor":31.0,"key":"EssenceOfSteel"},{"floor":33.0,"key":"Fruit Juice"},{"floor":39,"key":"PowerPotion"}],"is_trial":false,"path_per_floor":["M","?","?","M","$","E","R","E","T","M","M","R","E","M","R","B",null,"M","$","?","$","M","R","M","E","T","?","E","$","R","M","R","B",null,"M","?","$","M","M","E"],"character_chosen":"THE_SILENT","items_purchased":["Catalyst","Poisoned Stab","Backflip","Kunai","Footwork","Cloak And Dagger"],"campfire_rested":2,"item_purchase_floors":[5,5,5,19,29,29],"current_hp_per_floor":[59,59,59,59,59,59,59,35,35,33,26,60,50,50,50,19,54,51,51,30,30,30,64,41,30,30,30,30,30,30,26,26,14,34,29,29,29,22,4,4],"gold":29,"neow_bonus":"THREE_ENEMY_KILL","is_prod":false,"is_daily":false,"chose_seed":false,"campfire_upgraded":4,"win_rate":0,"timestamp":1547886017,"path_taken":["M","?","?","M","$","E","R","E","T","M","M","R","E","M","R","BOSS","M","$","?","$","M","R","M","E","T","?","E","?","R","M","R","BOSS","M","?","$","M","M","E"],"build_version":"2019-01-16","purchased_purges":2,"victory":false,"max_hp_per_floor":[66,66,66,66,66,66,66,66,66,66,66,66,66,66,66,66,66,66,66,66,66,66,66,66,73,73,36,36,36,36,36,36,41,41,41,39,39,39,39,39],"card_choices":[{"not_picked":["Prepared","Distraction"],"picked":"Infinite Blades","floor":1.0},{"not_picked":["Tactician","Deflect"],"picked":"Crippling Poison","floor":4.0},{"not_picked":["Bane","Caltrops"],"picked":"Deadly Poison","floor":6.0},{"not_picked":["Deflect","Slice"],"picked":"Deadly Poison","floor":8.0},{"not_picked":["Dagger Spray","Flying Knee"],"picked":"Backflip","floor":11.0},{"not_picked":["Bane","Distraction"],"picked":"Die Die Die","floor":13.0},{"not_picked":["Poisoned Stab","Tactician"],"picked":"Deadly Poison","floor":14.0},{"not_picked":["Storm of Steel","Die Die Die"],"picked":"Night Terror","floor":16.0},{"not_picked":[],"picked":"Predator","floor":18.0},{"not_picked":[],"picked":"Terror","floor":25.0},{"not_picked":[],"picked":"Blade Dance","floor":28.0},{"not_picked":[],"picked":"PiercingWail","floor":35},{"not_picked":[],"picked":"PiercingWail+1","floor":38}],"player_experience":1029159,"relics_obtained":[{"floor":6.0,"key":"Regal Pillow"},{"floor":8.0,"key":"Omamori"},{"floor":9.0,"key":"Orichalcum"},{"floor":13.0,"key":"Dream Catcher"},{"floor":20.0,"key":"Necronomicon"},{"floor":25.0,"key":"Strawberry"},{"floor":26.0,"key":"Blue Candle"},{"floor":28.0,"key":"Anchor"}],"event_choices":[{"damage_healed":0.0,"max_hp_gain":0.0,"max_hp_loss":0.0,"gold_gain":0.0,"event_name":"Living Wall","player_choice":"Grow","floor":2.0,"gold_loss":0.0,"damage_taken":0.0,"cards_upgraded":["Neutralize"]},{"damage_healed":0.0,"max_hp_gain":0.0,"max_hp_loss":0.0,"gold_gain":150.0,"event_name":"Liars Game","player_choice":"AGREE","floor":3.0,"gold_loss":0.0,"damage_taken":0.0,"cards_obtained":["Doubt"]},{"damage_healed":0.0,"max_hp_gain":0.0,"max_hp_loss":0.0,"gold_gain":0.0,"event_name":"Cursed Tome","player_choice":"Obtained Book","floor":20.0,"gold_loss":0.0,"damage_taken":21.0},{"damage_healed":0.0,"max_hp_gain":0.0,"max_hp_loss":37.0,"gold_gain":0.0,"event_name":"Ghosts","player_choice":"Became a Ghost","floor":27.0,"gold_loss":0.0,"damage_taken":0.0,"cards_obtained":["Ghostly","Ghostly","Ghostly"]},{"damage_healed":0,"gold_gain":0,"player_choice":"Max HP","damage_taken":0,"max_hp_gain":0,"max_hp_loss":2,"event_name":"Winding Halls","floor":36,"gold_loss":0}],"is_beta":true,"boss_relics":[{"not_picked":["White Beast Statue","Tiny House"],"picked":"Busted Crown"},{"not_picked":["Snecko Eye","Orrery"],"picked":"Runic Pyramid"}],"items_purged_floors":[5,37],"is_endless":false,"potions_floor_spawned":[4,8,13,14,16,25,31,33,39],"killed_by":"Giant Head","ascension_level":20}