{"gold_per_floor":[115,115,129,146,71,105,122,22,22,22,97,108,140,159,159,260,260,270,270,270,108,186,216,216,216,216,228,247,259,28,38,38,142,142,153,167,167,219,44,44,55,55,55,68,78,108,108,124,124,124],"floor_reached":51,"playtime":3223,"items_purged":["Strike_R","Defend_R","Bash+1","Dual Wield","Iron Wave+1"],"score":959,"play_id":"a897bfdc-771e-4f42-bcb7-ecd4580e74fc","local_time":"20190728115652","is_ascension_mode":false,"campfire_choices":[{"data":"Bash","floor":10,"key":"SMITH"},{"floor":15,"key":"REST"},{"data":"Bloodletting","floor":25,"key":"SMITH"},{"data":"Deep Breath","floor":32,"key":"SMITH"},{"data":"Warcry","floor":40,"key":"SMITH"},{"data":"Ghostly Armor","floor":42,"key":"SMITH"},{"floor":47,"key":"REST"},{"floor":49,"key":"REST"}],"neow_cost":"NONE","seed_source_timestamp":1576311954592685,"circlet_count":0,"master_deck":["Uppercut+1","Warcry+1","Pommel Strike+1","Bloodletting+1","Ghostly Armor+1","Deep Breath+1","Flash of Steel+1"],"relics":["Burning Blood","Happy Flower","Molten Egg 2","Torii","Pandora\u0027s Box","Meat on the Bone","Shuriken","Pear","Mango","Black Star","Pocketwatch","Oddly Smooth Stone","Ornamental Fan","Dream Catcher"],"potions_floor_usage":[14,16,28,50,50,50],"damage_taken":[{"damage":6,"enemies":"Cultist","floor":1,"turns":4},{"damage":0,"enemies":"Small Slimes","floor":3,"turns":2},{"damage":6,"enemies":"Jaw Worm","floor":4,"turns":3},{"damage":25,"enemies":"Gremlin Nob","floor":6,"turns":5},{"damage":12,"enemies":"Looter","floor":7,"turns":3},{"damage":23,"enemies":"Lots of Slimes","floor":12,"turns":5},{"damage":16,"enemies":"Lagavulin","floor":13,"turns":5},{"damage":1,"enemies":"2 Fungi Beasts","floor":14,"turns":3},{"damage":24,"enemies":"The Guardian","floor":16,"turns":7},{"damage":4,"enemies":"Spheric Guardian","floor":18,"turns":3},{"damage":17,"enemies":"Book of Stabbing","floor":23,"turns":5},{"damage":9,"enemies":"3 Byrds","floor":27,"turns":4},{"damage":6,"enemies":"Snecko","floor":28,"turns":2},{"damage":9,"enemies":"Shelled Parasite and Fungi","floor":29,"turns":3},{"damage":6,"enemies":"Centurion and Healer","floor":31,"turns":4},{"damage":51,"enemies":"Champ","floor":33,"turns":2},{"damage":9,"enemies":"Orb Walker","floor":35,"turns":1},{"damage":15,"enemies":"3 Shapes","floor":36,"turns":1},{"damage":0,"enemies":"2 Orb Walkers","floor":38,"turns":1},{"damage":0,"enemies":"Jaw Worm Horde","floor":41,"turns":1},{"damage":0,"enemies":"Sphere and 2 Shapes","floor":44,"turns":1},{"damage":0,"enemies":"Maw","floor":45,"turns":1},{"damage":0,"enemies":"Nemesis","floor":46,"turns":1},{"damage":0,"enemies":"Jaw Worm Horde","floor":48,"turns":1},{"damage":1,"enemies":"Time Eater","floor":50,"turns":4}],"seed_played":"8719150338141594622","potions_obtained":[{"floor":1,"key":"SneckoOil"},{"floor":12,"key":"Weak Potion"},{"floor":13,"key":"FearPotion"},{"floor":14,"key":"PowerPotion"},{"floor":27,"key":"Block Potion"},{"floor":28,"key":"FairyPotion"},{"floor":29,"key":"LiquidBronze"},{"floor":35,"key":"Strength Potion"},{"floor":45,"key":"Fire Potion"},{"floor":48,"key":"Strength Potion"}],"is_trial":false,"path_per_floor":["M","?","M","M","$","E","M","$","T","R","?","M","E","M","R","B",null,"M","?","?","$","T","E","T","R","T","M","M","M","$","M","R","B",null,"M","M","?","?","$","R","M","R","T","M","M","E","R","M","R","B",null],"character_chosen":"IRONCLAD","items_purchased":["Ghostly Armor","Deep Breath"],"campfire_rested":3,"item_purchase_floors":[21,30],"current_hp_per_floor":[80,80,80,80,80,61,55,55,55,55,47,30,20,25,49,31,80,80,80,80,80,80,69,79,79,93,90,90,87,87,87,87,54,104,101,92,82,88,88,88,94,94,94,100,104,104,104,104,104,104],"gold":124,"neow_bonus":"REMOVE_CARD","is_prod":false,"is_daily":false,"chose_seed":false,"campfire_upgraded":5,"win_rate":0,"timestamp":1564333012,"path_taken":["M","?","?","M","$","E","M","$","T","R","?","M","E","M","R","BOSS","M","?","?","$","?","E","?","R","T","M","M","M","$","M","R","BOSS","M","?","?","?","$","R","?","R","T","M","M","E","R","M","R","BOSS"],"build_version":"2019-07-17","purchased_purges":5,"victory":true,"max_hp_per_floor":[80,80,80,80,80,80,80,80,80,80,80,80,80,80,80,80,80,80,80,80,80,80,80,90,90,104,104,104,104,104,104,104,104,104,104,104,104,104,104,104,104,104,104,104,104,104,104,104,104,104],"card_choices":[{"not_picked":["Twin Strike","Carnage"],"picked":"Uppercut","floor":1},{"not_picked":["Cleave","Pommel Strike","Carnage"],"picked":"SKIP","floor":3},{"not_picked":["Wild Strike","Bloodletting","Combust"],"picked":"SKIP","floor":4},{"not_picked":["Intimidate","Shrug It Off","Rupture"],"picked":"SKIP","floor":6},{"not_picked":["Cleave","Inflame","Armaments"],"picked":"SKIP","floor":7},{"not_picked":["Perfected Strike+1","Uppercut+1","Cleave+1"],"picked":"SKIP","floor":12},{"not_picked":["Clothesline+1","Juggernaut","Wild Strike+1"],"picked":"SKIP","floor":13},{"not_picked":["Heavy Blade+1","Searing Blow+1","Inflame"],"picked":"SKIP","floor":14},{"not_picked":["True Grit","Havoc+1","Rage"],"picked":"SKIP","floor":18},{"not_picked":["Flame Barrier","Sword Boomerang+1","Dual Wield"],"picked":"SKIP","floor":23},{"not_picked":["Searing Blow+1","Clash+1","Headbutt+1"],"picked":"SKIP","floor":27},{"not_picked":["Thunderclap+1","Burning Pact","True Grit+1"],"picked":"SKIP","floor":28},{"not_picked":["Clash+1","Iron Wave+1","Whirlwind+1"],"picked":"SKIP","floor":29},{"not_picked":["Clothesline+1","Headbutt+1","Shrug It Off"],"picked":"SKIP","floor":31},{"not_picked":["Pommel Strike+1","Bloodletting+1","Evolve+1"],"picked":"SKIP","floor":35},{"not_picked":["Wild Strike+1","Pommel Strike+1","Uppercut+1"],"picked":"SKIP","floor":36},{"not_picked":["Good Instincts","The Bomb"],"picked":"Flash of Steel+1","floor":37},{"not_picked":["Dual Wield","Anger+1","Carnage+1"],"picked":"SKIP","floor":41},{"not_picked":["Clash+1","Flex","Perfected Strike+1"],"picked":"SKIP","floor":44},{"not_picked":["Dropkick+1","Clothesline+1","Burning Pact+1"],"picked":"SKIP","floor":45},{"not_picked":["Armaments","Thunderclap+1","Twin Strike+1"],"picked":"SKIP","floor":46},{"not_picked":["Thunderclap+1","Perfected Strike+1","Warcry"],"picked":"SKIP","floor":48}],"player_experience":917992,"relics_obtained":[{"floor":6,"key":"Happy Flower"},{"floor":9,"key":"Molten Egg 2"},{"floor":13,"key":"Torii"},{"floor":22,"key":"Meat on the Bone"},{"floor":23,"key":"Shuriken"},{"floor":24,"key":"Pear"},{"floor":26,"key":"Mango"},{"floor":38,"key":"Pocketwatch"},{"floor":43,"key":"Oddly Smooth Stone"},{"floor":46,"key":"Ornamental Fan"},{"floor":46,"key":"Dream Catcher"}],"event_choices":[{"damage_healed":0,"gold_gain":0,"player_choice":"Upgraded","damage_taken":0,"max_hp_gain":0,"max_hp_loss":0,"event_name":"Upgrade Shrine","floor":2,"gold_loss":0,"cards_upgraded":["Uppercut"]},{"damage_healed":0,"gold_gain":75,"player_choice":"Touch","damage_taken":8,"max_hp_gain":0,"max_hp_loss":0,"event_name":"FaceTrader","floor":11,"gold_loss":0},{"damage_healed":0,"gold_gain":0,"player_choice":"Ignored","damage_taken":0,"max_hp_gain":0,"max_hp_loss":0,"event_name":"Ghosts","floor":19,"gold_loss":0},{"cards_removed":["Perfected Strike"],"damage_healed":0,"gold_gain":0,"player_choice":"Elegance","damage_taken":0,"max_hp_gain":0,"max_hp_loss":0,"event_name":"Back to Basics","floor":20,"gold_loss":0},{"damage_healed":0,"gold_gain":0,"player_choice":"Memory 3","damage_taken":10,"max_hp_gain":0,"max_hp_loss":0,"event_name":"SensoryStone","floor":37,"gold_loss":0},{"damage_healed":0,"gold_gain":0,"player_choice":"Fight","damage_taken":0,"max_hp_gain":0,"max_hp_loss":0,"event_name":"Mysterious Sphere","floor":38,"gold_loss":0}],"is_beta":false,"boss_relics":[{"not_picked":["Eternal Feather","Snecko Eye"],"picked":"Pandora\u0027s Box"},{"not_picked":["Astrolabe","Philosopher\u0027s Stone"],"picked":"Black Star"}],"items_purged_floors":[5,8,21,30,39],"is_endless":false,"potions_floor_spawned":[1,12,13,14,27,28,29,35,45,46,48],"ascension_level":0}