{"gold_per_floor":[119,119,194,60,77,77,111,125,203,203,215,231,231,265,265,343,343,359,409,409,116,136,136,164,164,164,184,184,201,201,229,229,302,302,312,329,329,329,348,348,348],"floor_reached":41,"playtime":1272,"items_purged":[],"score":978,"play_id":"1762ba3c-65a5-4c9f-9eb6-ac6f9c53bfdf","local_time":"20190221132429","is_ascension_mode":true,"campfire_choices":[{"data":"Neutralize","floor":6.0,"key":"SMITH"},{"data":"Noxious Fumes","floor":10.0,"key":"SMITH"},{"data":"Noxious Fumes","floor":15.0,"key":"SMITH"},{"data":"Crippling Poison","floor":23.0,"key":"SMITH"},{"floor":25.0,"key":"REST"},{"data":"Infinite Blades","floor":28.0,"key":"SMITH"},{"data":"Leg Sweep","floor":30.0,"key":"SMITH"},{"floor":32.0,"key":"REST"},{"data":"Malaise","floor":40.0,"key":"SMITH"}],"neow_cost":"NONE","seed_source_timestamp":6396381981310,"circlet_count":0,"master_deck":["AscendersBane","Defend_G","Defend_G","Defend_G","Defend_G","Defend_G","Strike_G","Strike_G","Strike_G","Survivor","Neutralize+1","Noxious Fumes+1","Noxious Fumes+1","Bane","Backflip","Deadly Poison","Dagger Spray+1","Crippling Poison+1","Infinite Blades+1","Glass Knife+1","Endless Agony+1","Leg Sweep+1","Quick Slash+1","Deflect","Cloak And Dagger+1","Normality","Cloak And Dagger+1","Dagger Throw+1","Terror","Malaise+1","Footwork+1","Infinite Blades+1","Leg Sweep+1"],"special_seed":0,"relics":["Ring of the Snake","NeowsBlessing","Happy Flower","Molten Egg 2","Ornamental Fan","Matryoshka","Cursed Key","Kunai","Snake Skull","Oddly Smooth Stone","Dodecahedron","Blood Vial"],"potions_floor_usage":[41],"damage_taken":[{"damage":0.0,"enemies":"Small Slimes","floor":1.0,"turns":1.0},{"damage":0.0,"enemies":"Jaw Worm","floor":5.0,"turns":1.0},{"damage":0.0,"enemies":"3 Sentries","floor":7.0,"turns":2.0},{"damage":0.0,"enemies":"Cultist","floor":8.0,"turns":4.0},{"damage":4.0,"enemies":"Large Slime","floor":11.0,"turns":4.0},{"damage":0.0,"enemies":"3 Louse","floor":12.0,"turns":1.0},{"damage":14.0,"enemies":"Gremlin Nob","floor":14.0,"turns":4.0},{"damage":16.0,"enemies":"The Guardian","floor":16.0,"turns":8.0},{"damage":11.0,"enemies":"3 Byrds","floor":18.0,"turns":3.0},{"damage":1.0,"enemies":"Chosen","floor":22.0,"turns":4.0},{"damage":0.0,"enemies":"Gremlin Leader","floor":24.0,"turns":6.0},{"damage":4.0,"enemies":"3 Cultists","floor":27.0,"turns":4.0},{"damage":1.0,"enemies":"Centurion and Healer","floor":29.0,"turns":4.0},{"damage":13.0,"enemies":"Slavers","floor":31.0,"turns":5.0},{"damage":35.0,"enemies":"Collector","floor":33.0,"turns":9.0},{"damage":2.0,"enemies":"3 Darklings","floor":35.0,"turns":6.0},{"damage":0.0,"enemies":"Orb Walker","floor":36.0,"turns":3.0},{"damage":11.0,"enemies":"Transient","floor":39.0,"turns":6.0},{"damage":57,"enemies":"Reptomancer","floor":41,"turns":8}],"seed_played":"-6928011723634586574","potions_obtained":[{"floor":1.0,"key":"GhostInAJar"},{"floor":7.0,"key":"PowerPotion"},{"floor":16.0,"key":"Strength Potion"},{"floor":18.0,"key":"GamblersBrew"},{"floor":24.0,"key":"GhostInAJar"},{"floor":39.0,"key":"SteroidPotion"}],"is_trial":false,"path_per_floor":["M","?","?","$","M","R","E","M","T","R","M","M","T","E","R","B",null,"M","?","?","$","M","R","E","R","T","M","R","M","R","E","R","B",null,"M","M","?","?","M","R","E"],"character_chosen":"THE_SILENT","items_purchased":["Noxious Fumes","Bane","Kunai","Quick Slash+1"],"campfire_rested":2,"item_purchase_floors":[4,4,21,21],"current_hp_per_floor":[59,64,53,53,53,53,53,53,53,53,49,49,49,35,35,19,58,47,47,47,47,46,46,46,67,67,63,63,62,62,49,70,36,62,62,64,64,64,55,55,0],"gold":348,"neow_bonus":"THREE_ENEMY_KILL","is_prod":false,"is_daily":false,"chose_seed":false,"campfire_upgraded":7,"win_rate":0,"timestamp":1550784269,"path_taken":["M","?","?","?","M","R","E","M","T","R","M","M","?","E","R","BOSS","M","?","?","$","M","R","E","R","T","M","R","M","R","E","R","BOSS","M","M","?","?","M","R","E"],"build_version":"2019-02-06","purchased_purges":0,"victory":false,"max_hp_per_floor":[66,71,71,71,71,71,71,71,71,71,71,71,71,71,71,71,71,71,71,71,71,71,71,71,71,71,71,71,71,71,71,71,71,71,71,71,67,67,67,67,67],"card_choices":[{"not_picked":["Expertise","Prepared"],"picked":"Noxious Fumes","floor":1.0},{"not_picked":["Acrobatics","Setup"],"picked":"Backflip","floor":5.0},{"not_picked":["PiercingWail","Accuracy"],"picked":"Deadly Poison","floor":8.0},{"not_picked":["Dodge and Roll","Bouncing Flask"],"picked":"Dagger Spray+1","floor":11.0},{"not_picked":["Calculated Gamble","Setup"],"picked":"Crippling Poison","floor":12.0},{"not_picked":["Prepared","Choke+1"],"picked":"Infinite Blades","floor":14.0},{"not_picked":["Doppelganger","Wraith Form v2"],"picked":"Glass Knife+1","floor":16.0},{"not_picked":["Dagger Spray+1","Choke+1"],"picked":"Endless Agony+1","floor":18.0},{"not_picked":["Flying Knee+1","Skewer+1"],"picked":"Deflect","floor":22.0},{"not_picked":["Dagger Throw+1","Deflect"],"picked":"Cloak And Dagger+1","floor":24.0},{"not_picked":["Flying Knee+1","Poisoned Stab+1"],"picked":"Cloak And Dagger+1","floor":27.0},{"not_picked":["Dagger Spray+1","Deadly Poison"],"picked":"Dagger Throw+1","floor":29.0},{"not_picked":["Skewer+1","Expertise"],"picked":"Terror","floor":31.0},{"not_picked":["Adrenaline","A Thousand Cuts"],"picked":"Malaise","floor":33.0},{"not_picked":["Quick Slash+1","Blade Dance"],"picked":"Footwork+1","floor":35.0},{"not_picked":["Skewer+1","Underhanded Strike+1"],"picked":"Infinite Blades+1","floor":36.0},{"not_picked":["Bane+1","Outmaneuver"],"picked":"Leg Sweep+1","floor":39.0}],"player_experience":1196278,"relics_obtained":[{"floor":7.0,"key":"Happy Flower"},{"floor":9.0,"key":"Molten Egg 2"},{"floor":13.0,"key":"Ornamental Fan"},{"floor":14.0,"key":"Matryoshka"},{"floor":24.0,"key":"Snake Skull"},{"floor":26.0,"key":"Oddly Smooth Stone"},{"floor":26.0,"key":"Dodecahedron"},{"floor":31.0,"key":"Blood Vial"}],"event_choices":[{"damage_healed":0.0,"max_hp_gain":5.0,"max_hp_loss":0.0,"gold_gain":0.0,"event_name":"Big Fish","player_choice":"Donut","floor":2.0,"gold_loss":0.0,"damage_taken":0.0},{"damage_healed":0.0,"max_hp_gain":0.0,"max_hp_loss":0.0,"gold_gain":75.0,"event_name":"World of Goop","player_choice":"Gather Gold","floor":3.0,"gold_loss":0.0,"damage_taken":11.0},{"damage_healed":0.0,"max_hp_gain":0.0,"max_hp_loss":0.0,"gold_gain":50.0,"event_name":"Nest","player_choice":"Stole From Cult","floor":19.0,"gold_loss":0.0,"damage_taken":0.0},{"damage_healed":0.0,"max_hp_gain":0.0,"max_hp_loss":0.0,"gold_gain":0.0,"cards_transformed":["Strike_G","Strike_G"],"event_name":"Drug Dealer","player_choice":"Became Test Subject","floor":20.0,"gold_loss":0.0,"damage_taken":0.0,"cards_obtained":["Poisoned Stab","Leg Sweep"]},{"damage_healed":0.0,"max_hp_gain":0.0,"max_hp_loss":4.0,"gold_gain":0.0,"event_name":"Winding Halls","player_choice":"Max HP","floor":37.0,"gold_loss":0.0,"damage_taken":0.0},{"cards_removed":["Poisoned Stab"],"damage_healed":0.0,"max_hp_gain":0.0,"max_hp_loss":0.0,"gold_gain":0.0,"event_name":"Falling","player_choice":"Removed Attack","floor":38.0,"gold_loss":0.0,"damage_taken":0.0}],"is_beta":true,"boss_relics":[{"not_picked":["Orrery","Tiny House"],"picked":"Cursed Key"},{"not_picked":["Coffee Dripper","Runic Pyramid","Calling Bell"]}],"items_purged_floors":[],"is_endless":false,"potions_floor_spawned":[1,7,16,18,24,27,39],"killed_by":"Reptomancer","ascension_level":20}