{"gold_per_floor":[211,211,211,224,243,243,253,253,253,284,239,239,257,277,277,382,382,399,399,399,449,465,465,484,484,484,509,67,27,27,46,46,46],"floor_reached":33,"playtime":2888,"items_purged":["Strike_R"],"score":282,"play_id":"f3f6f3aa-d3db-4d85-91ef-bff294f1c8c9","local_time":"20181016001454","is_ascension_mode":true,"campfire_choices":[{"data":"Armaments","floor":6.0,"key":"SMITH"},{"data":"Body Slam","floor":8.0,"key":"SMITH"},{"data":"Whirlwind","floor":12.0,"key":"SMITH"},{"data":"Entrench","floor":15.0,"key":"SMITH"},{"floor":23,"key":"REST"},{"data":"True Grit","floor":25,"key":"SMITH"},{"data":"Bash","floor":30,"key":"SMITH"},{"data":"Offering","floor":32,"key":"SMITH"}],"neow_cost":"NONE","seed_source_timestamp":0,"circlet_count":0,"master_deck":["Strike_R","Strike_R","Strike_R","Strike_R","Defend_R","Defend_R","Defend_R","Defend_R","Bash+1","Armaments+1","Twin Strike","Whirlwind+1","Body Slam+1","Heavy Blade","Searing Blow","Entrench+1","Offering+1","Shrug It Off+1","Dropkick+1","True Grit+1","Flex+1","True Grit+1","Spot Weakness+1"],"special_seed":0,"relics":["Burning Blood","Omamori","GremlinMask","Dodecahedron","Centennial Puzzle","Philosopher\u0027s Stone","Boot","Toxic Egg 2","Bag of Marbles","Ginger"],"potions_floor_usage":[33,33,33],"damage_taken":[{"damage":4.0,"enemies":"Jaw Worm","floor":1.0,"turns":6.0},{"damage":4.0,"enemies":"2 Louse","floor":4.0,"turns":3.0},{"damage":1.0,"enemies":"Cultist","floor":5.0,"turns":4.0},{"damage":2.0,"enemies":"3 Louse","floor":7.0,"turns":2.0},{"damage":23.0,"enemies":"Gremlin Nob","floor":10.0,"turns":4.0},{"damage":10.0,"enemies":"Red Slaver","floor":13.0,"turns":4.0},{"damage":6.0,"enemies":"2 Fungi Beasts","floor":14.0,"turns":2.0},{"damage":4.0,"enemies":"Slime Boss","floor":16.0,"turns":7.0},{"damage":41,"enemies":"Shell Parasite","floor":18,"turns":5},{"damage":23,"enemies":"Spheric Guardian","floor":22,"turns":4},{"damage":6,"enemies":"Chosen and Byrds","floor":24,"turns":3},{"damage":6,"enemies":"Cultist and Chosen","floor":31,"turns":4},{"damage":71,"enemies":"Collector","floor":33,"turns":7}],"seed_played":"2960726084855655938","potions_obtained":[{"floor":10.0,"key":"SteroidPotion"},{"floor":13.0,"key":"Swift Potion"},{"floor":29,"key":"AttackPotion"},{"floor":29,"key":"BloodPotion"},{"floor":29,"key":"Block Potion"}],"is_trial":false,"path_per_floor":["M","?","?","M","M","R","M","R","T","E","?","R","M","M","R","B",null,"M","?","?","?","M","R","M","R","T","T","$","?","R","M","R"],"character_chosen":"IRONCLAD","items_purchased":["Ginger","Flex+1","True Grit+1"],"campfire_rested":1,"item_purchase_floors":[28,28,28],"current_hp_per_floor":[80,68,68,70,75,75,79,79,79,62,62,62,58,58,58,60,80,45,45,45,45,28,52,52,52,52,52,52,52,52,52,52,0],"gold":46,"neow_bonus":"HUNDRED_GOLD","is_prod":false,"is_daily":false,"chose_seed":false,"campfire_upgraded":7,"win_rate":0,"timestamp":1539641694,"path_taken":["M","?","?","M","?","R","M","R","T","E","?","R","M","M","R","BOSS","M","?","?","?","?","R","M","R","T","?","$","?","R","M","R","BOSS"],"build_version":"2018-10-11","purchased_purges":1,"victory":false,"max_hp_per_floor":[80,80,80,80,80,80,80,80,80,80,80,80,80,80,80,80,80,80,80,80,80,80,80,80,80,80,80,80,80,80,80,80,80],"card_choices":[{"not_picked":["Havoc","Clash"],"picked":"Armaments","floor":1.0},{"not_picked":["Fire Breathing","Warcry"],"picked":"Twin Strike","floor":4.0},{"not_picked":["Pommel Strike","Carnage"],"picked":"Whirlwind","floor":5.0},{"not_picked":["Wild Strike","Anger"],"picked":"Body Slam","floor":7.0},{"not_picked":["Evolve","Berserk"],"picked":"Heavy Blade","floor":10.0},{"not_picked":["Reckless Charge","Seeing Red"],"picked":"Searing Blow","floor":13.0},{"not_picked":["Sentinel","Ghostly Armor"],"picked":"Entrench","floor":14.0},{"not_picked":["Immolate","Bludgeon"],"picked":"Offering","floor":16.0},{"not_picked":["Spot Weakness","Body Slam"],"picked":"Shrug It Off+1","floor":18},{"not_picked":["Fire Breathing","Rampage"],"picked":"Dropkick+1","floor":22},{"not_picked":["Bloodletting","Rampage"],"picked":"True Grit","floor":24},{"not_picked":["Pommel Strike","Ghostly Armor+1"],"picked":"Spot Weakness+1","floor":31}],"player_experience":268274,"relics_obtained":[{"floor":9.0,"key":"Dodecahedron"},{"floor":10.0,"key":"Centennial Puzzle"},{"floor":26,"key":"Toxic Egg 2"},{"floor":27,"key":"Bag of Marbles"}],"event_choices":[{"event_name":"Scrap Ooze","player_choice":"success","floor":2.0,"damage_taken":12.0},{"event_name":"FaceTrader","player_choice":"Trade","floor":3.0,"damage_taken":0.0},{"event_name":"World of Goop","player_choice":"Left","floor":11.0,"damage_taken":0.0},{"event_name":"WeMeetAgain","player_choice":"Potion","floor":19,"damage_taken":0},{"event_name":"Forgotten Altar","player_choice":"Smashed Altar","floor":20,"damage_taken":0},{"event_name":"The Joust","player_choice":"Bet on Murderer","floor":21,"damage_taken":0},{"event_name":"The Woman in Blue","player_choice":"Bought 3 Potions","floor":29,"damage_taken":0}],"is_beta":false,"boss_relics":[{"not_picked":["Astrolabe","Runic Cube"],"picked":"Philosopher\u0027s Stone"}],"items_purged_floors":[28],"is_endless":false,"potions_floor_spawned":[10,13,31],"killed_by":"Collector","ascension_level":3}