{"gold_per_floor":[119,119,119,69,69,69,94,94,121,196,230,76,106,6,6,101,101,114,39,52,52,52,77,77,104,141,153,165,211,237,265,277,385,397,422,434,464,20,33,58,58,73,73,86,86,111,122,122,122,122],"floor_reached":50,"playtime":3510,"items_purged":["Defend_R","Strike_R"],"score":766,"play_id":"a07e930b-76de-45a9-bd5f-12773e064181","local_time":"20190713154426","is_ascension_mode":true,"campfire_choices":[{"data":"Bash","floor":6.0,"key":"SMITH"},{"floor":8.0,"key":"REST"},{"floor":15.0,"key":"REST"},{"data":"Evolve","floor":24.0,"key":"SMITH"},{"data":"Defend_R","floor":27.0,"key":"SMITH"},{"data":"Heavy Blade","floor":32.0,"key":"SMITH"},{"data":"Heavy Blade","floor":41.0,"key":"SMITH"},{"data":"Searing Blow+1","floor":45.0,"key":"SMITH"},{"floor":49.0,"key":"RECALL"}],"neow_cost":"NONE","seed_source_timestamp":7249890987300,"circlet_count":0,"master_deck":["Strike_R+1","Defend_R+1","Defend_R+1","Bash+1","Evolve+1","Ghostly Armor+1","Rage+1","Flame Barrier+1","Shrug It Off+1","Body Slam+1","Feed+1","J.A.X.+1","Double Tap+1","Heavy Blade+1","Brutality","Searing Blow+2","Madness+1","Trip+1","Violence+1","Rupture","Heavy Blade+1","True Grit+1","Ghostly Armor+1","Cleave"],"special_seed":0,"relics":["Burning Blood","Happy Flower","Toxic Egg 2","Omamori","Juzu Bracelet","Lantern","Coffee Dripper","Whetstone","MawBank","Bottled Tornado","Sozu","Lee\u0027s Waffle","Bag of Preparation","Meat on the Bone","PreservedInsect"],"potions_floor_usage":[],"damage_taken":[{"damage":5.0,"enemies":"Small Slimes","floor":1.0,"turns":4.0},{"damage":52.0,"enemies":"Lagavulin","floor":7.0,"turns":7.0},{"damage":15.0,"enemies":"3 Sentries","floor":11.0,"turns":11.0},{"damage":14.0,"enemies":"Lagavulin","floor":13.0,"turns":12.0},{"damage":2.0,"enemies":"Slime Boss","floor":16.0,"turns":10.0},{"damage":4.0,"enemies":"Shell Parasite","floor":18.0,"turns":9.0},{"damage":10.0,"enemies":"2 Thieves","floor":20.0,"turns":5.0},{"damage":26.0,"enemies":"Book of Stabbing","floor":23.0,"turns":5.0},{"damage":12.0,"enemies":"Slavers","floor":25.0,"turns":6.0},{"damage":32.0,"enemies":"Gremlin Leader","floor":29.0,"turns":8.0},{"damage":14.0,"enemies":"Centurion and Healer","floor":30.0,"turns":4.0},{"damage":3.0,"enemies":"3 Cultists","floor":31.0,"turns":5.0},{"damage":21.0,"enemies":"Collector","floor":33.0,"turns":5.0},{"damage":47.0,"enemies":"3 Darklings","floor":35.0,"turns":4.0},{"damage":3.0,"enemies":"Orb Walker","floor":37.0,"turns":4.0},{"damage":31.0,"enemies":"Jaw Worm Horde","floor":39.0,"turns":4.0},{"damage":49.0,"enemies":"Giant Head","floor":40.0,"turns":6.0},{"damage":25.0,"enemies":"Writhing Mass","floor":42.0,"turns":5.0},{"damage":3.0,"enemies":"4 Shapes","floor":44.0,"turns":3.0},{"damage":32.0,"enemies":"Reptomancer","floor":46.0,"turns":6.0},{"damage":12.0,"enemies":"3 Darklings","floor":47.0,"turns":5.0},{"damage":49,"enemies":"Donu and Deca","floor":50,"turns":7}],"seed_played":"2241707168956290661","potions_obtained":[{"floor":7.0,"key":"Energy Potion"},{"floor":11.0,"key":"FearPotion"},{"floor":13.0,"key":"Strength Potion"},{"floor":16.0,"key":"Strength Potion"},{"floor":20.0,"key":"FearPotion"},{"floor":30.0,"key":"SkillPotion"}],"is_trial":false,"path_per_floor":["M","?","?","?","?","R","E","R","T","?","E","$","E","$","R","B",null,"M","?","M","?","?","E","R","E","T","R","?","E","M","M","R","B",null,"M","?","M","$","M","E","R","M","T","M","R","E","M","?","R","B"],"character_chosen":"IRONCLAD","items_purchased":["Flame Barrier+1","Shrug It Off+1","Body Slam","Lee\u0027s Waffle","Rupture","Heavy Blade","True Grit+1"],"campfire_rested":2,"item_purchase_floors":[12,14,14,38,38,38,38],"current_hp_per_floor":[80,73,73,73,57,57,11,35,35,24,15,15,7,7,31,35,80,83,83,82,82,65,45,45,43,43,43,74,52,44,51,51,36,103,66,56,63,118,93,54,54,35,35,54,54,44,50,50,50,1],"gold":122,"neow_bonus":"RANDOM_COMMON_RELIC","is_prod":false,"is_daily":false,"chose_seed":false,"campfire_upgraded":6,"win_rate":0,"timestamp":1563050666,"path_taken":["M","?","?","?","?","R","E","R","T","?","E","$","E","$","R","BOSS","M","?","M","?","?","E","R","E","T","R","?","E","M","M","R","BOSS","M","?","M","$","M","E","R","M","T","M","R","E","M","?","R","BOSS"],"build_version":"2019-07-05","purchased_purges":2,"victory":false,"max_hp_per_floor":[80,80,80,80,80,80,80,80,80,80,80,80,80,80,80,80,80,83,83,86,86,91,91,91,95,95,95,95,99,99,103,103,103,103,107,107,111,118,118,122,122,122,122,126,126,130,130,130,130,130],"card_choices":[{"not_picked":["Twin Strike","Shockwave"],"picked":"Evolve","floor":1.0},{"not_picked":["Intimidate","Combust"],"picked":"Ghostly Armor","floor":7.0},{"not_picked":["True Grit+1","Twin Strike"],"picked":"Rage+1","floor":11.0},{"not_picked":["Battle Trance+1","Intimidate+1","Clash"],"picked":"SKIP","floor":13.0},{"not_picked":["Bludgeon","Brutality"],"picked":"Feed","floor":16.0},{"not_picked":["Flex+1","Iron Wave+1","Intimidate+1"],"picked":"SKIP","floor":18.0},{"not_picked":["Bloodletting+1","Burning Pact+1","Fire Breathing"],"picked":"SKIP","floor":20.0},{"not_picked":["Inflame","Pummel"],"picked":"Double Tap+1","floor":23.0},{"not_picked":["Flex+1","Feel No Pain","Warcry+1"],"picked":"SKIP","floor":25.0},{"not_picked":["Flex+1","Battle Trance+1"],"picked":"Heavy Blade","floor":29.0},{"not_picked":["Thunderclap","True Grit+1","Clash"],"picked":"SKIP","floor":30.0},{"not_picked":["Anger","Clothesline","Armaments+1"],"picked":"SKIP","floor":31.0},{"not_picked":["Fiend Fire","Dark Embrace"],"picked":"Brutality","floor":33.0},{"not_picked":["Warcry+1","Infernal Blade+1"],"picked":"Searing Blow+1","floor":35.0},{"not_picked":["PanicButton+1","Jack Of All Trades+1"],"picked":"Madness+1","floor":36.0},{"not_picked":["Finesse+1","Madness+1"],"picked":"Trip+1","floor":36.0},{"not_picked":["The Bomb+1","Sadistic Nature"],"picked":"Violence+1","floor":36.0},{"not_picked":["Sentinel+1","Clash","Corruption+1"],"picked":"SKIP","floor":37.0},{"not_picked":["Rampage+1","Iron Wave","Havoc+1"],"picked":"SKIP","floor":39.0},{"not_picked":["Iron Wave+1","Reckless Charge","Demon Form"],"picked":"SKIP","floor":40.0},{"not_picked":["Perfected Strike","Pummel+1"],"picked":"Ghostly Armor+1","floor":42.0},{"not_picked":["Clothesline+1","Iron Wave+1"],"picked":"Cleave","floor":44.0},{"not_picked":["Heavy Blade+1","Perfected Strike","Bludgeon"],"picked":"SKIP","floor":46.0},{"not_picked":["Metallicize","Cleave","Thunderclap"],"picked":"SKIP","floor":47.0}],"player_experience":366350,"relics_obtained":[{"floor":7.0,"key":"Toxic Egg 2"},{"floor":9.0,"key":"Omamori"},{"floor":11.0,"key":"Juzu Bracelet"},{"floor":13.0,"key":"Lantern"},{"floor":23.0,"key":"Whetstone"},{"floor":25.0,"key":"MawBank"},{"floor":29.0,"key":"Bottled Tornado"},{"floor":40.0,"key":"Bag of Preparation"},{"floor":43.0,"key":"Meat on the Bone"},{"floor":46.0,"key":"PreservedInsect"}],"event_choices":[{"cards_removed":["Strike_R"],"damage_healed":0.0,"max_hp_gain":0.0,"max_hp_loss":0.0,"gold_gain":0.0,"event_name":"Golden Wing","player_choice":"Card Removal","floor":2.0,"gold_loss":0.0,"damage_taken":7.0},{"cards_removed":["Strike_R"],"damage_healed":0.0,"max_hp_gain":0.0,"max_hp_loss":0.0,"gold_gain":0.0,"event_name":"Living Wall","player_choice":"Forget","floor":3.0,"gold_loss":0.0,"damage_taken":0.0},{"cards_removed":["Strike_R"],"damage_healed":0.0,"max_hp_gain":0.0,"max_hp_loss":0.0,"gold_gain":0.0,"event_name":"The Cleric","player_choice":"Card Removal","floor":4.0,"gold_loss":50.0,"damage_taken":0.0},{"damage_healed":0.0,"max_hp_gain":0.0,"max_hp_loss":0.0,"gold_gain":0.0,"event_name":"Shining Light","player_choice":"Entered Light","floor":5.0,"gold_loss":0.0,"damage_taken":16.0,"cards_upgraded":["Defend_R","Strike_R"]},{"damage_healed":0.0,"max_hp_gain":0.0,"max_hp_loss":0.0,"gold_gain":75.0,"event_name":"World of Goop","player_choice":"Gather Gold","floor":10.0,"gold_loss":0.0,"damage_taken":11.0},{"cards_removed":["Defend_R"],"damage_healed":0.0,"max_hp_gain":0.0,"max_hp_loss":0.0,"gold_gain":0.0,"event_name":"Beggar","player_choice":"Gave Gold","floor":19.0,"gold_loss":75.0,"damage_taken":0.0},{"damage_healed":0.0,"max_hp_gain":0.0,"max_hp_loss":0.0,"gold_gain":0.0,"event_name":"Drug Dealer","player_choice":"Obtain J.A.X.","floor":21.0,"gold_loss":0.0,"damage_taken":0.0,"cards_obtained":["J.A.X."]},{"damage_healed":0.0,"max_hp_gain":5.0,"max_hp_loss":0.0,"gold_gain":0.0,"event_name":"Forgotten Altar","player_choice":"Shed Blood","floor":22.0,"gold_loss":0.0,"damage_taken":22.0},{"damage_healed":31.0,"max_hp_gain":0.0,"max_hp_loss":0.0,"gold_gain":0.0,"event_name":"The Library","player_choice":"Heal","floor":28.0,"gold_loss":0.0,"damage_taken":0.0},{"damage_healed":0.0,"max_hp_gain":0.0,"max_hp_loss":0.0,"gold_gain":0.0,"event_name":"SensoryStone","player_choice":"Memory 3","floor":36.0,"gold_loss":0.0,"damage_taken":10.0},{"damage_healed":0.0,"max_hp_gain":0.0,"max_hp_loss":0.0,"gold_gain":0.0,"event_name":"Lab","player_choice":"Got Potions","floor":48.0,"gold_loss":0.0,"damage_taken":0.0}],"is_beta":false,"boss_relics":[{"not_picked":["Lizard Tail","Orrery"],"picked":"Coffee Dripper"},{"not_picked":["Busted Crown","Black Star"],"picked":"Sozu"}],"items_purged_floors":[12,38],"is_endless":false,"potions_floor_spawned":[7,11,13,16,20,23,30,40,42,44],"killed_by":"Donu and Deca","ascension_level":4}