{"gold_per_floor":[111,111,126,141,141,141,171,182,182,199,50,65,80,100,100,197,197,217,236,65,80,98,98,127,146,146,146,175,175,191,191,191,290,290,302,64,82,92,104,104,104,123,123,123,34,68,81,96,96,96],"floor_reached":51,"playtime":5256,"items_purged":["Strike_G","Venomology"],"score":752,"play_id":"d80952f2-a23a-4b38-800d-96f8e5bc458b","local_time":"20180928185759","is_ascension_mode":false,"campfire_choices":[{"data":"Neutralize","floor":6,"key":"SMITH"},{"data":"Footwork","floor":15,"key":"SMITH"},{"floor":23,"key":"REST"},{"data":"Noxious Fumes","floor":29,"key":"SMITH"},{"floor":32,"key":"REST"},{"floor":40,"key":"REST"},{"floor":49,"key":"REST"}],"neow_cost":"NONE","seed_source_timestamp":1114055765481793,"circlet_count":0,"master_deck":["Defend_G","Defend_G","Defend_G","Defend_G","Defend_G","Strike_G","Strike_G","Strike_G","Strike_G","Survivor","Neutralize+1","Iron Wave","Infinite Blades","Skewer","Well Laid Plans","Leg Sweep","Footwork+1","Dodge and Roll","Corpse Explosion","Deflect","Noxious Fumes+1","Crippling Poison","Leg Sweep","Noxious Fumes","PiercingWail","Acrobatics","Backflip+1","Wraith Form v2","Escape Plan","Dagger Spray+1","PiercingWail","Expertise","Escape Plan","Madness+1","PiercingWail+1","Backstab","Crippling Poison+1","Adrenaline+1"],"relics":["Ring of the Snake","Gremlin Horn","Gambling Chip","Sozu","Mango","Meat on the Bone","Omamori","Vajra","Fusion Hammer","Bottled Flame","WarpedTongs","Toxic Egg 2","Potion Belt"],"potions_floor_usage":[7,10,16,16,24,42,46],"damage_taken":[{"damage":0,"enemies":"Small Slimes","floor":1,"turns":3},{"damage":0,"enemies":"Cultist","floor":3,"turns":5},{"damage":0,"enemies":"2 Louse","floor":4,"turns":3},{"damage":22,"enemies":"Gremlin Nob","floor":7,"turns":6},{"damage":0,"enemies":"Blue Slaver","floor":8,"turns":5},{"damage":0,"enemies":"Large Slime","floor":10,"turns":5},{"damage":3,"enemies":"Lots of Slimes","floor":12,"turns":6},{"damage":3,"enemies":"Gremlin Gang","floor":13,"turns":5},{"damage":8,"enemies":"Large Slime","floor":14,"turns":6},{"damage":19,"enemies":"The Guardian","floor":16,"turns":15},{"damage":5,"enemies":"3 Byrds","floor":18,"turns":3},{"damage":15,"enemies":"2 Thieves","floor":19,"turns":4},{"damage":7,"enemies":"Shelled Parasite and Fungi","floor":21,"turns":7},{"damage":18,"enemies":"Sentry and Sphere","floor":22,"turns":5},{"damage":6,"enemies":"Book of Stabbing","floor":24,"turns":7},{"damage":1,"enemies":"Chosen and Byrds","floor":25,"turns":7},{"damage":7,"enemies":"Gremlin Leader","floor":28,"turns":7},{"damage":5,"enemies":"Snake Plant","floor":30,"turns":6},{"damage":45,"enemies":"Collector","floor":33,"turns":10},{"damage":5,"enemies":"3 Darklings","floor":35,"turns":3},{"damage":1,"enemies":"3 Shapes","floor":37,"turns":4},{"damage":24,"enemies":"Sphere and 2 Shapes","floor":38,"turns":6},{"damage":0,"enemies":"3 Darklings","floor":39,"turns":3},{"damage":5,"enemies":"Maw","floor":42,"turns":9},{"damage":9,"enemies":"Nemesis","floor":46,"turns":11},{"damage":8,"enemies":"Reptomancer","floor":47,"turns":6},{"damage":5,"enemies":"Spire Growth","floor":48,"turns":6},{"damage":55,"enemies":"Awakened One","floor":50,"turns":20}],"seed_played":"4742471532027933908","potions_obtained":[{"floor":3,"key":"PowerPotion"},{"floor":8,"key":"AttackPotion"},{"floor":16,"key":"FearPotion"}],"is_trial":false,"path_per_floor":["M","?","M","M","?","R","E","M","T","M","$","M","M","M","R","B",null,"M","M","$","M","M","R","E","M","T","?","E","R","M","?","R","B",null,"M","$","M","M","M","R","?","M","T","?","$","E","M","M","R","B"],"character_chosen":"THE_SILENT","items_purchased":["Well Laid Plans","Crippling Poison","Bottled Flame","PiercingWail+1","Backstab"],"campfire_rested":4,"item_purchase_floors":[11,20,36,45,45],"current_hp_per_floor":[77,77,77,77,77,77,55,55,55,55,55,52,49,41,41,22,77,72,57,57,50,32,55,63,62,62,62,55,55,50,50,77,44,91,86,86,85,61,61,88,88,83,83,83,83,74,66,61,88,45],"gold":96,"neow_bonus":"TEN_PERCENT_HP_BONUS","is_prod":false,"is_daily":false,"chose_seed":false,"campfire_upgraded":3,"win_rate":0,"timestamp":1538175479,"path_taken":["M","?","M","M","?","R","E","M","T","M","$","M","?","M","R","BOSS","M","?","$","M","M","R","E","?","T","?","E","R","M","?","R","BOSS","M","?","?","M","?","R","?","?","T","?","?","E","?","M","R","BOSS"],"build_version":"2018-09-27","purchased_purges":2,"victory":true,"max_hp_per_floor":[77,77,77,77,77,77,77,77,77,77,77,77,77,77,77,77,77,77,77,77,77,77,77,91,91,91,91,91,91,91,91,91,91,91,91,91,91,91,91,91,91,91,91,91,91,91,91,91,91,91],"card_choices":[{"not_picked":["Choke","Deflect"],"picked":"Cloak And Dagger","floor":1},{"not_picked":["Predator","Dagger Throw"],"picked":"Infinite Blades","floor":3},{"not_picked":["Slice","Bouncing Flask","Flying Knee"],"picked":"SKIP","floor":4},{"not_picked":["Bane","Reflex"],"picked":"Venomology","floor":7},{"not_picked":["Acrobatics","Endless Agony"],"picked":"Skewer","floor":8},{"not_picked":["Bouncing Flask","Dagger Spray","Caltrops"],"picked":"SKIP","floor":10},{"not_picked":["Riddle With Holes","Blade Dance"],"picked":"Leg Sweep","floor":12},{"not_picked":["Phantasmal Killer","Poisoned Stab"],"picked":"Footwork","floor":13},{"not_picked":["Deflect","Outmaneuver"],"picked":"Dodge and Roll","floor":14},{"not_picked":["Die Die Die","Phantasmal Killer"],"picked":"Corpse Explosion","floor":16},{"not_picked":["Slice","Flying Knee"],"picked":"Deflect","floor":18},{"not_picked":["Quick Slash+1","Backflip"],"picked":"Noxious Fumes","floor":19},{"not_picked":["Infinite Blades+1","Terror"],"picked":"Leg Sweep","floor":21},{"not_picked":["Poisoned Stab+1","Heel Hook"],"picked":"Noxious Fumes","floor":22},{"not_picked":["Outmaneuver","Endless Agony","Venomology"],"picked":"SKIP","floor":24},{"not_picked":["Well Laid Plans","Blade Dance+1"],"picked":"PiercingWail","floor":25},{"not_picked":["Escape Plan","Blade Dance"],"picked":"Acrobatics","floor":28},{"not_picked":["All Out Attack","Acrobatics+1"],"picked":"Backflip+1","floor":30},{"not_picked":["Phantasmal Killer","After Image"],"picked":"Wraith Form v2","floor":33},{"not_picked":["Dagger Throw+1","Deflect+1"],"picked":"Escape Plan","floor":35},{"not_picked":["Flechettes","Sucker Punch+1"],"picked":"Dagger Spray+1","floor":37},{"not_picked":["Tactician+1","Concentrate"],"picked":"PiercingWail","floor":38},{"not_picked":["Calculated Gamble+1","Deflect"],"picked":"Expertise","floor":39},{"not_picked":["Deadly Poison","Well Laid Plans"],"picked":"Escape Plan","floor":42},{"not_picked":["Flash of Steel","Panacea+1"],"picked":"Madness+1","floor":44},{"not_picked":["Tactician+1","Well Laid Plans+1"],"picked":"Crippling Poison+1","floor":46},{"not_picked":["Acrobatics+1","Deflect+1"],"picked":"Adrenaline+1","floor":47},{"not_picked":["Slice","Prepared+1","Eviscerate"],"picked":"SKIP","floor":48}],"player_experience":353086,"relics_obtained":[{"floor":7,"key":"Gremlin Horn"},{"floor":9,"key":"Gambling Chip"},{"floor":24,"key":"Mango"},{"floor":26,"key":"Meat on the Bone"},{"floor":28,"key":"Vajra"},{"floor":43,"key":"Toxic Egg 2"},{"floor":46,"key":"Potion Belt"}],"event_choices":[{"event_name":"NoteForYourself","player_choice":"Took Card","floor":2,"damage_taken":0},{"event_name":"Liars Game","player_choice":"disagreed","floor":5,"damage_taken":0},{"event_name":"The Mausoleum","player_choice":"Yes","floor":27,"damage_taken":0},{"event_name":"Ghosts","player_choice":"Ignored","floor":31,"damage_taken":0},{"event_name":"Accursed Blacksmith","player_choice":"Rummage","floor":41,"damage_taken":0},{"event_name":"SensoryStone","player_choice":"Memory 1","floor":44,"damage_taken":0}],"is_beta":true,"boss_relics":[{"not_picked":["Pandora\u0027s Box","White Beast Statue"],"picked":"Sozu"},{"not_picked":["Snecko Eye","Black Star"],"picked":"Fusion Hammer"}],"items_purged_floors":[11,20],"is_endless":false,"potions_floor_spawned":[3,8,12,16,18,21,25,35,37,38,47,48],"ascension_level":0}