{"path_per_floor":["M","?","$","?","M","R","$","?","T","R","M","E","M","M","R","B",null,"M","M","T","M","$"],"character_chosen":"THE_SILENT","items_purchased":["Well Laid Plans","Slice","Regen Potion","Poison Potion","Blind"],"gold_per_floor":[116,116,31,31,42,42,42,70,70,70,84,115,125,140,140,240,240,240,240,240,240,48],"floor_reached":23,"campfire_rested":2,"playtime":4514,"current_hp_per_floor":[69,69,69,69,69,69,69,48,48,69,69,30,27,27,48,10,70,41,36,36,12,12],"items_purged":[],"gold":48,"score":191,"play_id":"b2a3514b-07d0-4c81-a84a-5aa33628ae37","is_prod":false,"is_daily":false,"is_ascension_mode":false,"campfire_upgraded":1,"path_taken":["M","?","$","?","M","R","$","?","T","R","M","E","?","M","R","BOSS","M","M","?","M","$","E"],"build_version":"2018-02-15-PROD1","purchased_purges":0,"victory":false,"master_deck":["Defend_G","Defend_G","Defend_G","Defend_G","Defend_G","Strike_G","Strike_G","Strike_G","Strike_G","Strike_G","Survivor","Neutralize","Acrobatics+1","Well Laid Plans+1","Slice","Dagger Throw","Outmaneuver","Leg Sweep","Finisher","Backstab","Sucker Punch","Phantasmal Killer","PiercingWail","Blade Dance+1","Footwork","Blind"],"max_hp_per_floor":[70,70,70,70,70,70,70,70,70,70,70,70,70,70,70,70,70,70,70,70,70,70],"relics":["Ring of the Snake","Odd Mushroom","Calipers","Bottled Lightning","Ectoplasm","Dodecahedron"],"card_choices":[{"not_picked":["Escape Plan","Outmaneuver"],"picked":"Acrobatics"},{"not_picked":["Deflect","Envenom"],"picked":"Dagger Throw"},{"not_picked":["Sucker Punch","Acrobatics"],"picked":"Outmaneuver"},{"not_picked":["Backflip","Prepared"],"picked":"Leg Sweep"},{"not_picked":["PiercingWail","Caltrops"],"picked":"Finisher"},{"not_picked":["Backflip","Wraith Form"],"picked":"Backstab"},{"not_picked":["Backflip","Bouncing Flask"],"picked":"Sucker Punch"},{"not_picked":["Unload","Adrenaline"],"picked":"Phantasmal Killer"},{"not_picked":["Deflect","Sucker Punch"],"picked":"PiercingWail"},{"not_picked":["Backflip","Noxious Fumes"],"picked":"Blade Dance"},{"not_picked":["Deflect","Dagger Spray"],"picked":"Footwork"}],"player_experience":6695,"potions_floor_usage":[16,16,16,23,23],"damage_taken":[{"damage":1,"enemies":"Cultist","floor":1,"turns":5},{"damage":0,"enemies":"Jaw Worm","floor":5,"turns":4},{"damage":21,"enemies":"The Mushroom Lair","floor":8,"turns":6},{"damage":0,"enemies":"Small Slimes","floor":11,"turns":3},{"damage":39,"enemies":"Gremlin Nob","floor":12,"turns":6},{"damage":3,"enemies":"3 Louse","floor":13,"turns":3},{"damage":0,"enemies":"Looter","floor":14,"turns":3},{"damage":38,"enemies":"Hexaghost","floor":16,"turns":16},{"damage":29,"enemies":"3 Byrds","floor":18,"turns":9},{"damage":5,"enemies":"Chosen","floor":19,"turns":4},{"damage":24,"enemies":"3 Cultists","floor":21,"turns":8},{"damage":23,"enemies":"Book of Stabbing","floor":23,"turns":3}],"event_choices":[{"event_name":"Living Wall","player_choice":"Grow","floor":2,"damage_taken":0},{"event_name":"Golden Wing","player_choice":"Ignored","floor":4,"damage_taken":0},{"event_name":"Mushrooms","player_choice":"Fought Mushrooms","floor":8,"damage_taken":0}],"boss_relics":[{"not_picked":["Black Star","Calling Bell"],"picked":"Ectoplasm"}],"potions_floor_spawned":[1,11,13,14,19],"seed_played":"2705689540176470749","killed_by":"Book of Stabbing","ascension_level":0,"is_trial":false}