{"gold_per_floor":[118,56,71,83,98,98,98,112,112,146,146,157,157,176,176,276,276,263,263,263,39,0,0,31,51,51,67,80,80,97,109,109,208,208,225,225,49,62,81,94,94,394,394,394,407,434,434,446,446,446],"floor_reached":50,"playtime":4845,"items_purged":["Strike_R+1","Strike_R+1"],"score":599,"play_id":"af72bbc8-ed48-44fc-8e10-fcbd59024477","local_time":"20180830014443","is_ascension_mode":true,"campfire_choices":[{"data":"Limit Break","floor":6,"key":"SMITH"},{"data":"Bash","floor":11,"key":"SMITH"},{"data":"Whirlwind","floor":13,"key":"SMITH"},{"data":"Body Slam","floor":15,"key":"SMITH"},{"data":"Heavy Blade","floor":23,"key":"SMITH"},{"data":"Flex","floor":29,"key":"SMITH"},{"data":"Pommel Strike","floor":32,"key":"SMITH"},{"data":"Flex","floor":41,"key":"SMITH"},{"data":"Shrug It Off","floor":47,"key":"SMITH"},{"floor":49,"key":"REST"}],"neow_cost":"NONE","seed_source_timestamp":1258142482270313,"circlet_count":0,"master_deck":["Strike_R+1","Strike_R+1","Strike_R+1","Defend_R+1","Defend_R+1","Defend_R+1","Defend_R+1","Bash+1","Limit Break+1","Headbutt","Shrug It Off+1","Warcry","Whirlwind+1","Body Slam+1","Heavy Blade+1","Iron Wave+1","Flex+1","Pommel Strike+1","Flex+1","Heavy Blade+1","Pain"],"relics":["Burning Blood","Bag of Preparation","Mummified Hand","Letter Opener","Mark of Pain","MutagenicStrength","Vajra","Singing Bowl","Meat on the Bone","Cursed Key","Mercury Hourglass","Bronze Scales"],"potions_floor_usage":[10,14,16,16,31,33,39,46,50,50],"damage_taken":[{"damage":6,"enemies":"Jaw Worm","floor":1,"turns":5},{"damage":6,"enemies":"Cultist","floor":3,"turns":3},{"damage":6,"enemies":"Small Slimes","floor":4,"turns":4},{"damage":10,"enemies":"Blue Slaver","floor":5,"turns":6},{"damage":10,"enemies":"Red Slaver","floor":8,"turns":5},{"damage":23,"enemies":"Lagavulin","floor":10,"turns":5},{"damage":10,"enemies":"Exordium Wildlife","floor":12,"turns":4},{"damage":0,"enemies":"Gremlin Gang","floor":14,"turns":2},{"damage":76,"enemies":"The Guardian","floor":16,"turns":13},{"damage":24,"enemies":"2 Thieves","floor":18,"turns":4},{"damage":25,"enemies":"Slavers","floor":24,"turns":5},{"damage":0,"enemies":"Spheric Guardian","floor":25,"turns":1},{"damage":16,"enemies":"Shelled Parasite and Fungi","floor":27,"turns":3},{"damage":15,"enemies":"Snake Plant","floor":28,"turns":3},{"damage":0,"enemies":"Snecko","floor":30,"turns":2},{"damage":3,"enemies":"Chosen and Byrds","floor":31,"turns":3},{"damage":54,"enemies":"Automaton","floor":33,"turns":8},{"damage":7,"enemies":"3 Darklings","floor":35,"turns":3},{"damage":0,"enemies":"Orb Walker","floor":38,"turns":2},{"damage":25,"enemies":"Maw","floor":39,"turns":3},{"damage":7,"enemies":"Sphere and 2 Shapes","floor":40,"turns":2},{"damage":8,"enemies":"Transient","floor":45,"turns":5},{"damage":16,"enemies":"Nemesis","floor":46,"turns":5},{"damage":0,"enemies":"3 Darklings","floor":48,"turns":1},{"damage":115,"enemies":"Donu and Deca","floor":50,"turns":9}],"seed_played":"-9165031824858431548","potions_obtained":[{"floor":1,"key":"SteroidPotion"},{"floor":3,"key":"BloodPotion"},{"floor":5,"key":"Explosive Potion"},{"floor":14,"key":"FearPotion"},{"floor":28,"key":"Regen Potion"},{"floor":31,"key":"Fruit Juice"},{"floor":33,"key":"Dexterity Potion"},{"floor":45,"key":"Weak Potion"},{"floor":48,"key":"PowerPotion"}],"is_trial":false,"path_per_floor":["M","?","M","M","M","R","?","M","T","E","R","M","R","M","R","B",null,"M","?","?","$","?","R","E","M","T","M","M","R","M","M","R","B",null,"M","?","$","M","M","M","R","?","T","?","M","E","R","M","R"],"character_chosen":"IRONCLAD","items_purchased":["Vajra","Ancient Potion"],"campfire_rested":1,"item_purchase_floors":[21,37],"current_hp_per_floor":[88,88,88,88,84,84,88,84,84,67,67,63,63,69,69,7,88,70,70,70,70,70,70,51,57,57,61,54,54,60,70,70,51,101,100,100,100,101,84,85,85,85,85,85,85,77,77,85,111,0],"gold":446,"neow_bonus":"TEN_PERCENT_HP_BONUS","is_prod":false,"is_daily":false,"chose_seed":false,"campfire_upgraded":9,"win_rate":0,"timestamp":1535586283,"path_taken":["M","?","M","M","M","R","?","?","T","E","R","M","R","M","R","BOSS","M","?","?","$","?","R","E","?","T","M","?","R","M","M","R","BOSS","M","?","$","M","M","M","R","?","T","?","?","E","R","M","R","BOSS"],"build_version":"2018-08-23v2","purchased_purges":2,"victory":false,"max_hp_per_floor":[88,88,88,88,88,88,88,88,88,88,88,88,88,88,88,88,88,88,88,88,88,88,88,88,88,88,90,92,92,92,99,99,101,101,101,101,101,101,103,105,105,105,105,105,107,109,109,111,111,111],"card_choices":[{"not_picked":["Pummel","Clothesline","Sever Soul"],"picked":"SKIP","floor":1},{"not_picked":["Thunderclap","Clothesline","Anger"],"picked":"SKIP","floor":3},{"not_picked":["Iron Wave","Battle Trance"],"picked":"Limit Break","floor":4},{"not_picked":["Carnage","Rage"],"picked":"Headbutt","floor":5},{"not_picked":["Flex","Double Tap"],"picked":"Shrug It Off","floor":8},{"not_picked":["Havoc","Clash"],"picked":"Warcry","floor":10},{"not_picked":["Warcry","Cleave"],"picked":"Whirlwind","floor":12},{"not_picked":["Dual Wield","Metallicize"],"picked":"Body Slam","floor":14},{"not_picked":["Combust+1","Twin Strike"],"picked":"Heavy Blade","floor":18},{"not_picked":["Anger","Body Slam"],"picked":"Iron Wave+1","floor":24},{"not_picked":["Ghostly Armor+1","Shrug It Off"],"picked":"Flex","floor":25},{"not_picked":["Dropkick","Pummel","Cleave"],"picked":"Singing Bowl","floor":27},{"not_picked":["Havoc","Clothesline","Armaments"],"picked":"Singing Bowl","floor":28},{"not_picked":["Evolve","Shrug It Off+1"],"picked":"Pommel Strike","floor":30},{"not_picked":["Impervious","Ghostly Armor+1","Pummel+1"],"picked":"Singing Bowl","floor":31},{"not_picked":["Exhume","Impervious","Dark Embrace"],"picked":"Singing Bowl","floor":33},{"not_picked":["Havoc+1","Warcry"],"picked":"Flex","floor":35},{"not_picked":["Cleave","Rampage+1"],"picked":"Heavy Blade+1","floor":38},{"not_picked":["Thunderclap+1","Anger+1","Metallicize"],"picked":"Singing Bowl","floor":39},{"not_picked":["Headbutt+1","Clothesline+1","Havoc+1"],"picked":"Singing Bowl","floor":40},{"not_picked":["Body Slam","Bloodletting+1","Seeing Red+1"],"picked":"Singing Bowl","floor":45},{"not_picked":["Iron Wave+1","Feel No Pain","Cleave"],"picked":"Singing Bowl","floor":46},{"not_picked":["Anger","Bloodletting","Carnage+1"],"picked":"Singing Bowl","floor":48}],"player_experience":237463,"relics_obtained":[{"floor":9,"key":"Mummified Hand"},{"floor":10,"key":"Letter Opener"},{"floor":24,"key":"Singing Bowl"},{"floor":26,"key":"Meat on the Bone"},{"floor":43,"key":"Mercury Hourglass"},{"floor":46,"key":"Bronze Scales"}],"event_choices":[{"event_name":"WeMeetAgain","player_choice":"Gold","floor":2,"damage_taken":0},{"event_name":"Wheel of Change","player_choice":"Full Heal","floor":7,"damage_taken":0},{"event_name":"Back to Basics","player_choice":"Simplicity","floor":19,"damage_taken":0},{"event_name":"Drug Dealer","player_choice":"Inject Mutagens","floor":20,"damage_taken":0},{"event_name":"Masked Bandits","player_choice":"Paid Fearfully","floor":22,"damage_taken":0},{"event_name":"Tomb of Lord Red Mask","player_choice":"Ignored","floor":36,"damage_taken":0},{"event_name":"Wheel of Change","player_choice":"Gold","floor":42,"damage_taken":0},{"event_name":"Mysterious Sphere","player_choice":"Ignore","floor":44,"damage_taken":0}],"is_beta":false,"boss_relics":[{"not_picked":["Lizard Tail","Tiny House"],"picked":"Mark of Pain"},{"not_picked":["Runic Cube","Black Star"],"picked":"Cursed Key"}],"items_purged_floors":[21,37],"is_endless":false,"potions_floor_spawned":[1,3,5,8,14,28,31,33,45,48],"killed_by":"Donu and Deca","ascension_level":1}