{"gold_per_floor":[112,112,30,48,61,61,86,86,86,86,103,114,114,128,128,204,204,215,215,235,266,266,266,266],"floor_reached":24,"playtime":571,"items_purged":[],"score":392,"play_id":"4ca6f58e-fac3-4d0d-8e4a-08ee8f42192e","local_time":"20190124183156","is_ascension_mode":true,"campfire_choices":[{"data":"Sunder","floor":6.0,"key":"SMITH"},{"data":"Dualcast","floor":8.0,"key":"SMITH"},{"data":"Coolheaded","floor":13.0,"key":"SMITH"},{"data":"Zap","floor":15.0,"key":"SMITH"},{"data":"Echo Form","floor":23.0,"key":"SMITH"}],"neow_cost":"NONE","seed_source_timestamp":167876102305472,"circlet_count":0,"master_deck":["AscendersBane","Strike_B+1","Strike_B+1","Strike_B+1","Strike_B+1","Defend_B+1","Defend_B+1","Defend_B+1","Defend_B+1","Zap+1","Dualcast+1","Sunder+1","Coolheaded+1","Gash","Steam","Leap","Rebound","BootSequence","Electrodynamics","Echo Form+1","Streamline+1","Decay","Stack","Compile Driver+1"],"special_seed":0,"relics":["Coffee Dripper","Question Card","Lantern","Snecko Eye","Red Mask"],"potions_floor_usage":[],"damage_taken":[{"damage":7.0,"enemies":"Small Slimes","floor":1.0,"turns":3.0},{"damage":0.0,"enemies":"2 Louse","floor":4.0,"turns":2.0},{"damage":0.0,"enemies":"Cultist","floor":5.0,"turns":2.0},{"damage":19.0,"enemies":"Lagavulin","floor":7.0,"turns":6.0},{"damage":1.0,"enemies":"Blue Slaver","floor":11.0,"turns":4.0},{"damage":21.0,"enemies":"Large Slime","floor":12.0,"turns":5.0},{"damage":0.0,"enemies":"Looter","floor":14.0,"turns":2.0},{"damage":24.0,"enemies":"Slime Boss","floor":16.0,"turns":6.0},{"damage":27.0,"enemies":"Shell Parasite","floor":18.0,"turns":5.0},{"damage":1.0,"enemies":"2 Thieves","floor":20.0,"turns":2.0},{"damage":2.0,"enemies":"Masked Bandits","floor":21.0,"turns":2.0},{"damage":35,"enemies":"Gremlin Leader","floor":24,"turns":3}],"seed_played":"-8312647677310249901","potions_obtained":[{"floor":1.0,"key":"FearPotion"},{"floor":7.0,"key":"PowerPotion"},{"floor":10.0,"key":"Regen Potion"},{"floor":16.0,"key":"PowerPotion"},{"floor":18.0,"key":"FocusPotion"},{"floor":20.0,"key":"Block Potion"}],"is_trial":false,"path_per_floor":["?","?","M","?","?","?"],"character_chosen":"DEFECT","items_purchased":["Coolheaded","Gash"],"campfire_rested":0,"item_purchase_floors":[3,3],"current_hp_per_floor":[57,62,62,62,62,62,43,43,43,43,42,21,21,21,21,11,60,33,33,32,30,30,30,0],"gold":266,"neow_bonus":"BOSS_RELIC","is_prod":false,"is_daily":false,"chose_seed":false,"campfire_upgraded":5,"win_rate":0,"timestamp":1548383516,"path_taken":["M","?","$","M","M","R","E","R","T","?","M","?","R","M","R","BOSS","M","?","M","?","?","R","E"],"build_version":"2019-01-22","purchased_purges":0,"victory":false,"max_hp_per_floor":[71,76,76,76,76,76,76,76,76,76,76,76,76,76,76,76,76,76,76,76,76,76,76,76],"card_choices":[{"not_picked":["Capacitor","Turbo"],"picked":"Sunder","floor":1.0},{"not_picked":["Rebound","Heatsinks"],"picked":"Steam","floor":5.0},{"not_picked":["Redo","Loop"],"picked":"Leap","floor":7.0},{"not_picked":["Barrage","Redo","FTL"],"picked":"Rebound","floor":11.0},{"not_picked":["Redo","Scrape","Genetic Algorithm"],"picked":"BootSequence","floor":12.0},{"not_picked":["Sweeping Beam","Ball Lightning","Cold Snap"],"picked":"Electrodynamics","floor":14.0},{"not_picked":["Electrodynamics","All For One","Creative AI"],"picked":"Echo Form","floor":16.0},{"not_picked":["Rebound","BootSequence","Blizzard+1"],"picked":"Streamline+1","floor":18.0},{"not_picked":["Sweeping Beam","Blizzard","Leap"],"picked":"Stack","floor":20.0},{"not_picked":["Beam Cell","Gash","Barrage"],"picked":"Compile Driver+1","floor":21.0}],"player_experience":1045392,"relics_obtained":[{"floor":7.0,"key":"Question Card"},{"floor":9.0,"key":"Lantern"},{"floor":21.0,"key":"Red Mask"}],"event_choices":[{"damage_healed":0.0,"max_hp_gain":5.0,"max_hp_loss":0.0,"gold_gain":0.0,"event_name":"Big Fish","player_choice":"Donut","floor":2.0,"gold_loss":0.0,"damage_taken":0.0},{"damage_healed":0.0,"max_hp_gain":0.0,"max_hp_loss":0.0,"gold_gain":0.0,"event_name":"Lab","player_choice":"Got Potions","floor":10.0,"gold_loss":0.0,"damage_taken":0.0},{"damage_healed":0.0,"max_hp_gain":0.0,"max_hp_loss":0.0,"gold_gain":0.0,"event_name":"Forgotten Altar","player_choice":"Smashed Altar","floor":19.0,"gold_loss":0.0,"damage_taken":0.0,"cards_obtained":["Decay"]},{"damage_healed":0.0,"max_hp_gain":0.0,"max_hp_loss":0.0,"gold_gain":0.0,"event_name":"Masked Bandits","player_choice":"Fought Bandits","floor":21.0,"gold_loss":0.0,"damage_taken":0.0},{"damage_healed":0.0,"max_hp_gain":0.0,"max_hp_loss":0.0,"gold_gain":0.0,"event_name":"Back to Basics","player_choice":"Simplicity","floor":22.0,"gold_loss":0.0,"damage_taken":0.0,"cards_upgraded":["Strike_B","Strike_B","Strike_B","Strike_B","Defend_B","Defend_B","Defend_B","Defend_B"]}],"is_beta":true,"boss_relics":[{"not_picked":["Runic Dome","Empty Cage"],"picked":"Snecko Eye"}],"items_purged_floors":[],"is_endless":false,"potions_floor_spawned":[1,7,12,14,16,18,20],"killed_by":"Gremlin Leader","ascension_level":20}