{"gold_per_floor":[12,32,49,49,14,14,24,55,80,80,90,55,55,6,6,101,101,119,119,108,108,120,120,146,166,166,166,184,4,4,4,4,104,104,116,116,130,150,164,164,191,191,261,288,288],"floor_reached":45,"playtime":3416,"items_purged":["Doubt"],"score":569,"play_id":"fda91616-aeec-4080-b577-b47b7f57acea","local_time":"20180707175158","is_ascension_mode":true,"campfire_choices":[{"data":"Neutralize","floor":6,"key":"SMITH"},{"data":"Catalyst","floor":10,"key":"SMITH"},{"data":"Leg Sweep","floor":13,"key":"SMITH"},{"data":"Noxious Fumes","floor":15,"key":"SMITH"},{"data":"Bane","floor":23,"key":"SMITH"},{"floor":27,"key":"REST"},{"data":"Bane","floor":30,"key":"SMITH"},{"floor":32,"key":"REST"},{"floor":42,"key":"REST"}],"neow_cost":"NO_GOLD","seed_source_timestamp":2058761396187437,"circlet_count":0,"master_deck":["Defend_G","Defend_G","Defend_G","Defend_G","Defend_G","Strike_G","Strike_G+1","Strike_G","Strike_G","Strike_G+1","Survivor","Neutralize+1","Noxious Fumes+1","Deflect","Catalyst+1","Noxious Fumes+1","Leg Sweep+1","Acrobatics","Noxious Fumes","Burst","Malaise+1","Bane+1","Cloak And Dagger","PiercingWail","Bane+1","Dagger Spray+1","Crippling Poison","Catalyst","Night Terror","Clumsy","Bullet Time"],"relics":["Ring of the Snake","Whetstone","Pen Nib","Cursed Key","Bag of Preparation","Molten Egg 2","Sozu","Orichalcum","Meat on the Bone","Omamori"],"potions_floor_usage":[7,16,16,16,22,33,37],"damage_taken":[{"damage":1,"enemies":"Cultist","floor":1,"turns":5},{"damage":0,"enemies":"2 Louse","floor":2,"turns":3},{"damage":0,"enemies":"Jaw Worm","floor":3,"turns":5},{"damage":9,"enemies":"Exordium Thugs","floor":7,"turns":4},{"damage":31,"enemies":"Gremlin Nob","floor":8,"turns":6},{"damage":0,"enemies":"Exordium Wildlife","floor":11,"turns":5},{"damage":11,"enemies":"Hexaghost","floor":16,"turns":7},{"damage":7,"enemies":"Spheric Guardian","floor":18,"turns":5},{"damage":18,"enemies":"2 Thieves","floor":20,"turns":4},{"damage":7,"enemies":"3 Cultists","floor":22,"turns":5},{"damage":21,"enemies":"Slavers","floor":24,"turns":5},{"damage":9,"enemies":"Snecko","floor":25,"turns":5},{"damage":0,"enemies":"Snake Plant","floor":28,"turns":6},{"damage":10,"enemies":"Champ","floor":33,"turns":12},{"damage":22,"enemies":"Orb Walker","floor":35,"turns":5},{"damage":2,"enemies":"Flame Bruiser 1 Orb","floor":37,"turns":7},{"damage":0,"enemies":"4 Shapes","floor":38,"turns":4},{"damage":0,"enemies":"3 Darklings","floor":39,"turns":4},{"damage":69,"enemies":"2 Orb Walkers","floor":41,"turns":7},{"damage":46,"enemies":"Giant Head","floor":44,"turns":8},{"damage":20,"enemies":"Spire Growth","floor":45,"turns":3}],"seed_played":"-3118033489410134798","potions_obtained":[{"floor":1,"key":"Weak Potion"},{"floor":3,"key":"PowerPotion"},{"floor":7,"key":"SneckoOil"},{"floor":11,"key":"Regen Potion"},{"floor":20,"key":"Regen Potion"},{"floor":24,"key":"Explosive Potion"},{"floor":25,"key":"EssenceOfSteel"}],"is_trial":false,"path_per_floor":["M","M","M","?","$","R","M","E","T","R","M","?","R","$","R","B",null,"M","?","M","?","M","R","E","M","T","R","M","$","R","?","R","B",null,"M","?","M","M","M","?","E","R","T","E"],"character_chosen":"THE_SILENT","items_purchased":["Noxious Fumes","AttackPotion","Dagger Spray+1","Crippling Poison"],"campfire_rested":3,"item_purchase_floors":[5,14,29,29],"current_hp_per_floor":[83,83,83,83,83,83,74,43,43,43,43,64,64,64,64,68,84,77,77,59,59,66,66,45,36,36,61,61,61,61,61,84,74,84,62,94,92,92,92,92,23,51,51,17,0],"gold":288,"neow_bonus":"TWENTY_PERCENT_HP_BONUS","is_prod":false,"is_daily":false,"chose_seed":false,"campfire_upgraded":6,"win_rate":0,"timestamp":1531000318,"path_taken":["M","?","M","?","?","R","M","E","T","R","?","?","R","$","R","BOSS","M","?","M","?","?","R","E","M","T","R","M","$","R","?","R","BOSS","M","?","M","M","?","?","E","R","T","E","M"],"build_version":"2018-07-05","purchased_purges":1,"victory":false,"max_hp_per_floor":[84,84,84,84,84,84,84,84,84,84,84,84,84,84,84,84,84,84,84,84,84,84,84,84,84,84,84,84,84,84,84,84,84,84,84,94,94,94,94,94,94,94,94,94,94],"card_choices":[{"not_picked":["Sucker Punch","Expertise"],"picked":"Noxious Fumes","floor":1},{"not_picked":["Quick Slash","Deadly Poison"],"picked":"Deflect","floor":2},{"not_picked":["Dagger Throw","Adrenaline"],"picked":"Catalyst","floor":3},{"not_picked":["Dagger Throw","Endless Agony"],"picked":"Leg Sweep","floor":7},{"not_picked":["Choke","All Out Attack"],"picked":"Acrobatics","floor":8},{"not_picked":["Dagger Throw","Quick Slash"],"picked":"Noxious Fumes","floor":11},{"not_picked":["Phantasmal Killer","Adrenaline"],"picked":"Burst","floor":16},{"not_picked":["Dagger Throw","Outmaneuver"],"picked":"Malaise","floor":18},{"not_picked":["Prepared","Flying Knee+1"],"picked":"Bane","floor":20},{"not_picked":["Caltrops+1","Accuracy"],"picked":"Cloak And Dagger","floor":22},{"not_picked":["A Thousand Cuts","Prepared+1"],"picked":"PiercingWail","floor":24},{"not_picked":["Accuracy","Reflex"],"picked":"Bane","floor":25},{"not_picked":["Deadly Poison","Prepared","Dagger Throw+1"],"picked":"SKIP","floor":28},{"not_picked":["Burst","Phantasmal Killer"],"picked":"Bullet Time","floor":33},{"not_picked":["Prepared+1","Dodge and Roll","Dagger Throw+1"],"picked":"SKIP","floor":35},{"not_picked":["Quick Slash+1","Slice+1","Sucker Punch+1"],"picked":"SKIP","floor":37},{"not_picked":["Outmaneuver+1","Flying Knee+1","Dagger Throw+1"],"picked":"SKIP","floor":38},{"not_picked":["Noxious Fumes+1","Deflect+1"],"picked":"Catalyst","floor":39},{"not_picked":["Poisoned Stab+1","Bullet Time"],"picked":"Night Terror","floor":41},{"not_picked":["Deflect","Prepared"],"picked":"Bullet Time","floor":44}],"player_experience":221678,"relics_obtained":[{"floor":8,"key":"Whetstone"},{"floor":9,"key":"Pen Nib"},{"floor":24,"key":"Bag of Preparation"},{"floor":26,"key":"Molten Egg 2"},{"floor":41,"key":"Orichalcum"},{"floor":43,"key":"Meat on the Bone"},{"floor":44,"key":"Omamori"}],"event_choices":[{"event_name":"Living Wall","player_choice":"Grow","floor":4,"damage_taken":0},{"event_name":"The Cleric","player_choice":"Healed","floor":12,"damage_taken":0},{"event_name":"Drug Dealer","player_choice":"Ignored","floor":19,"damage_taken":0},{"event_name":"Accursed Blacksmith","player_choice":"Forge","floor":21,"damage_taken":0},{"event_name":"Forgotten Altar","player_choice":"Smashed Altar","floor":31,"damage_taken":0},{"event_name":"Bonfire Elementals","player_choice":"RARE","floor":36,"damage_taken":0},{"event_name":"Fountain of Cleansing","player_choice":"Removed Curse","floor":40,"damage_taken":0}],"boss_relics":[{"not_picked":["Coffee Dripper","Pandora\u0027s Box"],"picked":"Cursed Key"},{"not_picked":["Velvet Choker","Philosopher\u0027s Stone"],"picked":"Sozu"}],"items_purged_floors":[29],"is_endless":false,"potions_floor_spawned":[1,3,7,11,20,24,25,35,39,44],"killed_by":"Spire Growth","ascension_level":1}