{"gold_per_floor":[118,193,193,39,58,87,87,87,87,152,152,152,177,190,190,190],"floor_reached":16,"playtime":216,"items_purged":["Strike_G"],"score":282,"play_id":"e548a69b-8318-461c-b4f1-2cd542970695","local_time":"20190103181631","is_ascension_mode":true,"campfire_choices":[{"data":"Neutralize","floor":7,"key":"SMITH"},{"data":"Cloak And Dagger","floor":12,"key":"SMITH"},{"floor":15,"key":"REST"}],"neow_cost":"NONE","seed_source_timestamp":55092873559873,"circlet_count":0,"master_deck":["AscendersBane","Defend_G","Defend_G","Defend_G","Defend_G","Defend_G","Strike_G","Strike_G","Strike_G","Strike_G","Survivor","Neutralize+1","All Out Attack+1","Dash","Cloak And Dagger+1","Dodge and Roll","Deflect","Endless Agony","Dagger Spray"],"relics":["Ring of the Snake","NeowsBlessing","Bronze Scales","Juzu Bracelet","Tiny Chest","Snake Skull"],"potions_floor_usage":[10],"damage_taken":[{"damage":0,"enemies":"Jaw Worm","floor":1,"turns":1},{"damage":0,"enemies":"2 Louse","floor":5,"turns":1},{"damage":0,"enemies":"Lagavulin","floor":6,"turns":1},{"damage":18,"enemies":"Gremlin Nob","floor":10,"turns":4},{"damage":6,"enemies":"3 Sentries","floor":13,"turns":8},{"damage":1,"enemies":"Small Slimes","floor":14,"turns":3},{"damage":0,"enemies":"The Guardian","floor":16,"turns":1}],"seed_played":"2407973168180846952","potions_obtained":[{"floor":1,"key":"FairyPotion"},{"floor":6,"key":"Poison Potion"},{"floor":13,"key":"Strength Potion"}],"is_trial":false,"path_per_floor":["M","?","?","$","M","E","R","?","T","E","?","R","E","M","R","B"],"character_chosen":"THE_SILENT","items_purchased":["Dash"],"campfire_rested":1,"item_purchase_floors":[4],"current_hp_per_floor":[59,48,48,48,48,48,48,43,43,25,25,25,19,18,37,37],"gold":190,"neow_bonus":"THREE_ENEMY_KILL","is_prod":false,"is_daily":false,"chose_seed":false,"campfire_upgraded":2,"win_rate":0,"timestamp":1546568191,"path_taken":["M","?","?","$","M","E","R","?","T","E","?","R","E","M","R","BOSS"],"build_version":"2019-01-02","purchased_purges":1,"victory":false,"max_hp_per_floor":[66,66,66,66,66,66,66,66,66,66,66,66,66,66,66,66],"card_choices":[{"not_picked":["Backflip","PiercingWail"],"picked":"All Out Attack","floor":1},{"not_picked":["Slice","Infinite Blades"],"picked":"Cloak And Dagger","floor":5},{"not_picked":["Accuracy","Flying Knee"],"picked":"Dodge and Roll","floor":6},{"not_picked":["Acrobatics","Bane"],"picked":"Deflect","floor":10},{"not_picked":["Underhanded Strike","Quick Slash"],"picked":"Endless Agony","floor":13},{"not_picked":["Caltrops","Phantasmal Killer"],"picked":"Dagger Spray","floor":14}],"player_experience":1007283,"relics_obtained":[{"floor":6,"key":"Bronze Scales"},{"floor":10,"key":"Tiny Chest"},{"floor":13,"key":"Snake Skull"}],"event_choices":[{"damage_healed":0,"gold_gain":75,"player_choice":"Gather Gold","damage_taken":11,"max_hp_gain":0,"max_hp_loss":0,"event_name":"World of Goop","floor":2,"gold_loss":0},{"damage_healed":0,"gold_gain":0,"player_choice":"Grow","damage_taken":0,"max_hp_gain":0,"max_hp_loss":0,"event_name":"Living Wall","floor":3,"gold_loss":0,"cards_upgraded":["All Out Attack"]},{"damage_healed":0,"gold_gain":0,"player_choice":"Success","damage_taken":5,"relics_obtained":["Juzu Bracelet"],"max_hp_gain":0,"max_hp_loss":0,"event_name":"Scrap Ooze","floor":8,"gold_loss":0},{"damage_healed":0,"gold_gain":0,"player_choice":"Ignored","damage_taken":0,"max_hp_gain":0,"max_hp_loss":0,"event_name":"Liars Game","floor":11,"gold_loss":0}],"is_beta":true,"boss_relics":[],"items_purged_floors":[4],"is_endless":false,"potions_floor_spawned":[1,6,13],"killed_by":"The Guardian","ascension_level":20}