{"gold_per_floor":[118,118,136,154,109,109,135,150,200,230,33,44,44,56,56,152,152,135,60,0,0,0,0,17,17,40,58,58,77,93,110,110,215,215,228,76,88,188,0,0,20,20,67,67,67,81,11,11,11,11],"floor_reached":51,"playtime":3157,"items_purged":["Endless Agony"],"score":782,"play_id":"f2cebf11-0622-418b-b8e7-9c9305721ac4","local_time":"20190529143847","is_ascension_mode":false,"campfire_choices":[{"data":"Bouncing Flask","floor":6,"key":"SMITH"},{"floor":15,"key":"REST"},{"data":"Burst","floor":23,"key":"SMITH"},{"data":"Leg Sweep","floor":32,"key":"SMITH"},{"floor":40,"key":"REST"},{"floor":42,"key":"REST"},{"data":"Malaise","floor":44,"key":"SMITH"},{"data":"Bane","floor":49,"key":"SMITH"}],"neow_cost":"NONE","seed_source_timestamp":1184352577359818,"circlet_count":0,"master_deck":["Defend_G","Defend_G","Defend_G","Defend_G","Defend_G","Strike_G","Strike_G","Strike_G","Strike_G","Survivor","Neutralize","Backflip","Bouncing Flask+1","Deadly Poison","Noxious Fumes","Malaise+1","Bane+1","Caltrops","Bullet Time","Burst+1","PiercingWail","Dagger Spray","Phantasmal Killer","Leg Sweep+1","A Thousand Cuts","Footwork+1","Night Terror","Dodge and Roll+1","Corpse Explosion","Crippling Poison","The Bomb"],"relics":["Ring of the Snake","Omamori","Ornamental Fan","Potion Belt","Oddly Smooth Stone","Snecko Eye","Vajra","Cursed Key","WingedGreaves","Red Mask","Juzu Bracelet"],"potions_floor_usage":[16,16,16,18,24,29,31,33,33,50,50,50],"damage_taken":[{"damage":3,"enemies":"Jaw Worm","floor":1,"turns":7},{"damage":1,"enemies":"Cultist","floor":3,"turns":4},{"damage":0,"enemies":"Small Slimes","floor":4,"turns":4},{"damage":5,"enemies":"Lagavulin","floor":7,"turns":5},{"damage":0,"enemies":"Exordium Thugs","floor":8,"turns":4},{"damage":21,"enemies":"Gremlin Nob","floor":10,"turns":4},{"damage":23,"enemies":"Gremlin Gang","floor":12,"turns":6},{"damage":4,"enemies":"Red Slaver","floor":14,"turns":4},{"damage":3,"enemies":"The Guardian","floor":16,"turns":7},{"damage":0,"enemies":"2 Thieves","floor":18,"turns":4},{"damage":1,"enemies":"3 Byrds","floor":24,"turns":3},{"damage":0,"enemies":"Sentry and Sphere","floor":27,"turns":3},{"damage":7,"enemies":"Chosen and Byrds","floor":29,"turns":5},{"damage":0,"enemies":"Snake Plant","floor":30,"turns":4},{"damage":5,"enemies":"Shelled Parasite and Fungi","floor":31,"turns":5},{"damage":35,"enemies":"Collector","floor":33,"turns":10},{"damage":10,"enemies":"3 Shapes","floor":35,"turns":5},{"damage":25,"enemies":"3 Darklings","floor":37,"turns":5},{"damage":2,"enemies":"Mind Bloom Boss Battle","floor":38,"turns":6},{"damage":0,"enemies":"Transient","floor":41,"turns":5},{"damage":10,"enemies":"Jaw Worm Horde","floor":46,"turns":3},{"damage":18,"enemies":"Donu and Deca","floor":50,"turns":7}],"seed_played":"5533446535865926200","potions_obtained":[{"floor":8,"key":"LiquidBronze"},{"floor":14,"key":"EntropicBrew"},{"floor":16,"key":"LiquidBronze"},{"floor":24,"key":"SkillPotion"},{"floor":29,"key":"Poison Potion"},{"floor":30,"key":"SkillPotion"},{"floor":33,"key":"GhostInAJar"},{"floor":45,"key":"LiquidBronze"},{"floor":45,"key":"Weak Potion"},{"floor":45,"key":"LiquidBronze"},{"floor":46,"key":"Strength Potion"}],"is_trial":false,"path_per_floor":["M","?","M","M","?","R","E","M","T","E","$","M","$","M","R","B",null,"M","$","?","$","?","R","M","$","T","M","?","M","M","M","R","B",null,"M","$","M","?","?","R","M","R","T","R","?","M","$","?","R","B",null],"character_chosen":"THE_SILENT","items_purchased":["Malaise","Bane","Caltrops","Night Terror","Crippling Poison"],"campfire_rested":3,"item_purchase_floors":[11,11,11,36,47],"current_hp_per_floor":[67,67,66,66,66,66,61,61,61,40,40,17,17,13,34,31,70,70,70,70,70,70,70,69,69,69,69,69,62,62,57,57,22,70,60,60,35,33,33,54,54,70,70,70,70,60,60,60,60,42],"gold":11,"neow_bonus":"RANDOM_COMMON_RELIC","is_prod":false,"is_daily":false,"chose_seed":false,"campfire_upgraded":5,"win_rate":0,"timestamp":1559155127,"path_taken":["M","?","?","M","?","R","E","M","T","E","?","?","?","?","R","BOSS","M","$","?","$","?","R","M","?","T","M","?","M","M","?","R","BOSS","M","$","M","?","?","R","M","R","T","R","?","M","?","?","R","BOSS"],"build_version":"2019-01-23","purchased_purges":1,"victory":true,"max_hp_per_floor":[70,70,70,70,70,70,70,70,70,70,70,70,70,70,70,70,70,70,70,70,70,70,70,70,70,70,70,70,70,70,70,70,70,70,70,70,70,70,70,70,70,70,70,70,70,70,70,70,70,70],"card_choices":[{"not_picked":["Deadly Poison","Bouncing Flask"],"picked":"Backflip","floor":1},{"not_picked":["Sucker Punch","Tactician"],"picked":"Bouncing Flask","floor":3},{"not_picked":["Deflect","PiercingWail"],"picked":"Deadly Poison","floor":4},{"not_picked":["Backflip","Calculated Gamble"],"picked":"Well Laid Plans","floor":7},{"not_picked":["Dagger Throw","Choke"],"picked":"Noxious Fumes","floor":8},{"not_picked":["Accuracy","Tactician","Riddle With Holes"],"picked":"SKIP","floor":10},{"not_picked":["Slice","Sucker Punch","Caltrops"],"picked":"SKIP","floor":12},{"not_picked":["Skewer","Terror"],"picked":"Bullet Time","floor":14},{"not_picked":["Night Terror","Phantasmal Killer"],"picked":"Burst","floor":16},{"not_picked":["Dodge and Roll","Prepared","Blade Dance+1"],"picked":"SKIP","floor":18},{"not_picked":["Prepared","Tactician","Infinite Blades"],"picked":"SKIP","floor":24},{"not_picked":["Cloak And Dagger","Flechettes"],"picked":"PiercingWail","floor":27},{"not_picked":["Underhanded Strike","PiercingWail+1"],"picked":"Dagger Spray","floor":29},{"not_picked":["PiercingWail","Underhanded Strike"],"picked":"Phantasmal Killer","floor":30},{"not_picked":["Backflip","Finisher"],"picked":"Leg Sweep","floor":31},{"not_picked":["Envenom","Die Die Die"],"picked":"A Thousand Cuts","floor":33},{"not_picked":["Bane","Flying Knee"],"picked":"Footwork+1","floor":35},{"not_picked":["Blade Dance+1","Backflip+1","Deadly Poison"],"picked":"SKIP","floor":37},{"not_picked":["Caltrops","Well Laid Plans+1"],"picked":"Dodge and Roll+1","floor":38},{"not_picked":["Expertise+1","Caltrops"],"picked":"Corpse Explosion","floor":41},{"not_picked":["Deflect+1","Poisoned Stab","Dagger Spray+1"],"picked":"SKIP","floor":46},{"not_picked":["Deep Breath","Metamorphosis"],"picked":"The Bomb","floor":48}],"player_experience":61956,"relics_obtained":[{"floor":7,"key":"Ornamental Fan"},{"floor":9,"key":"Potion Belt"},{"floor":10,"key":"Oddly Smooth Stone"},{"floor":26,"key":"Vajra"},{"floor":38,"key":"WingedGreaves"},{"floor":43,"key":"Juzu Bracelet"}],"event_choices":[{"damage_healed":0,"gold_gain":0,"cards_transformed":["Strike_G"],"player_choice":"Transformed","damage_taken":0,"max_hp_gain":0,"max_hp_loss":0,"event_name":"Transmorgrifier","floor":2,"gold_loss":0,"cards_obtained":["Endless Agony"]},{"damage_healed":0,"gold_gain":0,"player_choice":"Left Gold","damage_taken":0,"max_hp_gain":0,"max_hp_loss":0,"event_name":"World of Goop","floor":5,"gold_loss":45},{"damage_healed":0,"gold_gain":0,"player_choice":"Paid Fearfully","damage_taken":0,"max_hp_gain":0,"max_hp_loss":0,"event_name":"Masked Bandits","floor":20,"gold_loss":60},{"damage_healed":0,"gold_gain":0,"player_choice":"Ignored","damage_taken":0,"max_hp_gain":0,"max_hp_loss":0,"event_name":"Vampires","floor":22,"gold_loss":0},{"cards_removed":["Well Laid Plans"],"damage_healed":0,"gold_gain":0,"player_choice":"Purged","damage_taken":0,"max_hp_gain":0,"max_hp_loss":0,"event_name":"Purifier","floor":28,"gold_loss":0},{"damage_healed":0,"gold_gain":0,"player_choice":"Fight","damage_taken":0,"max_hp_gain":0,"max_hp_loss":0,"event_name":"MindBloom","floor":38,"gold_loss":0},{"damage_healed":0,"gold_gain":0,"player_choice":"Paid","damage_taken":0,"relics_obtained":["Red Mask"],"max_hp_gain":0,"max_hp_loss":0,"event_name":"Tomb of Lord Red Mask","floor":39,"gold_loss":188},{"damage_healed":0,"gold_gain":0,"player_choice":"Got Potions","damage_taken":0,"max_hp_gain":0,"max_hp_loss":0,"event_name":"Lab","floor":45,"gold_loss":0},{"damage_healed":0,"gold_gain":0,"player_choice":"Memory 1","damage_taken":0,"max_hp_gain":0,"max_hp_loss":0,"event_name":"SensoryStone","floor":48,"gold_loss":0}],"is_beta":false,"boss_relics":[{"not_picked":["WristBlade","Runic Pyramid"],"picked":"Snecko Eye"},{"not_picked":["Sozu","Fusion Hammer"],"picked":"Cursed Key"}],"items_purged_floors":[19],"is_endless":false,"potions_floor_spawned":[8,14,16,24,29,30,33,46],"ascension_level":0}