{"path_per_floor":["M","$","M","?","M","R","M","R","T","M","E","M","R","M","R","B",null,"M","?","M","M","M","$"],"character_chosen":"DEFECT","items_purchased":["Dream Catcher","Ancient Tea Set","Doom and Gloom","Thunder Strike"],"gold_per_floor":[316,11,25,25,38,38,56,56,79,94,127,139,139,149,149,253,253,263,178,189,208,221,1,1],"floor_reached":24,"campfire_rested":0,"playtime":1832,"item_purchase_floors":[2,2,23,23],"current_hp_per_floor":[75,75,70,63,63,63,60,60,60,67,75,75,75,75,75,19,75,55,55,40,28,29,29,0],"items_purged":[],"gold":1,"score":227,"play_id":"afd6408f-4194-4525-b9fd-6885a929abde","local_time":"20180604185107","is_prod":false,"is_daily":false,"chose_seed":false,"is_ascension_mode":false,"campfire_upgraded":4,"win_rate":0,"timestamp":1528152667,"campfire_choices":[{"data":"Dualcast","floor":6,"key":"SMITH"},{"data":"Zap","floor":8,"key":"SMITH"},{"data":"Fission","floor":13,"key":"SMITH"},{"data":"Buffer","floor":15,"key":"SMITH"}],"path_taken":["M","$","M","?","M","R","?","R","T","M","E","M","R","M","R","BOSS","M","?","M","M","M","$","M"],"build_version":"2018-05-31","seed_source_timestamp":34826983672744,"purchased_purges":0,"victory":false,"master_deck":["Strike_B","Strike_B","Strike_B","Strike_B","Defend_B","Defend_B","Defend_B","Defend_B","Zap+1","Dualcast+1","White Noise","Ball Lightning","Self Repair","Rebound","Buffer+1","Fission+1","Melter","Hologram","Electrodynamics","Glacier+1","Conserve Battery","Go for the Eyes","Loop+1","Doom and Gloom","Thunder Strike"],"max_hp_per_floor":[75,75,75,75,75,75,75,75,75,75,75,75,75,75,75,75,75,75,75,75,75,75,75,75],"relics":["Cracked Core","Old Coin","Dream Catcher","Ancient Tea Set","Potion Belt","Blood Vial","Vajra","Runic Pyramid","Bag of Marbles"],"card_choices":[{"not_picked":["Stack","Chaos"],"picked":"White Noise","floor":1},{"not_picked":["Steam","Stack"],"picked":"Ball Lightning","floor":3},{"not_picked":["Consume","Scrape"],"picked":"Self Repair","floor":5},{"not_picked":["Gash","Cold Snap"],"picked":"Rebound","floor":7},{"not_picked":["Cold Snap","BootSequence"],"picked":"Buffer","floor":10},{"not_picked":["Rebound","Leap"],"picked":"Fission","floor":11},{"not_picked":["Cold Snap","Force Field"],"picked":"Melter","floor":12},{"not_picked":["Static Discharge","Scrape"],"picked":"Hologram","floor":14},{"not_picked":["Creative AI","Seek"],"picked":"Electrodynamics","floor":16},{"not_picked":["Leap","Go for the Eyes"],"picked":"Glacier+1","floor":18},{"not_picked":["Hologram","Redo+1"],"picked":"Conserve Battery","floor":20},{"not_picked":["Cold Snap+1","Skim"],"picked":"Go for the Eyes","floor":21},{"not_picked":["Compile Driver","Beam Cell+1"],"picked":"Loop+1","floor":22}],"player_experience":38457,"potions_floor_usage":[11,11,16],"damage_taken":[{"damage":0,"enemies":"Small Slimes","floor":1,"turns":2},{"damage":5,"enemies":"Jaw Worm","floor":3,"turns":4},{"damage":0,"enemies":"Cultist","floor":5,"turns":2},{"damage":10,"enemies":"Exordium Thugs","floor":7,"turns":4},{"damage":2,"enemies":"Blue Slaver","floor":10,"turns":3},{"damage":0,"enemies":"Lagavulin","floor":11,"turns":6},{"damage":11,"enemies":"Red Slaver","floor":12,"turns":5},{"damage":0,"enemies":"Looter","floor":14,"turns":2},{"damage":78,"enemies":"Hexaghost","floor":16,"turns":10},{"damage":27,"enemies":"3 Byrds","floor":18,"turns":4},{"damage":17,"enemies":"Shell Parasite","floor":20,"turns":3},{"damage":21,"enemies":"Centurion and Healer","floor":21,"turns":9},{"damage":8,"enemies":"Chosen and Byrds","floor":22,"turns":6},{"damage":32,"enemies":"Snake Plant","floor":24,"turns":4}],"relics_obtained":[{"floor":9,"key":"Blood Vial"},{"floor":11,"key":"Vajra"}],"event_choices":[{"event_name":"Scrap Ooze","player_choice":"success","floor":4,"damage_taken":7},{"event_name":"Addict","player_choice":"Obtained Relic","floor":19,"damage_taken":0}],"boss_relics":[{"not_picked":["Tiny House","Lizard Tail"],"picked":"Runic Pyramid"}],"items_purged_floors":[],"potions_floor_spawned":[1,3,10,11,21],"seed_played":"-1453674604716792195","killed_by":"Snake Plant","ascension_level":0,"potions_obtained":[{"floor":1,"key":"FocusPotion"},{"floor":3,"key":"Regen Potion"},{"floor":10,"key":"PowerPotion"},{"floor":11,"key":"Ancient Potion"},{"floor":21,"key":"LiquidBronze"}],"is_trial":false}