{"gold_per_floor":[109,109,109,7,26,26,39,69,69,26,26,26,26],"floor_reached":13,"playtime":364,"items_purged":[],"score":166,"play_id":"6e5e9231-de13-4724-b233-010948d75713","local_time":"20190313164101","is_ascension_mode":true,"campfire_choices":[{"data":"Zap","floor":6,"key":"SMITH"},{"data":"Hologram","floor":11,"key":"SMITH"}],"neow_cost":"NONE","seed_source_timestamp":8079489486208,"circlet_count":0,"master_deck":["AscendersBane","Strike_B","Strike_B","Strike_B","Strike_B","Defend_B","Defend_B","Defend_B","Defend_B","Zap+1","Dualcast","Coolheaded","Conserve Battery","Hologram+1","Fusion","Compile Driver","Biased Cognition","Cold Snap"],"relics":["Inserter","Pear","Frozen Egg 2"],"potions_floor_usage":[7,8,8,10,13],"damage_taken":[{"damage":5,"enemies":"2 Louse","floor":1,"turns":3},{"damage":2,"enemies":"Small Slimes","floor":5,"turns":5},{"damage":5,"enemies":"Cultist","floor":7,"turns":6},{"damage":2,"enemies":"Lagavulin","floor":8,"turns":8},{"damage":5,"enemies":"Exordium Thugs","floor":10,"turns":5},{"damage":57,"enemies":"Gremlin Nob","floor":13,"turns":5}],"seed_played":"-3320404789044788495","potions_obtained":[{"floor":1,"key":"Explosive Potion"},{"floor":3,"key":"EntropicBrew"},{"floor":3,"key":"Fire Potion"},{"floor":10,"key":"Explosive Potion"}],"is_trial":false,"path_per_floor":["M","?","?","$","M","R","M","E","T","M","R","$","E"],"character_chosen":"DEFECT","items_purchased":["Conserve Battery","Hologram"],"campfire_rested":0,"item_purchase_floors":[4,4],"current_hp_per_floor":[59,59,59,59,57,57,52,60,60,55,55,55,0],"gold":26,"neow_bonus":"BOSS_RELIC","is_prod":false,"is_daily":false,"chose_seed":false,"campfire_upgraded":2,"win_rate":0,"timestamp":1552520461,"path_taken":["M","?","?","$","?","R","M","E","T","M","R","$","E"],"build_version":"2019-02-06","purchased_purges":0,"victory":false,"max_hp_per_floor":[71,71,71,71,71,71,71,81,81,81,81,81,81],"card_choices":[{"not_picked":["White Noise","Sweeping Beam"],"picked":"Coolheaded","floor":1},{"not_picked":["Sweeping Beam","Beam Cell"],"picked":"Fusion","floor":5},{"not_picked":["Beam Cell","Go for the Eyes"],"picked":"Compile Driver","floor":7},{"not_picked":["Skim","Gash"],"picked":"Biased Cognition","floor":8},{"not_picked":["Static Discharge+1","Turbo"],"picked":"Cold Snap","floor":10}],"player_experience":1280911,"relics_obtained":[{"floor":8,"key":"Pear"},{"floor":9,"key":"Frozen Egg 2"}],"event_choices":[{"damage_healed":0,"gold_gain":0,"player_choice":"Leave","damage_taken":0,"max_hp_gain":0,"max_hp_loss":0,"event_name":"The Cleric","floor":2,"gold_loss":0},{"damage_healed":0,"gold_gain":0,"player_choice":"Got Potions","damage_taken":0,"max_hp_gain":0,"max_hp_loss":0,"event_name":"Lab","floor":3,"gold_loss":0}],"is_beta":true,"boss_relics":[],"items_purged_floors":[],"is_endless":false,"potions_floor_spawned":[1,10],"killed_by":"Gremlin Nob","ascension_level":20}