{"gold_per_floor":[109,109,129,54,54,54,89,89,89,89,118,118,153,167,167,245,245,257,257,272,272,283,283,297,297,351,351,409,409,420,420,420,491,541,552,564,564,579,598,598,282,282,309,337,17,32,32,42,42,42,42],"floor_reached":52,"playtime":1724,"items_purged":["Strike_R","Strike_R"],"score":2136,"play_id":"60e1bfb1-b4e8-4bfe-a2e4-99f12c3c2a73","local_time":"20190823004335","is_ascension_mode":true,"campfire_choices":[{"data":"Searing Blow","floor":6.0,"key":"SMITH"},{"data":"Searing Blow+1","floor":8.0,"key":"SMITH"},{"data":"Searing Blow+2","floor":10.0,"key":"SMITH"},{"data":"Searing Blow+3","floor":12.0,"key":"SMITH"},{"data":"Searing Blow+4","floor":15.0,"key":"SMITH"},{"data":"Searing Blow+5","floor":23.0,"key":"SMITH"},{"data":"Searing Blow+6","floor":25.0,"key":"SMITH"},{"data":"Searing Blow+7","floor":27.0,"key":"SMITH"},{"data":"Searing Blow+8","floor":29.0,"key":"SMITH"},{"data":"Searing Blow+9","floor":32.0,"key":"SMITH"},{"data":"Searing Blow+10","floor":40,"key":"SMITH"},{"data":"Armaments","floor":42,"key":"SMITH"},{"floor":49,"key":"REST"}],"neow_cost":"NONE","seed_source_timestamp":4752654181589,"circlet_count":0,"master_deck":["AscendersBane","Strike_R","Defend_R","Defend_R","Defend_R+1","Defend_R","Bash","Pommel Strike","Searing Blow+11","Shrug It Off+1","Battle Trance+1","Headbutt+1","Shrug It Off","Necronomicurse","Ghostly Armor+1","Disarm","Headbutt","Searing Blow+12","Armaments+1","Shockwave"],"special_seed":0,"relics":["Velvet Choker","Unceasing Top","Mango","War Paint","StoneCalendar","Philosopher\u0027s Stone","Smiling Mask","Tiny Chest","Necronomicon","Tiny House","DollysMirror","Potion Belt","Whetstone","Bottled Lightning","Gambling Chip"],"potions_floor_usage":[39,39,50,50],"damage_taken":[{"damage":5.0,"enemies":"Small Slimes","floor":1.0,"turns":3.0},{"damage":1.0,"enemies":"Cultist","floor":3.0,"turns":3.0},{"damage":45.0,"enemies":"3 Sentries","floor":7.0,"turns":12.0},{"damage":12.0,"enemies":"Lagavulin","floor":11.0,"turns":5.0},{"damage":8.0,"enemies":"Gremlin Nob","floor":13.0,"turns":3.0},{"damage":0.0,"enemies":"Jaw Worm","floor":14.0,"turns":2.0},{"damage":0.0,"enemies":"Hexaghost","floor":16.0,"turns":6.0},{"damage":24.0,"enemies":"3 Byrds","floor":18.0,"turns":3.0},{"damage":0.0,"enemies":"2 Thieves","floor":20.0,"turns":3.0},{"damage":0.0,"enemies":"Cultist and Chosen","floor":22.0,"turns":4.0},{"damage":0.0,"enemies":"Chosen and Byrds","floor":24.0,"turns":3.0},{"damage":49.0,"enemies":"Book of Stabbing","floor":28.0,"turns":5.0},{"damage":0.0,"enemies":"Sentry and Sphere","floor":30.0,"turns":3.0},{"damage":14.0,"enemies":"Automaton","floor":33.0,"turns":3.0},{"damage":7,"enemies":"3 Darklings","floor":35,"turns":7},{"damage":0,"enemies":"3 Shapes","floor":36,"turns":5},{"damage":0,"enemies":"Writhing Mass","floor":38,"turns":2},{"damage":6,"enemies":"3 Darklings","floor":39,"turns":6},{"damage":0,"enemies":"Nemesis","floor":44,"turns":1},{"damage":0,"enemies":"Maw","floor":46,"turns":2},{"damage":0,"enemies":"Spire Growth","floor":48,"turns":1},{"damage":0,"enemies":"Awakened One","floor":50,"turns":2},{"damage":7,"enemies":"Donu and Deca","floor":51,"turns":2}],"seed_played":"-4213799105857390710","potions_obtained":[{"floor":3.0,"key":"Poison Potion"},{"floor":7.0,"key":"Explosive Potion"},{"floor":13.0,"key":"SkillPotion"},{"floor":18.0,"key":"SteroidPotion"},{"floor":22.0,"key":"BloodPotion"},{"floor":28.0,"key":"Swift Potion"},{"floor":34,"key":"Weak Potion"},{"floor":39,"key":"Swift Potion"},{"floor":44,"key":"FearPotion"}],"is_trial":false,"path_per_floor":["M","?","M","$","?","R","E","R","T","R","E","R","E","M","R","B",null,"M","?","M","?","M","R","M","R","T","R","E","R","M","?","R","B",null,"M","M","?","M","M","R","$","R","T","E","$","M","T","M","R","B","B",null],"character_chosen":"IRONCLAD","items_purchased":["DollysMirror","Armaments","Bottled Lightning","FearPotion"],"campfire_rested":1,"item_purchase_floors":[41,41,45,45],"current_hp_per_floor":[63,63,62,62,62,62,17,17,31,31,19,19,11,11,11,11,70,46,64,64,64,64,64,64,64,64,64,15,15,37,16,16,2,72,65,65,65,65,59,59,59,59,59,59,59,59,59,59,87,87,80],"gold":42,"neow_bonus":"BOSS_RELIC","is_prod":false,"is_daily":false,"chose_seed":false,"campfire_upgraded":12,"win_rate":0,"timestamp":1566546215,"path_taken":["M","?","M","$","?","R","E","R","T","R","E","R","E","?","R","BOSS","M","?","M","?","M","R","M","R","T","R","E","R","M","?","R","BOSS","M","M","?","M","M","R","?","R","T","E","$","?","?","M","R","BOSS","BOSS"],"build_version":"2019-08-15","purchased_purges":2,"victory":true,"max_hp_per_floor":[75,75,75,75,75,75,75,75,89,89,89,89,89,89,89,89,89,89,89,89,89,89,89,89,89,89,89,89,89,89,89,89,89,94,94,94,94,94,94,94,94,94,94,94,94,94,94,94,94,94,94],"card_choices":[{"not_picked":["Flex","Heavy Blade"],"picked":"Pommel Strike","floor":1.0},{"not_picked":["Rage","Reckless Charge"],"picked":"Searing Blow","floor":3.0},{"not_picked":["Battle Trance","Headbutt"],"picked":"Shrug It Off","floor":7.0},{"not_picked":["Bludgeon","Combust"],"picked":"Battle Trance","floor":11.0},{"not_picked":["Uppercut","Hemokinesis","Rage"],"picked":"SKIP","floor":13.0},{"not_picked":["Thunderclap","Bloodletting","Fire Breathing"],"picked":"SKIP","floor":18.0},{"not_picked":["Iron Wave+1","Brutality","Clash"],"picked":"SKIP","floor":22.0},{"not_picked":["Clash","Intimidate"],"picked":"Headbutt","floor":24.0},{"not_picked":["Headbutt","Cleave+1"],"picked":"Shrug It Off","floor":28.0},{"not_picked":["Iron Wave","Heavy Blade","Wild Strike"],"picked":"SKIP","floor":30.0},{"not_picked":["Sword Boomerang","Thunderclap+1"],"picked":"Ghostly Armor+1","floor":35},{"not_picked":["Pummel","Clash+1","Battle Trance"],"picked":"SKIP","floor":36},{"not_picked":["Body Slam","Heavy Blade"],"picked":"Headbutt","floor":38},{"not_picked":["Feel No Pain","Clothesline","Dropkick"],"picked":"SKIP","floor":39},{"not_picked":["Iron Wave","Rupture+1","Cleave"],"picked":"SKIP","floor":44},{"not_picked":["Metallicize","Clash"],"picked":"Shockwave","floor":46},{"not_picked":["Headbutt+1","Reckless Charge","Pummel"],"picked":"SKIP","floor":48}],"player_experience":1423888,"relics_obtained":[{"floor":7.0,"key":"Unceasing Top"},{"floor":9.0,"key":"Mango"},{"floor":11.0,"key":"War Paint"},{"floor":13.0,"key":"StoneCalendar"},{"floor":26.0,"key":"Smiling Mask"},{"floor":28.0,"key":"Tiny Chest"},{"floor":31.0,"key":"Necronomicon"},{"floor":43,"key":"Potion Belt"},{"floor":44,"key":"Whetstone"},{"floor":47,"key":"Gambling Chip"}],"event_choices":[{"damage_healed":0.0,"max_hp_gain":0.0,"max_hp_loss":0.0,"gold_gain":0.0,"event_name":"The Cleric","player_choice":"Leave","floor":2.0,"gold_loss":0.0,"damage_taken":0.0},{"cards_removed":["Strike_R"],"damage_healed":0.0,"max_hp_gain":0.0,"max_hp_loss":0.0,"gold_gain":0.0,"event_name":"Bonfire Elementals","player_choice":"Offered Basic","floor":5.0,"gold_loss":0.0,"damage_taken":0.0},{"damage_healed":18.0,"max_hp_gain":0.0,"max_hp_loss":0.0,"gold_gain":0.0,"event_name":"The Library","player_choice":"Heal","floor":19.0,"gold_loss":0.0,"damage_taken":0.0},{"damage_healed":0.0,"max_hp_gain":0.0,"max_hp_loss":0.0,"gold_gain":0.0,"event_name":"Vampires","player_choice":"Ignored","floor":21.0,"gold_loss":0.0,"damage_taken":0.0},{"damage_healed":0.0,"max_hp_gain":0.0,"max_hp_loss":0.0,"gold_gain":0.0,"event_name":"Cursed Tome","player_choice":"Obtained Book","floor":31.0,"gold_loss":0.0,"damage_taken":21.0},{"damage_healed":0,"gold_gain":0,"cards_transformed":["Strike_R"],"player_choice":"Transformed","damage_taken":0,"max_hp_gain":0,"max_hp_loss":0,"event_name":"Transmorgrifier","floor":37,"gold_loss":0,"cards_obtained":["Disarm"]}],"is_beta":true,"boss_relics":[{"not_picked":["Lizard Tail","Mark of Pain"],"picked":"Philosopher\u0027s Stone"},{"not_picked":["Fusion Hammer","Busted Crown"],"picked":"Tiny House"}],"items_purged_floors":[4,41],"is_endless":false,"potions_floor_spawned":[3,7,13,18,22,28,36,39,44],"ascension_level":20}