{"gold_per_floor":[118,118,118,129,129,160,23,57,57,57,76,86,119,136,136,214,214,233,148,148,166,176,186,186,236,260,275,275,294,25,25,25,97,97,108,208,208,220,4,4,4,19,19,36,36,36,47,61,61,61,61],"floor_reached":52,"playtime":2482,"items_purged":[],"score":1873,"play_id":"95ad898e-7f21-44df-a2ab-f7563d825419","local_time":"20190302134253","is_ascension_mode":true,"campfire_choices":[{"data":"Hologram","floor":10,"key":"SMITH"},{"data":"Dualcast","floor":15,"key":"SMITH"},{"floor":28,"key":"REST"},{"data":"Fusion","floor":32,"key":"SMITH"},{"floor":40,"key":"REST"},{"data":"Loop","floor":45,"key":"SMITH"},{"data":"Hello World","floor":49,"key":"SMITH"}],"neow_cost":"NONE","seed_source_timestamp":6714042404009,"circlet_count":0,"master_deck":["AscendersBane","Zap+1","Dualcast+1","Cold Snap","Hologram+1","Hello World","Cold Snap","Rip and Tear+1","Compile Driver+1","Compile Driver+1","Beam Cell+1","Core Surge+1","Compile Driver+1","Self Repair+1","Force Field","Scrape+1","Storm","Loop+1","Fusion+1","Cold Snap+1","Chill+1","Beam Cell+1","Redo+1","Cold Snap+1","Steam Power+1","Conserve Battery+1","Go for the Eyes+1","Beam Cell+1","Coolheaded+1","Hello World+1","Core Surge+1","Conserve Battery+1","Compile Driver+1","Compile Driver+1","Compile Driver+1","Beam Cell+1","Stack+1","Glacier+1"],"relics":["Cracked Core","NeowsBlessing","Bottled Lightning","Kunai","Molten Egg 2","The Courier","Mercury Hourglass","Pandora\u0027s Box","Toxic Egg 2","Pen Nib","Smiling Mask","Runic Dome","Incense Burner","Pantograph","FossilizedHelix","FaceOfCleric"],"potions_floor_usage":[8,8,13,21,33,51],"damage_taken":[{"damage":0,"enemies":"Small Slimes","floor":1,"turns":1},{"damage":0,"enemies":"Jaw Worm","floor":4,"turns":1},{"damage":0,"enemies":"Gremlin Nob","floor":6,"turns":1},{"damage":13,"enemies":"3 Sentries","floor":8,"turns":7},{"damage":9,"enemies":"2 Louse","floor":11,"turns":2},{"damage":0,"enemies":"2 Fungi Beasts","floor":12,"turns":2},{"damage":2,"enemies":"Lagavulin","floor":13,"turns":7},{"damage":15,"enemies":"Large Slime","floor":14,"turns":3},{"damage":18,"enemies":"Slime Boss","floor":16,"turns":7},{"damage":14,"enemies":"Shell Parasite","floor":18,"turns":3},{"damage":7,"enemies":"3 Byrds","floor":21,"turns":2},{"damage":3,"enemies":"Snecko","floor":22,"turns":4},{"damage":25,"enemies":"Snake Plant","floor":23,"turns":4},{"damage":7,"enemies":"Cultist and Chosen","floor":27,"turns":4},{"damage":2,"enemies":"Snecko","floor":29,"turns":4},{"damage":7,"enemies":"Champ","floor":33,"turns":8},{"damage":2,"enemies":"3 Shapes","floor":35,"turns":3},{"damage":31,"enemies":"Mind Bloom Boss Battle","floor":36,"turns":5},{"damage":25,"enemies":"3 Darklings","floor":38,"turns":5},{"damage":3,"enemies":"Jaw Worm Horde","floor":42,"turns":4},{"damage":0,"enemies":"Maw","floor":44,"turns":6},{"damage":0,"enemies":"4 Shapes","floor":47,"turns":6},{"damage":0,"enemies":"Transient","floor":48,"turns":6},{"damage":30,"enemies":"Donu and Deca","floor":50,"turns":14},{"damage":40,"enemies":"Time Eater","floor":51,"turns":20}],"seed_played":"-106675600216521944","potions_obtained":[{"floor":4,"key":"LiquidBronze"},{"floor":6,"key":"FocusPotion"},{"floor":8,"key":"SpeedPotion"},{"floor":12,"key":"EssenceOfSteel"},{"floor":18,"key":"Explosive Potion"},{"floor":27,"key":"Weak Potion"},{"floor":42,"key":"SmokeBomb"}],"is_trial":false,"path_per_floor":["M","?","T","M","?","E","$","E","T","R","M","M","E","M","R","B",null,"M","?","?","M","M","M","?","?","T","M","R","M","$","T","R","B",null,"M","?","?","M","$","R","?","M","T","M","R","?","M","M","R","B","B",null],"character_chosen":"DEFECT","items_purchased":["Hello World","Cold Snap","Conserve Battery+1","Go for the Eyes+1","Beam Cell+1","Coolheaded+1","Chill+1","Hello World","Pantograph"],"campfire_rested":2,"item_purchase_floors":[7,7,30,30,30,30,30,30,39],"current_hp_per_floor":[64,64,64,64,69,69,69,56,56,56,47,47,45,30,30,12,60,46,46,46,39,36,11,26,26,26,19,41,46,46,46,46,46,69,74,50,50,32,32,54,54,61,61,61,61,61,62,73,73,59,50],"gold":61,"neow_bonus":"THREE_ENEMY_KILL","is_prod":false,"is_daily":false,"chose_seed":false,"campfire_upgraded":5,"win_rate":0,"timestamp":1551562973,"path_taken":["M","?","?","M","?","E","$","E","T","R","M","M","E","M","R","BOSS","M","?","?","M","M","M","?","?","T","?","R","M","$","?","R","BOSS","M","?","?","M","$","R","?","?","T","?","R","?","M","M","R","BOSS","BOSS"],"build_version":"2019-02-06","purchased_purges":0,"victory":true,"max_hp_per_floor":[71,71,71,71,76,76,76,76,76,76,76,76,76,76,76,76,76,76,76,76,76,76,76,76,76,76,76,76,76,76,76,76,76,76,76,76,76,76,76,76,76,76,76,76,76,76,77,78,78,79,80],"card_choices":[{"not_picked":["Tempest","Redo"],"picked":"Cold Snap","floor":4},{"not_picked":["Coolheaded","Redo"],"picked":"Hologram","floor":6},{"not_picked":["Self Repair","Echo Form"],"picked":"Rip and Tear","floor":8},{"not_picked":["Coolheaded","Redo"],"picked":"Compile Driver+1","floor":11},{"not_picked":["Self Repair","Leap"],"picked":"Compile Driver+1","floor":12},{"not_picked":["Stack","Leap"],"picked":"Beam Cell+1","floor":13},{"not_picked":["Scrape+1","Redo","Storm"],"picked":"SKIP","floor":14},{"not_picked":["Electrodynamics","Reboot"],"picked":"Core Surge+1","floor":16},{"not_picked":["Hologram","Reinforced Body"],"picked":"Cold Snap+1","floor":18},{"not_picked":["Gash+1","Reprogram+1"],"picked":"Chill+1","floor":21},{"not_picked":["Darkness+1","Chill+1"],"picked":"Beam Cell+1","floor":22},{"not_picked":["Blizzard+1","Aggregate+1"],"picked":"Redo+1","floor":23},{"not_picked":["Steam Power+1","Stack+1"],"picked":"Cold Snap+1","floor":27},{"not_picked":["Go for the Eyes+1","Steam+1"],"picked":"Steam Power+1","floor":29},{"not_picked":["Buffer","Multi-Cast+1"],"picked":"Core Surge+1","floor":33},{"not_picked":["Redo+1","Gash+1"],"picked":"Conserve Battery+1","floor":35},{"not_picked":["Chill+1","Ball Lightning+1"],"picked":"Compile Driver+1","floor":36},{"not_picked":["Beam Cell+1","Sweeping Beam+1"],"picked":"Compile Driver+1","floor":38},{"not_picked":["Aggregate+1","Gash+1"],"picked":"Compile Driver+1","floor":42},{"not_picked":["Coolheaded+1","Auto Shields+1"],"picked":"Beam Cell+1","floor":44},{"not_picked":["Loop","Conserve Battery+1"],"picked":"Stack+1","floor":47},{"not_picked":["Steam+1","Ball Lightning+1"],"picked":"Glacier+1","floor":48}],"player_experience":1265666,"relics_obtained":[{"floor":3,"key":"Bottled Lightning"},{"floor":6,"key":"Kunai"},{"floor":8,"key":"Molten Egg 2"},{"floor":9,"key":"The Courier"},{"floor":13,"key":"Mercury Hourglass"},{"floor":26,"key":"Pen Nib"},{"floor":31,"key":"Smiling Mask"},{"floor":36,"key":"Incense Burner"},{"floor":43,"key":"FossilizedHelix"}],"event_choices":[{"damage_healed":0,"gold_gain":0,"player_choice":"Grow","damage_taken":0,"max_hp_gain":0,"max_hp_loss":0,"event_name":"Living Wall","floor":2,"gold_loss":0,"cards_upgraded":["Zap"]},{"damage_healed":0,"gold_gain":0,"player_choice":"Donut","damage_taken":0,"max_hp_gain":5,"max_hp_loss":0,"event_name":"Big Fish","floor":5,"gold_loss":0},{"damage_healed":0,"gold_gain":0,"player_choice":"Obtained Relic","damage_taken":0,"relics_obtained":["Toxic Egg 2"],"max_hp_gain":0,"max_hp_loss":0,"event_name":"Addict","floor":19,"gold_loss":85},{"cards_removed":["Tempest"],"damage_healed":0,"gold_gain":0,"player_choice":"Elegance","damage_taken":0,"max_hp_gain":0,"max_hp_loss":0,"event_name":"Back to Basics","floor":20,"gold_loss":0},{"damage_healed":15,"gold_gain":0,"player_choice":"Heal","damage_taken":0,"max_hp_gain":0,"max_hp_loss":0,"event_name":"The Library","floor":24,"gold_loss":0},{"damage_healed":0,"gold_gain":50,"player_choice":"Stole From Cult","damage_taken":0,"max_hp_gain":0,"max_hp_loss":0,"event_name":"Nest","floor":25,"gold_loss":0},{"damage_healed":0,"gold_gain":0,"player_choice":"Fight","damage_taken":0,"max_hp_gain":0,"max_hp_loss":0,"event_name":"MindBloom","floor":36,"gold_loss":0},{"cards_removed":["Chill"],"damage_healed":0,"gold_gain":0,"player_choice":"Removed Skill","damage_taken":0,"max_hp_gain":0,"max_hp_loss":0,"event_name":"Falling","floor":37,"gold_loss":0},{"damage_healed":0,"gold_gain":0,"player_choice":"Forge","damage_taken":0,"max_hp_gain":0,"max_hp_loss":0,"event_name":"Accursed Blacksmith","floor":41,"gold_loss":0,"cards_upgraded":["Self Repair"]},{"damage_healed":0,"gold_gain":0,"player_choice":"Trade","damage_taken":0,"relics_obtained":["FaceOfCleric"],"max_hp_gain":0,"max_hp_loss":0,"event_name":"FaceTrader","floor":46,"gold_loss":0}],"is_beta":true,"boss_relics":[{"not_picked":["Eternal Feather","Lizard Tail"],"picked":"Pandora\u0027s Box"},{"not_picked":["Tiny House","Orrery"],"picked":"Runic Dome"}],"items_purged_floors":[],"is_endless":false,"potions_floor_spawned":[4,6,8,12,18,27,29,42,44,48],"ascension_level":20}