{"gold_per_floor":[117,117,132,57,77,77,105,105,186,186,197,208,69,88,88,162,162,175,50,100,118,136,136,163,163,163,192,192,192,192,208,208,208],"floor_reached":33,"playtime":787,"items_purged":["Strike_R","Strike_R","Strike_R"],"score":586,"play_id":"30af27a7-0394-4e3e-84b1-1140af248334","local_time":"20180703151430","is_ascension_mode":true,"campfire_choices":[{"data":"Bash","floor":6,"key":"SMITH"},{"floor":8,"key":"REST"},{"floor":10,"key":"REST"},{"floor":15,"key":"REST"},{"floor":23,"key":"REST"},{"floor":25,"key":"REST"},{"floor":32,"key":"REST"}],"neow_cost":"NONE","seed_source_timestamp":63507178197846,"circlet_count":0,"master_deck":["Defend_R","Defend_R","Bash+1","AscendersBane","Pommel Strike","Rampage+1","Dropkick+1","Dropkick+1"],"relics":["Empty Cage","Lantern","Molten Egg 2","Cursed Key","Pen Nib","Self Forming Clay"],"potions_floor_usage":[5,7,14,18,27,33],"damage_taken":[{"damage":8,"enemies":"2 Louse","floor":1,"turns":3},{"damage":9,"enemies":"Jaw Worm","floor":3,"turns":4},{"damage":4,"enemies":"Small Slimes","floor":5,"turns":3},{"damage":34,"enemies":"3 Sentries","floor":7,"turns":8},{"damage":0,"enemies":"2 Fungi Beasts","floor":11,"turns":3},{"damage":11,"enemies":"3 Louse","floor":12,"turns":4},{"damage":5,"enemies":"Exordium Thugs","floor":14,"turns":4},{"damage":0,"enemies":"Slime Boss","floor":16,"turns":7},{"damage":7,"enemies":"2 Thieves","floor":18,"turns":3},{"damage":7,"enemies":"Chosen","floor":21,"turns":3},{"damage":21,"enemies":"Snake Plant","floor":22,"turns":3},{"damage":39,"enemies":"Slavers","floor":24,"turns":5},{"damage":33,"enemies":"Book of Stabbing","floor":27,"turns":4},{"damage":2,"enemies":"Cultist and Chosen","floor":31,"turns":3},{"damage":33,"enemies":"Automaton","floor":33,"turns":4}],"seed_played":"-185735388204263116","potions_obtained":[{"floor":1,"key":"EssenceOfSteel"},{"floor":5,"key":"Poison Potion"},{"floor":7,"key":"Block Potion"},{"floor":11,"key":"Swift Potion"},{"floor":16,"key":"Fire Potion"},{"floor":18,"key":"Dexterity Potion"},{"floor":27,"key":"AttackPotion"}],"is_trial":false,"path_per_floor":["M","?","M","$","M","R","E","R","T","R","M","M","$","M","R","B",null,"M","$","?","M","M","R","E","R","T","E","?","?","?","M","R"],"character_chosen":"IRONCLAD","items_purchased":["Burning Pact"],"campfire_rested":6,"item_purchase_floors":[13],"current_hp_per_floor":[60,60,51,51,47,47,13,35,35,57,57,46,46,41,63,63,72,65,65,65,58,37,59,20,42,42,9,9,9,9,7,29,0],"gold":208,"neow_bonus":"BOSS_RELIC","is_prod":false,"is_daily":false,"chose_seed":false,"campfire_upgraded":1,"win_rate":0,"timestamp":1530656070,"path_taken":["M","?","M","$","M","R","E","R","T","R","M","M","$","M","R","BOSS","M","$","?","M","M","R","E","R","T","E","?","?","?","?","R","BOSS"],"build_version":"2018-07-02","purchased_purges":3,"victory":false,"max_hp_per_floor":[75,75,75,75,75,75,75,75,75,75,75,75,75,75,75,75,75,75,75,75,75,75,75,75,75,75,75,75,75,75,75,75,75],"card_choices":[{"not_picked":["Power Through","Carnage"],"picked":"Pommel Strike","floor":3},{"not_picked":["Sentinel","Armaments"],"picked":"Rampage+1","floor":12},{"not_picked":["Anger+1","Warcry"],"picked":"Dropkick+1","floor":14},{"not_picked":["Fire Breathing","Warcry+1"],"picked":"Dropkick+1","floor":27}],"player_experience":469591,"relics_obtained":[{"floor":7,"key":"Lantern"},{"floor":9,"key":"Molten Egg 2"},{"floor":24,"key":"Pen Nib"},{"floor":27,"key":"Self Forming Clay"}],"event_choices":[{"event_name":"Living Wall","player_choice":"Forget","floor":2,"damage_taken":0},{"event_name":"Nest","player_choice":"Stole From Cult","floor":20,"damage_taken":0},{"event_name":"Back to Basics","player_choice":"Elegance","floor":28,"damage_taken":0},{"event_name":"Drug Dealer","player_choice":"Ignored","floor":29,"damage_taken":0},{"event_name":"Purifier","player_choice":"One Purge","floor":30,"damage_taken":0}],"boss_relics":[{"not_picked":["Astrolabe","Tiny House"],"picked":"Cursed Key"}],"items_purged_floors":[4,13,19],"is_endless":false,"potions_floor_spawned":[1,5,7,11,16,18,21,27,31],"killed_by":"Automaton","ascension_level":15}