{"gold_per_floor":[365,290,290,304,322,355,374,374,400,80,94,119,149,161,161,232,232,250,250,300,318,318,318,338,367,391,418,693,721,311,329,329,329],"floor_reached":33,"playtime":811,"items_purged":["Strike_R","Anger"],"score":715,"play_id":"06c7ec5f-bcaa-4325-a7fa-644680f824d2","local_time":"20190320090439","is_ascension_mode":true,"campfire_choices":[{"data":"Whirlwind","floor":8.0,"key":"SMITH"},{"data":"Infernal Blade","floor":15.0,"key":"SMITH"},{"data":"True Grit","floor":23.0,"key":"SMITH"},{"data":"Uppercut","floor":32,"key":"SMITH"}],"neow_cost":"TEN_PERCENT_HP_LOSS","seed_source_timestamp":1837009015918,"circlet_count":0,"master_deck":["AscendersBane","Strike_R","Defend_R","Defend_R","Defend_R","Defend_R+1","Bash+1","Wild Strike","Carnage","Whirlwind+1","Evolve","Battle Trance+1","Infernal Blade+1","Thunderclap","Clothesline","Offering","True Grit+1","Reaper","Carnage","Shrug It Off","Corruption","Regret","True Grit+1","Uppercut+1","Entrench","Burning Pact","Pommel Strike+1"],"special_seed":0,"relics":["Burning Blood","Ancient Tea Set","Strawberry","PreservedInsect","Vajra","Bag of Marbles","Snecko Eye","Nilry\u0027s Codex","Red Mask","War Paint","Meat on the Bone","Smiling Mask","Bronze Scales"],"potions_floor_usage":[29],"damage_taken":[{"damage":9.0,"enemies":"Jaw Worm","floor":1.0,"turns":5.0},{"damage":3.0,"enemies":"2 Louse","floor":4.0,"turns":3.0},{"damage":1.0,"enemies":"Cultist","floor":5.0,"turns":3.0},{"damage":32.0,"enemies":"Gremlin Nob","floor":6.0,"turns":4.0},{"damage":21.0,"enemies":"Exordium Thugs","floor":7.0,"turns":4.0},{"damage":0.0,"enemies":"3 Louse","floor":11.0,"turns":1.0},{"damage":25.0,"enemies":"Lagavulin","floor":13.0,"turns":4.0},{"damage":0.0,"enemies":"2 Fungi Beasts","floor":14.0,"turns":2.0},{"damage":0.0,"enemies":"Slime Boss","floor":16.0,"turns":5.0},{"damage":0.0,"enemies":"3 Byrds","floor":18.0,"turns":4.0},{"damage":3.0,"enemies":"2 Thieves","floor":21.0,"turns":2.0},{"damage":6,"enemies":"Snake Plant","floor":24,"turns":3},{"damage":0,"enemies":"Masked Bandits","floor":25,"turns":1},{"damage":9,"enemies":"Book of Stabbing","floor":27,"turns":3},{"damage":9,"enemies":"Slavers","floor":29,"turns":3},{"damage":6,"enemies":"Snecko","floor":31,"turns":2},{"damage":44,"enemies":"Collector","floor":33,"turns":5}],"seed_played":"-1367947953847646639","potions_obtained":[{"floor":5.0,"key":"PowerPotion"},{"floor":6.0,"key":"FearPotion"},{"floor":7.0,"key":"Poison Potion"},{"floor":14.0,"key":"Ancient Potion"},{"floor":24,"key":"Explosive Potion"},{"floor":29,"key":"FearPotion"}],"is_trial":false,"path_per_floor":["M","?","?","M","M","E","M","R","T","$","M","T","E","M","R","B",null,"M","?","?","M","?","R","M","?","T","E","?","E","$","M","R","B"],"character_chosen":"IRONCLAD","items_purchased":["PreservedInsect","Infernal Blade","Uppercut","Entrench","Bronze Scales","Burning Pact"],"campfire_rested":0,"item_purchase_floors":[10,10,30,30,30,30],"current_hp_per_floor":[65,65,65,68,68,42,27,27,34,34,40,40,21,27,27,33,65,71,71,71,74,53,53,56,62,62,66,66,63,63,63,63,19],"gold":329,"neow_bonus":"TWO_FIFTY_GOLD","is_prod":false,"is_daily":false,"chose_seed":false,"campfire_upgraded":4,"win_rate":0,"timestamp":1553097879,"path_taken":["M","?","?","M","M","E","?","R","T","$","M","?","E","M","R","BOSS","M","?","?","M","?","R","M","?","T","E","?","E","$","M","R","BOSS"],"build_version":"2019-03-15","purchased_purges":2,"victory":false,"max_hp_per_floor":[68,68,68,68,68,68,68,68,75,75,75,75,75,75,75,75,75,75,75,75,75,75,75,75,75,75,75,75,75,75,75,75,75],"card_choices":[{"not_picked":["Infernal Blade","Warcry"],"picked":"Wild Strike","floor":1.0},{"not_picked":["Clothesline","Entrench"],"picked":"Carnage","floor":4.0},{"not_picked":["Havoc","Exhume"],"picked":"Whirlwind","floor":5.0},{"not_picked":["Warcry","Disarm"],"picked":"Evolve","floor":6.0},{"not_picked":["Whirlwind","Iron Wave"],"picked":"Battle Trance","floor":7.0},{"not_picked":["Cleave","Flex"],"picked":"Thunderclap","floor":11.0},{"not_picked":["Evolve","Thunderclap"],"picked":"Clothesline","floor":13.0},{"not_picked":["Dual Wield","Clash"],"picked":"Anger","floor":14.0},{"not_picked":["Demon Form","Impervious"],"picked":"Offering","floor":16.0},{"not_picked":["Anger","Body Slam"],"picked":"True Grit","floor":18.0},{"not_picked":["Blood for Blood","Perfected Strike"],"picked":"Shrug It Off","floor":24},{"not_picked":["Warcry","Flex"],"picked":"Corruption","floor":25},{"not_picked":["Evolve","Combust","Headbutt"],"picked":"SKIP","floor":27},{"not_picked":["Cleave","Burning Pact"],"picked":"True Grit+1","floor":29},{"not_picked":["Exhume","Perfected Strike"],"picked":"Pommel Strike+1","floor":31}],"player_experience":1330428,"relics_obtained":[{"floor":6.0,"key":"Ancient Tea Set"},{"floor":9.0,"key":"Strawberry"},{"floor":12.0,"key":"Vajra"},{"floor":13.0,"key":"Bag of Marbles"},{"floor":22.0,"key":"Nilry\u0027s Codex"},{"floor":25,"key":"Red Mask"},{"floor":26,"key":"War Paint"},{"floor":27,"key":"Meat on the Bone"},{"floor":29,"key":"Smiling Mask"}],"event_choices":[{"cards_removed":["Strike_R"],"damage_healed":0.0,"max_hp_gain":0.0,"max_hp_loss":0.0,"gold_gain":0.0,"event_name":"The Cleric","player_choice":"Card Removal","floor":2.0,"gold_loss":75.0,"damage_taken":0.0},{"damage_healed":0.0,"max_hp_gain":0.0,"max_hp_loss":0.0,"gold_gain":0.0,"event_name":"Upgrade Shrine","player_choice":"Upgraded","floor":3.0,"gold_loss":0.0,"damage_taken":0.0,"cards_upgraded":["Bash"]},{"damage_healed":0.0,"max_hp_gain":0.0,"max_hp_loss":0.0,"gold_gain":0.0,"cards_transformed":["Strike_R","Strike_R"],"event_name":"Drug Dealer","player_choice":"Became Test Subject","floor":19.0,"gold_loss":0.0,"damage_taken":0.0,"cards_obtained":["Reaper","Carnage"]},{"damage_healed":0.0,"max_hp_gain":0.0,"max_hp_loss":0.0,"gold_gain":50.0,"event_name":"Nest","player_choice":"Stole From Cult","floor":20.0,"gold_loss":0.0,"damage_taken":0.0},{"damage_healed":0.0,"max_hp_gain":0.0,"max_hp_loss":0.0,"gold_gain":0.0,"event_name":"Cursed Tome","player_choice":"Obtained Book","floor":22.0,"gold_loss":0.0,"damage_taken":21.0},{"damage_healed":0,"gold_gain":0,"player_choice":"Fought Bandits","damage_taken":0,"max_hp_gain":0,"max_hp_loss":0,"event_name":"Masked Bandits","floor":25,"gold_loss":0},{"damage_healed":0,"gold_gain":275,"player_choice":"Desecrate","damage_taken":0,"max_hp_gain":0,"max_hp_loss":0,"event_name":"Golden Shrine","floor":28,"gold_loss":0,"cards_obtained":["Regret"]}],"is_beta":true,"boss_relics":[{"not_picked":["Runic Dome","Tiny House"],"picked":"Snecko Eye"}],"items_purged_floors":[10,30],"is_endless":false,"potions_floor_spawned":[5,6,7,14,24,25,29],"killed_by":"Collector","ascension_level":20}