{"gold_per_floor":[115,131,131,56,17,51,62,77,152,207,207,8,34,52,52,52],"floor_reached":16,"playtime":310,"items_purged":[],"score":270,"play_id":"b7b125eb-898d-43e6-8199-308543ca64ec","local_time":"20190103154309","is_ascension_mode":true,"campfire_choices":[{"floor":11.0,"key":"REST"},{"data":"Neutralize","floor":15,"key":"SMITH"}],"neow_cost":"NONE","seed_source_timestamp":48067957982627,"circlet_count":0,"master_deck":["AscendersBane","Defend_G","Defend_G","Defend_G","Defend_G+1","Defend_G","Strike_G+1","Strike_G","Strike_G","Strike_G","Survivor","Neutralize+1","Backstab","Noxious Fumes","Footwork","Choke","Predator","Riddle With Holes","Backflip+1","Backstab","Burst+1","Bullet Time+1","Leg Sweep+1"],"special_seed":0,"relics":["Ring of the Snake","NeowsBlessing","Tingsha","Toxic Egg 2","Blood Vial","Potion Belt"],"potions_floor_usage":[14],"damage_taken":[{"damage":0.0,"enemies":"Cultist","floor":1.0,"turns":1.0},{"damage":0.0,"enemies":"2 Louse","floor":2.0,"turns":1.0},{"damage":0.0,"enemies":"Gremlin Nob","floor":6.0,"turns":1.0},{"damage":0.0,"enemies":"Small Slimes","floor":7.0,"turns":4.0},{"damage":4.0,"enemies":"2 Fungi Beasts","floor":8.0,"turns":2.0},{"damage":31.0,"enemies":"Lagavulin Event","floor":10.0,"turns":6.0},{"damage":22.0,"enemies":"Lagavulin","floor":13.0,"turns":8.0},{"damage":0,"enemies":"Exordium Thugs","floor":14,"turns":2},{"damage":7,"enemies":"Hexaghost","floor":16,"turns":7}],"seed_played":"8105904832518794062","potions_obtained":[{"floor":2.0,"key":"Fire Potion"},{"floor":6.0,"key":"Weak Potion"},{"floor":13.0,"key":"Swift Potion"},{"floor":14,"key":"SteroidPotion"}],"is_trial":false,"path_per_floor":["M","M","?","?","$","E","M","M","T","?","R","$","E","M","R","B"],"character_chosen":"THE_SILENT","items_purchased":["Footwork","Backstab","Burst+1"],"campfire_rested":1,"item_purchase_floors":[5,12,12],"current_hp_per_floor":[59,59,39,39,39,39,39,35,35,4,23,23,3,5,5,0],"gold":52,"neow_bonus":"THREE_ENEMY_KILL","is_prod":false,"is_daily":false,"chose_seed":false,"campfire_upgraded":1,"win_rate":0,"timestamp":1546558989,"path_taken":["M","M","?","?","$","E","M","M","T","?","R","$","E","M","R","BOSS"],"build_version":"2019-01-02","purchased_purges":0,"victory":false,"max_hp_per_floor":[66,66,66,66,66,66,66,66,66,66,66,66,66,66,66,66],"card_choices":[{"not_picked":["PiercingWail","Deflect"],"picked":"Backstab","floor":1.0},{"not_picked":["Finisher","Crippling Poison"],"picked":"Noxious Fumes","floor":2.0},{"not_picked":["Quick Slash","Outmaneuver"],"picked":"Choke","floor":6.0},{"not_picked":["All Out Attack","Quick Slash"],"picked":"Predator","floor":7.0},{"not_picked":["Bane","Blade Dance"],"picked":"Riddle With Holes","floor":8.0},{"not_picked":["Poisoned Stab","Deadly Poison+1"],"picked":"Backflip+1","floor":10.0},{"not_picked":["Tools of the Trade","Dodge and Roll+1"],"picked":"Bullet Time+1","floor":13.0},{"not_picked":["Deflect+1","Backflip+1"],"picked":"Leg Sweep+1","floor":14}],"player_experience":1001015,"relics_obtained":[{"floor":6.0,"key":"Tingsha"},{"floor":9.0,"key":"Toxic Egg 2"},{"floor":10.0,"key":"Blood Vial"},{"floor":13.0,"key":"Potion Belt"}],"event_choices":[{"damage_healed":0.0,"max_hp_gain":0.0,"max_hp_loss":0.0,"gold_gain":0.0,"event_name":"Shining Light","player_choice":"Entered Light","floor":3.0,"gold_loss":0.0,"damage_taken":20.0,"cards_upgraded":["Strike_G","Defend_G"]},{"cards_removed":["Strike_G"],"damage_healed":0.0,"max_hp_gain":0.0,"max_hp_loss":0.0,"gold_gain":0.0,"event_name":"The Cleric","player_choice":"Card Removal","floor":4.0,"gold_loss":75.0,"damage_taken":0.0},{"damage_healed":0.0,"max_hp_gain":0.0,"max_hp_loss":0.0,"gold_gain":30.0,"event_name":"Dead Adventurer","player_choice":"Searched \u00273\u0027 times","floor":10.0,"gold_loss":0.0,"damage_taken":0.0}],"is_beta":true,"boss_relics":[],"items_purged_floors":[],"is_endless":false,"potions_floor_spawned":[2,6,8,13,14],"killed_by":"Hexaghost","ascension_level":20}