{"gold_per_floor":[110,185,205,218,236,264,264,275,275,275,22,22,38,58,58,159,159,170,170,170,182,200,200],"floor_reached":23,"playtime":1439,"items_purged":[],"score":195,"play_id":"64949c18-4cc1-45c5-8349-196dbcfc88fe","local_time":"20190701192218","is_ascension_mode":false,"campfire_choices":[{"floor":7,"key":"REST"},{"floor":10,"key":"RECALL"},{"floor":15,"key":"REST"}],"neow_cost":"NONE","seed_source_timestamp":215667419977460,"circlet_count":0,"master_deck":["Strike_G","Strike_G","Strike_G","Strike_G","Strike_G","Defend_G","Defend_G","Defend_G","Defend_G","Defend_G","Survivor","Neutralize+1","Leg Sweep+1","Backstab","Flying Knee+1","Deflect","Blade Dance","Blur","Blur","Deflect","After Image","Slice","Backstab","Quick Slash","Quick Slash","Slice","Writhe","Finisher+1","Dagger Spray"],"relics":["Ring of the Snake","WingedGreaves","Kunai","Orrery","Question Card","MutagenicStrength"],"potions_floor_usage":[16,16,22,23],"damage_taken":[{"damage":0,"enemies":"Cultist","floor":1,"turns":4},{"damage":2,"enemies":"2 Louse","floor":3,"turns":3},{"damage":0,"enemies":"Small Slimes","floor":4,"turns":3},{"damage":1,"enemies":"Red Slaver","floor":5,"turns":3},{"damage":31,"enemies":"3 Sentries","floor":6,"turns":16},{"damage":5,"enemies":"Gremlin Gang","floor":8,"turns":4},{"damage":0,"enemies":"Looter","floor":13,"turns":2},{"damage":0,"enemies":"Exordium Thugs","floor":14,"turns":5},{"damage":3,"enemies":"The Guardian","floor":16,"turns":25},{"damage":5,"enemies":"2 Thieves","floor":18,"turns":4},{"damage":0,"enemies":"Spheric Guardian","floor":21,"turns":1},{"damage":9,"enemies":"Snake Plant","floor":22,"turns":4},{"damage":60,"enemies":"Gremlin Leader","floor":23,"turns":11}],"seed_played":"-6460000458689192428","potions_obtained":[{"floor":1,"key":"GamblersBrew"},{"floor":4,"key":"Poison Potion"},{"floor":14,"key":"SkillPotion"},{"floor":21,"key":"SkillPotion"}],"is_trial":false,"path_per_floor":["M","?","M","M","M","E","R","M","T","R","$","?","M","M","R","B",null,"M","?","?","M","M","E"],"character_chosen":"THE_SILENT","items_purchased":["Kunai"],"campfire_rested":2,"item_purchase_floors":[11],"current_hp_per_floor":[70,63,61,61,60,29,50,45,45,45,45,31,31,31,52,49,70,65,65,65,65,56,0],"gold":200,"neow_bonus":"UPGRADE_CARD","is_prod":false,"is_daily":false,"chose_seed":false,"campfire_upgraded":0,"win_rate":0,"timestamp":1562026938,"path_taken":["M","?","?","M","M","E","R","M","T","R","$","?","M","M","R","BOSS","M","?","?","M","M","E"],"build_version":"2019-07-01","purchased_purges":0,"victory":false,"max_hp_per_floor":[70,70,70,70,70,70,70,70,70,70,70,70,70,70,70,70,70,70,70,70,70,70,70],"card_choices":[{"not_picked":["Riddle With Holes","Infinite Blades"],"picked":"Leg Sweep","floor":1},{"not_picked":["Bane","Outmaneuver"],"picked":"Backstab","floor":3},{"not_picked":["Choke","Acrobatics"],"picked":"Flying Knee","floor":4},{"not_picked":["Sucker Punch","Bouncing Flask"],"picked":"Deflect","floor":5},{"not_picked":["Expertise","Catalyst"],"picked":"Blade Dance","floor":6},{"not_picked":["Well Laid Plans","Underhanded Strike"],"picked":"Blur","floor":8},{"not_picked":["Predator","Riddle With Holes"],"picked":"Blur","floor":13},{"not_picked":["Caltrops","Prepared"],"picked":"Deflect","floor":14},{"not_picked":["Bullet Time","Burst"],"picked":"After Image","floor":16},{"not_picked":["Heel Hook","Well Laid Plans"],"picked":"Slice","floor":17},{"not_picked":["Poisoned Stab","Deadly Poison"],"picked":"Backstab","floor":17},{"not_picked":["Deadly Poison","Expertise"],"picked":"Quick Slash","floor":17},{"not_picked":["Prepared","Catalyst"],"picked":"Quick Slash","floor":17},{"not_picked":["PiercingWail","Poisoned Stab"],"picked":"Slice","floor":18},{"not_picked":["Dagger Spray","Backflip","Terror"],"picked":"Finisher+1","floor":21},{"not_picked":["Underhanded Strike","Quick Slash","Terror"],"picked":"Dagger Spray","floor":22}],"player_experience":835843,"relics_obtained":[{"floor":6,"key":"WingedGreaves"}],"event_choices":[{"damage_healed":0,"gold_gain":75,"player_choice":"Touch","damage_taken":7,"max_hp_gain":0,"max_hp_loss":0,"event_name":"FaceTrader","floor":2,"gold_loss":0},{"damage_healed":0,"gold_gain":0,"player_choice":"Entered Light","damage_taken":14,"max_hp_gain":0,"max_hp_loss":0,"event_name":"Shining Light","floor":12,"gold_loss":0,"cards_upgraded":["Flying Knee","Leg Sweep"]},{"damage_healed":0,"gold_gain":0,"player_choice":"Opened","damage_taken":0,"relics_obtained":["Question Card"],"max_hp_gain":0,"max_hp_loss":0,"event_name":"The Mausoleum","floor":19,"gold_loss":0,"cards_obtained":["Writhe"]},{"damage_healed":0,"gold_gain":0,"player_choice":"Inject Mutagens","damage_taken":0,"relics_obtained":["MutagenicStrength"],"max_hp_gain":0,"max_hp_loss":0,"event_name":"Drug Dealer","floor":20,"gold_loss":0}],"is_beta":false,"boss_relics":[{"not_picked":["Snecko Eye","Fusion Hammer"],"picked":"Orrery"}],"items_purged_floors":[],"is_endless":false,"potions_floor_spawned":[1,4,14,21],"killed_by":"Gremlin Leader","ascension_level":0}