{"gold_per_floor":[116,41,54,68,79,79,113,113,159,159,173,183,197,197,197,271,271,251,6,6,21,33,33],"floor_reached":23,"playtime":702,"items_purged":["Strike_G"],"score":385,"play_id":"639cb94c-1f8e-42a4-8514-1e3aa8937f67","local_time":"20180714155919","is_ascension_mode":true,"campfire_choices":[{"data":"Footwork","floor":6.0,"key":"SMITH"},{"floor":8.0,"key":"REST"},{"data":"Neutralize","floor":10.0,"key":"SMITH"},{"data":"Catalyst","floor":15.0,"key":"SMITH"}],"neow_cost":"CURSE","seed_source_timestamp":0,"circlet_count":0,"master_deck":["Defend_G","Defend_G","Defend_G","Defend_G","Defend_G","Strike_G","Strike_G","Strike_G","Strike_G","Survivor","Neutralize+1","AscendersBane","Footwork+1","Deadly Poison","Bane","Deadly Poison","Cloak And Dagger","Escape Plan","Night Terror","Backstab","Catalyst+1","Quick Slash","Corpse Explosion","PiercingWail","Catalyst","Bandage Up","Dagger Spray"],"special_seed":0,"relics":["Ring of the Snake","Incense Burner","Letter Opener","Potion Belt","Cursed Key"],"potions_floor_usage":[18,23],"damage_taken":[{"damage":9.0,"enemies":"2 Louse","floor":1.0,"turns":4.0},{"damage":3.0,"enemies":"Jaw Worm","floor":3.0,"turns":4.0},{"damage":2.0,"enemies":"Small Slimes","floor":4.0,"turns":4.0},{"damage":1.0,"enemies":"2 Fungi Beasts","floor":5.0,"turns":4.0},{"damage":28.0,"enemies":"3 Sentries","floor":7.0,"turns":9.0},{"damage":4.0,"enemies":"Lots of Slimes","floor":11.0,"turns":2.0},{"damage":0.0,"enemies":"Gremlin Gang","floor":12.0,"turns":4.0},{"damage":0.0,"enemies":"3 Louse","floor":13.0,"turns":3.0},{"damage":9.0,"enemies":"Hexaghost","floor":16.0,"turns":4.0},{"damage":15,"enemies":"2 Thieves","floor":18,"turns":4},{"damage":19,"enemies":"Chosen","floor":21,"turns":6},{"damage":1,"enemies":"Snecko","floor":22,"turns":4},{"damage":49,"enemies":"Book of Stabbing","floor":23,"turns":6}],"seed_played":"8121529401622629427","potions_obtained":[{"floor":3.0,"key":"Energy Potion"},{"floor":7.0,"key":"Explosive Potion"},{"floor":12.0,"key":"EssenceOfSteel"},{"floor":16.0,"key":"Energy Potion"},{"floor":18,"key":"Energy Potion"},{"floor":21,"key":"Regen Potion"}],"is_trial":false,"path_per_floor":["M","$","M","M","M","R","E","R","T","R","M","M","M","?","R","B",null,"M","$","?","M","M"],"character_chosen":"THE_SILENT","items_purchased":["Deadly Poison","Bane","Catalyst","Bandage Up"],"campfire_rested":1,"item_purchase_floors":[2,2,19,19],"current_hp_per_floor":[50,50,47,45,44,44,16,35,35,35,31,31,31,24,24,15,53,38,38,38,35,38,0],"gold":33,"neow_bonus":"ONE_RARE_RELIC","is_prod":false,"is_daily":false,"chose_seed":false,"campfire_upgraded":3,"win_rate":0,"timestamp":1531609159,"path_taken":["M","$","M","M","M","R","E","R","T","R","M","M","M","?","R","BOSS","M","$","?","M","?","E"],"build_version":"2018-07-13","purchased_purges":1,"victory":false,"max_hp_per_floor":[66,66,66,66,66,66,66,66,66,66,66,66,66,66,66,66,66,66,66,66,66,66,66],"card_choices":[{"not_picked":["Flying Knee","Escape Plan"],"picked":"Footwork","floor":1.0},{"not_picked":["Underhanded Strike","Dagger Spray"],"picked":"Deadly Poison","floor":3.0},{"not_picked":["Deflect","Bane"],"picked":"Cloak And Dagger","floor":4.0},{"not_picked":["Predator","Prepared"],"picked":"Escape Plan","floor":5.0},{"not_picked":["Slice","All Out Attack"],"picked":"Night Terror","floor":7.0},{"not_picked":["Bane","Dodge and Roll"],"picked":"Backstab","floor":11.0},{"not_picked":["Expertise","Terror"],"picked":"Catalyst","floor":12.0},{"not_picked":["Poisoned Stab","Infinite Blades"],"picked":"Quick Slash","floor":13.0},{"not_picked":["Venomology","Tools of the Trade"],"picked":"Corpse Explosion","floor":16.0},{"not_picked":["Expertise","Poisoned Stab"],"picked":"PiercingWail","floor":18},{"not_picked":["Sucker Punch","Underhanded Strike+1"],"picked":"Dagger Spray","floor":21}],"player_experience":642569,"relics_obtained":[{"floor":7.0,"key":"Letter Opener"},{"floor":9.0,"key":"Potion Belt"}],"event_choices":[{"event_name":"Golden Wing","player_choice":"Card Removal","floor":14.0,"damage_taken":0.0},{"event_name":"Beggar","player_choice":"Ignored","floor":20,"damage_taken":0}],"boss_relics":[{"not_picked":["HoveringKite","Runic Pyramid"],"picked":"Cursed Key"}],"items_purged_floors":[19],"is_endless":false,"potions_floor_spawned":[3,7,12,16,18,21],"killed_by":"Book of Stabbing","ascension_level":15}