{"gold_per_floor":[117,128,148,168,179,212,212,246,292,305,319,351,351,365,365,470,470,490,4,16,16,16,16,16,48,78,109,109,134,147,164,164,265,265,278,378,378,389,237,237,251,251,274,274,302,302,333,32,32,32],"floor_reached":51,"playtime":2058,"items_purged":["Strike_R","Strike_R+1","Strike_R+1"],"score":1148,"play_id":"e38e45d9-43c5-4d4f-98ea-469ccda4a815","local_time":"20190827231946","is_ascension_mode":true,"campfire_choices":[{"data":"Demon Form","floor":7,"key":"SMITH"},{"data":"Heavy Blade","floor":13,"key":"SMITH"},{"data":"Combust","floor":15,"key":"SMITH"},{"data":"Immolate","floor":23,"key":"SMITH"},{"data":"Clothesline","floor":28,"key":"SMITH"},{"data":"Feed","floor":32,"key":"SMITH"},{"data":"Pummel","floor":40,"key":"SMITH"},{"data":"Iron Wave","floor":42,"key":"SMITH"},{"data":"Dropkick","floor":44,"key":"SMITH"},{"data":"Dropkick","floor":49,"key":"SMITH"}],"neow_cost":"NONE","seed_source_timestamp":642714389209000,"circlet_count":0,"master_deck":["Strike_R+1","Defend_R+1","Defend_R+1","Defend_R+1","Defend_R+1","Bash+1","Iron Wave+1","Pommel Strike","Dropkick+1","Demon Form+1","Combust+1","Dropkick+1","Disarm+1","Power Through+1","Flex+1","Heavy Blade+1","Seeing Red+1","Immolate+1","Clothesline+1","Limit Break+1","True Grit+1","Necronomicurse","Ghostly Armor+1","Feed+1","Limit Break+1","Iron Wave+1","Corruption+1","Flex+1","Reaper","True Grit+1","True Grit+1","Purity+1"],"relics":["Black Blood","Bottled Flame","Toxic Egg 2","Dream Catcher","Ornamental Fan","Bottled Lightning","Necronomicon","Boot","Tiny Chest","Art of War","Strawberry","Runic Pyramid","Charon\u0027s Ashes","Lantern","Mummified Hand","Centennial Puzzle"],"potions_floor_usage":[2,5,12,18,20,27,31,33,50,50,50],"damage_taken":[{"damage":1,"enemies":"Cultist","floor":1,"turns":4},{"damage":2,"enemies":"Small Slimes","floor":2,"turns":4},{"damage":6,"enemies":"2 Louse","floor":3,"turns":2},{"damage":9,"enemies":"Blue Slaver","floor":4,"turns":6},{"damage":16,"enemies":"Lots of Slimes","floor":5,"turns":2},{"damage":17,"enemies":"Lagavulin","floor":6,"turns":5},{"damage":8,"enemies":"Gremlin Nob","floor":8,"turns":3},{"damage":7,"enemies":"Looter","floor":10,"turns":3},{"damage":8,"enemies":"Exordium Wildlife","floor":11,"turns":8},{"damage":10,"enemies":"3 Sentries","floor":12,"turns":5},{"damage":3,"enemies":"2 Fungi Beasts","floor":14,"turns":3},{"damage":20,"enemies":"The Guardian","floor":16,"turns":8},{"damage":9,"enemies":"3 Byrds","floor":18,"turns":4},{"damage":18,"enemies":"Spheric Guardian","floor":20,"turns":5},{"damage":18,"enemies":"Slavers","floor":25,"turns":4},{"damage":5,"enemies":"Gremlin Leader","floor":27,"turns":5},{"damage":26,"enemies":"Cultist and Chosen","floor":30,"turns":7},{"damage":15,"enemies":"Shelled Parasite and Fungi","floor":31,"turns":8},{"damage":10,"enemies":"Collector","floor":33,"turns":5},{"damage":4,"enemies":"Orb Walker","floor":35,"turns":2},{"damage":9,"enemies":"Mind Bloom Boss Battle","floor":36,"turns":7},{"damage":0,"enemies":"3 Shapes","floor":38,"turns":1},{"damage":3,"enemies":"Transient","floor":41,"turns":5},{"damage":30,"enemies":"Reptomancer","floor":45,"turns":5},{"damage":10,"enemies":"Nemesis","floor":47,"turns":3},{"damage":32,"enemies":"Awakened One","floor":50,"turns":7}],"seed_played":"5053486812799692313","potions_obtained":[{"floor":1,"key":"PowerPotion"},{"floor":2,"key":"Fruit Juice"},{"floor":4,"key":"EssenceOfSteel"},{"floor":8,"key":"Weak Potion"},{"floor":10,"key":"Energy Potion"},{"floor":14,"key":"AttackPotion"},{"floor":20,"key":"BloodPotion"},{"floor":25,"key":"Swift Potion"},{"floor":45,"key":"LiquidBronze"},{"floor":47,"key":"Strength Potion"}],"is_trial":false,"path_per_floor":["M","M","M","M","M","E","R","E","T","M","M","E","R","M","R","B",null,"M","$","M","?","?","R","?","E","T","E","R","T","M","M","R","B",null,"M","?","?","M","$","R","M","R","T","R","E","?","E","$","R","B",null],"character_chosen":"IRONCLAD","items_purchased":["Bottled Lightning","Limit Break+1","Flex+1","True Grit+1","Block Potion","Purity+1"],"campfire_rested":0,"item_purchase_floors":[19,19,39,48,48,48],"current_hp_per_floor":[77,85,85,82,72,61,61,59,59,58,56,52,52,55,55,41,74,75,75,67,67,67,67,51,43,43,48,48,55,39,57,57,57,83,93,98,98,100,100,100,100,100,100,100,84,84,88,88,88,66],"gold":32,"neow_bonus":"UPGRADE_CARD","is_prod":false,"is_daily":false,"chose_seed":false,"campfire_upgraded":10,"win_rate":0,"timestamp":1566915586,"path_taken":["M","M","?","M","M","E","R","E","T","M","M","E","R","M","R","BOSS","M","?","M","?","?","R","?","E","T","E","R","?","M","M","R","BOSS","M","?","?","?","$","R","?","R","T","R","E","?","E","$","R","BOSS"],"build_version":"2019-07-17","purchased_purges":3,"victory":true,"max_hp_per_floor":[80,85,85,85,85,85,85,85,85,85,85,85,85,85,85,85,85,85,85,85,85,85,85,85,85,85,85,85,92,92,92,92,92,92,96,100,100,100,100,100,100,100,100,100,104,104,108,108,108,108],"card_choices":[{"not_picked":["Headbutt","Clash"],"picked":"Iron Wave","floor":1},{"not_picked":["Intimidate","Entrench"],"picked":"Pommel Strike","floor":2},{"not_picked":["Heavy Blade","Metallicize"],"picked":"Dropkick","floor":3},{"not_picked":["Wild Strike","Pommel Strike"],"picked":"Demon Form","floor":4},{"not_picked":["Blood for Blood","Anger"],"picked":"Combust","floor":5},{"not_picked":["Hemokinesis","Searing Blow"],"picked":"Dropkick","floor":6},{"not_picked":["Dropkick","Headbutt"],"picked":"Disarm","floor":8},{"not_picked":["Twin Strike","Armaments+1"],"picked":"Power Through+1","floor":10},{"not_picked":["Entrench+1","Anger"],"picked":"Flex+1","floor":11},{"not_picked":["Armaments+1","Hemokinesis"],"picked":"Heavy Blade","floor":12},{"not_picked":["Perfected Strike","Blood for Blood"],"picked":"Seeing Red+1","floor":14},{"not_picked":["Dark Embrace","Demon Form"],"picked":"Immolate","floor":16},{"not_picked":["Armaments+1","Flex+1"],"picked":"Clothesline","floor":18},{"not_picked":["Burning Pact+1","Corruption"],"picked":"True Grit+1","floor":20},{"not_picked":["Rupture","Wild Strike+1"],"picked":"Pummel","floor":25},{"not_picked":["Armaments+1","Pommel Strike"],"picked":"Ghostly Armor+1","floor":27},{"not_picked":["Cleave","Thunderclap","Havoc+1"],"picked":"SKIP","floor":30},{"not_picked":["Searing Blow","Warcry+1"],"picked":"Feed","floor":31},{"not_picked":["Berserk","Impervious+1"],"picked":"Limit Break+1","floor":33},{"not_picked":["Dual Wield+1","Cleave+1"],"picked":"Iron Wave+1","floor":35},{"not_picked":["Headbutt","Wild Strike+1"],"picked":"Corruption+1","floor":38},{"not_picked":["Armaments+1","Twin Strike","Anger"],"picked":"SKIP","floor":41},{"not_picked":["Bloodletting+1","Havoc+1"],"picked":"Reaper","floor":45},{"not_picked":["Perfected Strike","Burning Pact+1"],"picked":"True Grit+1","floor":47}],"player_experience":266771,"relics_obtained":[{"floor":6,"key":"Bottled Flame"},{"floor":8,"key":"Toxic Egg 2"},{"floor":9,"key":"Dream Catcher"},{"floor":12,"key":"Ornamental Fan"},{"floor":24,"key":"Necronomicon"},{"floor":25,"key":"Boot"},{"floor":26,"key":"Tiny Chest"},{"floor":27,"key":"Art of War"},{"floor":29,"key":"Strawberry"},{"floor":36,"key":"Charon\u0027s Ashes"},{"floor":43,"key":"Lantern"},{"floor":45,"key":"Mummified Hand"},{"floor":47,"key":"Centennial Puzzle"}],"event_choices":[{"damage_healed":0,"gold_gain":0,"player_choice":"Simplicity","damage_taken":0,"max_hp_gain":0,"max_hp_loss":0,"event_name":"Back to Basics","floor":21,"gold_loss":0,"cards_upgraded":["Strike_R","Strike_R","Strike_R","Strike_R","Defend_R","Defend_R","Defend_R","Defend_R"]},{"damage_healed":0,"gold_gain":0,"player_choice":"Ignored","damage_taken":0,"max_hp_gain":0,"max_hp_loss":0,"event_name":"Ghosts","floor":22,"gold_loss":0},{"damage_healed":0,"gold_gain":0,"player_choice":"Obtained Book","damage_taken":16,"max_hp_gain":0,"max_hp_loss":0,"event_name":"Cursed Tome","floor":24,"gold_loss":0},{"damage_healed":0,"gold_gain":0,"player_choice":"Fight","damage_taken":0,"max_hp_gain":0,"max_hp_loss":0,"event_name":"MindBloom","floor":36,"gold_loss":0},{"cards_removed":["Strike_R"],"damage_healed":0,"gold_gain":0,"player_choice":"Purged","damage_taken":0,"max_hp_gain":0,"max_hp_loss":0,"event_name":"Purifier","floor":37,"gold_loss":0},{"cards_removed":["Pummel"],"damage_healed":0,"gold_gain":0,"player_choice":"Removed Attack","damage_taken":0,"max_hp_gain":0,"max_hp_loss":0,"event_name":"Falling","floor":46,"gold_loss":0}],"is_beta":false,"boss_relics":[{"not_picked":["Coffee Dripper","Pandora\u0027s Box"],"picked":"Black Blood"},{"not_picked":["Eternal Feather","Cursed Key"],"picked":"Runic Pyramid"}],"items_purged_floors":[19,39,48],"is_endless":false,"potions_floor_spawned":[1,2,4,8,10,14,20,25,45,47],"ascension_level":9}