{"path_per_floor":["M","M","$","M","$","R","M","R","T","E","R","M","M","?","R","B",null,"M","$","M","?","?","E","R","M","T","R","E","?","R","E","R","B",null,"M","$","?","T","$","R","M","M","T","R","M","$"],"character_chosen":"THE_SILENT","items_purchased":["Omamori","Infinite Blades"],"gold_per_floor":[117,131,56,67,67,67,85,85,85,116,116,133,151,180,180,279,309,322,34,48,48,48,78,78,91,91,91,120,120,120,149,149,251,251,261,136,136,136,136,136,155,171,217,217,237,87],"floor_reached":47,"campfire_rested":3,"playtime":7376,"current_hp_per_floor":[70,70,70,70,70,70,67,67,67,63,63,64,63,46,46,45,75,59,59,42,42,67,48,48,29,29,51,37,37,74,23,60,54,75,61,61,61,61,61,61,37,39,39,39,1,1],"items_purged":["Strike_G","Strike_G","Strike_G","Survivor"],"gold":87,"score":479,"play_id":"fdb9804f-27a5-48e2-9d86-984cda5cb98d","is_prod":false,"is_daily":false,"is_ascension_mode":true,"campfire_upgraded":7,"path_taken":["M","M","$","M","$","R","M","R","T","E","R","M","?","?","R","BOSS","M","$","?","?","?","E","R","M","T","R","E","?","R","E","R","BOSS","M","$","?","?","?","R","M","M","T","R","M","$","M"],"build_version":"2018-02-22-PROD2","purchased_purges":4,"victory":false,"master_deck":["Defend_G+1","Defend_G+1","Defend_G+1","Defend_G+1","Defend_G+1","Strike_G+1","Strike_G+1","Neutralize","Catalyst+1","Deadly Poison+1","Deadly Poison+1","Deadly Poison","Backflip+1","Night Terror+1","Dagger Throw+1","Well Laid Plans","Infinite Blades","Prepared","Burst+1","Prepared+1"],"max_hp_per_floor":[70,70,70,70,70,70,70,70,70,70,70,70,70,70,70,70,75,75,75,75,75,75,75,75,75,75,75,75,75,75,75,75,75,75,75,75,75,75,75,75,75,75,75,75,75,75],"relics":["Ring of the Snake","Tingsha","Tough Bandages","Odd Mushroom","Tiny House","Omamori","Shuriken","Whetstone","Regal Pillow","Vajra","Sozu","Bird Faced Urn","Bronze Scales"],"card_choices":[{"not_picked":["Distraction","Endless Agony"],"picked":"Catalyst"},{"not_picked":["Prepared","Heel Hook"],"picked":"Deadly Poison"},{"not_picked":["Sucker Punch","Catalyst"],"picked":"Deadly Poison"},{"not_picked":["Slice","Crippling Poison"],"picked":"Deadly Poison"},{"not_picked":["Eviscerate","Underhanded Strike"],"picked":"Backflip"},{"not_picked":["After Image","Phantasmal Killer"],"picked":"Night Terror"},{"not_picked":["Distraction","Underhanded Strike"],"picked":"Dagger Throw"},{"not_picked":["Flying Knee","Footwork"],"picked":"Well Laid Plans"},{"not_picked":["Sucker Punch","Riddle With Holes"],"picked":"Prepared"},{"not_picked":["Bullet Time","Wraith Form"],"picked":"Burst"},{"not_picked":["Dodge and Roll","Dagger Throw"],"picked":"Prepared"}],"player_experience":87145,"potions_floor_usage":[12,14,23,23,31,31,41,45],"damage_taken":[{"damage":0,"enemies":"Cultist","floor":1,"turns":4},{"damage":0,"enemies":"2 Louse","floor":2,"turns":3},{"damage":0,"enemies":"Jaw Worm","floor":4,"turns":3},{"damage":3,"enemies":"2 Fungi Beasts","floor":7,"turns":5},{"damage":4,"enemies":"3 Sentries","floor":10,"turns":11},{"damage":8,"enemies":"Lots of Slimes","floor":12,"turns":5},{"damage":1,"enemies":"Exordium Thugs","floor":13,"turns":3},{"damage":17,"enemies":"The Mushroom Lair","floor":14,"turns":6},{"damage":1,"enemies":"Hexaghost","floor":16,"turns":7},{"damage":16,"enemies":"3 Byrds","floor":18,"turns":8},{"damage":17,"enemies":"Spheric Guardian","floor":20,"turns":4},{"damage":19,"enemies":"Slavers","floor":23,"turns":9},{"damage":19,"enemies":"Snake Plant","floor":25,"turns":6},{"damage":14,"enemies":"Book of Stabbing","floor":28,"turns":4},{"damage":51,"enemies":"Slavers","floor":31,"turns":8},{"damage":6,"enemies":"Champ","floor":33,"turns":5},{"damage":14,"enemies":"3 Shapes","floor":35,"turns":6},{"damage":28,"enemies":"3 Darklings","floor":41,"turns":7},{"damage":0,"enemies":"Maw","floor":42,"turns":2},{"damage":40,"enemies":"Sphere and 2 Shapes","floor":45,"turns":7},{"damage":4,"enemies":"4 Shapes","floor":47,"turns":4}],"event_choices":[{"event_name":"Mushrooms","player_choice":"Fought Mushrooms","floor":14,"damage_taken":0},{"event_name":"Drug Dealer","player_choice":"Ignored","floor":21,"damage_taken":0},{"event_name":"The Library","player_choice":"Heal","floor":22,"damage_taken":0},{"event_name":"Back to Basics","player_choice":"Simplicity","floor":29,"damage_taken":0},{"event_name":"Mysterious Sphere","player_choice":"Ignore","floor":37,"damage_taken":0}],"boss_relics":[{"not_picked":["Philosopher\u0027s Stone","Snecko Eye"],"picked":"Tiny House"},{"not_picked":["White Beast Statue","Astrolabe"],"picked":"Sozu"}],"potions_floor_spawned":[7,12,13,14,16,25,28,31,45],"seed_played":"1731974801874724656","killed_by":"4 Shapes","ascension_level":1,"is_trial":false}