{"gold_per_floor":[17,17,42,42,56,56,80,111,111,111,132,132,165,13,13,133,133,153,153,153,172,193,193,236,236,236,236,255,278,58,58,58,182,182,201,101,120,184,197,238,256,256,280,324,340,340,102,125,125,125],"floor_reached":51,"playtime":2930,"items_purged":["Regret","Strike_R"],"score":827,"play_id":"eee12cd9-a626-4823-88b8-05e2e0ffb6a8","local_time":"20190527201935","is_ascension_mode":false,"campfire_choices":[{"data":"Body Slam","floor":6,"key":"SMITH"},{"data":"Inflame","floor":10,"key":"SMITH"},{"floor":15,"key":"REST"},{"data":"Armaments","floor":23,"key":"SMITH"},{"floor":25,"key":"REST"},{"floor":27,"key":"REST"},{"data":"Barricade","floor":32,"key":"SMITH"},{"data":"Corruption","floor":42,"key":"SMITH"},{"floor":46,"key":"REST"},{"data":"Juggernaut","floor":49,"key":"SMITH"}],"neow_cost":"NO_GOLD","seed_source_timestamp":1032225707732714,"circlet_count":0,"master_deck":["Strike_R","Strike_R","Defend_R","Defend_R","Defend_R","Defend_R","Bash","Body Slam+1","Inflame+1","Juggernaut+1","Barricade+1","Entrench","Corruption+1","Armaments+1","Iron Wave+1","Metallicize+1","Iron Wave","Impervious","Battle Trance+1","Shrug It Off","Iron Wave+1","Shrug It Off+1","Clumsy","Shrug It Off+1"],"relics":["Burning Blood","Golden Idol","Thread and Needle","Mango","Odd Mushroom","Orichalcum","Cursed Key","Unceasing Top","Magic Flower","Juzu Bracelet","CultistMask","Sozu","Champion Belt","Dream Catcher","Red Skull","Kunai","Bottled Tornado"],"potions_floor_usage":[8,13,24,33,35],"damage_taken":[{"damage":5,"enemies":"Cultist","floor":1,"turns":4},{"damage":10,"enemies":"2 Louse","floor":3,"turns":3},{"damage":6,"enemies":"Jaw Worm","floor":5,"turns":5},{"damage":4,"enemies":"3 Louse","floor":7,"turns":5},{"damage":34,"enemies":"Lagavulin","floor":8,"turns":8},{"damage":6,"enemies":"Looter","floor":11,"turns":3},{"damage":24,"enemies":"The Mushroom Lair","floor":13,"turns":4},{"damage":22,"enemies":"Slime Boss","floor":16,"turns":9},{"damage":25,"enemies":"3 Byrds","floor":18,"turns":6},{"damage":0,"enemies":"Spheric Guardian","floor":21,"turns":6},{"damage":29,"enemies":"Snake Plant","floor":22,"turns":5},{"damage":40,"enemies":"Book of Stabbing","floor":24,"turns":6},{"damage":14,"enemies":"Centurion and Healer","floor":28,"turns":7},{"damage":15,"enemies":"3 Cultists","floor":29,"turns":6},{"damage":0,"enemies":"Collector","floor":33,"turns":6},{"damage":17,"enemies":"3 Darklings","floor":35,"turns":6},{"damage":1,"enemies":"Orb Walker","floor":37,"turns":3},{"damage":34,"enemies":"2 Orb Walkers","floor":38,"turns":4},{"damage":11,"enemies":"Jaw Worm Horde","floor":39,"turns":5},{"damage":0,"enemies":"Giant Head","floor":40,"turns":5},{"damage":7,"enemies":"4 Shapes","floor":41,"turns":4},{"damage":27,"enemies":"Nemesis","floor":44,"turns":7},{"damage":18,"enemies":"Maw","floor":45,"turns":5},{"damage":10,"enemies":"Transient","floor":48,"turns":5},{"damage":14,"enemies":"Time Eater","floor":50,"turns":9}],"seed_played":"8419315774693610948","potions_obtained":[{"floor":1,"key":"Block Potion"},{"floor":8,"key":"BloodPotion"},{"floor":22,"key":"SkillPotion"},{"floor":28,"key":"Swift Potion"},{"floor":29,"key":"FearPotion"}],"is_trial":false,"path_per_floor":["M","?","M","?","M","R","M","E","T","R","M","?","?","$","R","B",null,"M","?","?","M","M","R","E","R","T","R","M","M","$","?","R","B",null,"M","$","M","?","M","E","M","R","T","E","M","R","$","M","R","B",null],"character_chosen":"IRONCLAD","items_purchased":["Orichalcum","Juzu Bracelet","Bottled Tornado"],"campfire_rested":4,"item_purchase_floors":[14,30,47],"current_hp_per_floor":[96,89,85,85,85,85,87,59,73,73,73,73,65,65,95,79,103,84,84,84,90,67,67,33,63,63,93,88,82,82,82,82,91,103,95,95,103,78,76,85,87,87,87,69,60,90,90,89,89,84],"gold":125,"neow_bonus":"TWENTY_PERCENT_HP_BONUS","is_prod":false,"is_daily":false,"chose_seed":false,"campfire_upgraded":6,"win_rate":0,"timestamp":1559002775,"path_taken":["M","?","M","?","M","R","M","E","T","R","M","?","?","?","R","BOSS","M","?","?","M","M","R","E","R","T","R","M","M","?","?","R","BOSS","M","?","M","?","M","E","M","R","T","E","M","R","$","M","R","BOSS"],"build_version":"2019-01-23","purchased_purges":2,"victory":true,"max_hp_per_floor":[96,89,89,89,89,89,89,89,103,103,103,103,103,103,103,103,103,103,103,103,103,103,103,103,103,103,103,103,103,103,103,103,103,103,103,103,103,103,103,103,103,103,103,103,103,103,103,103,103,103],"card_choices":[{"not_picked":["Reckless Charge","Twin Strike"],"picked":"Body Slam","floor":1},{"not_picked":["Second Wind","Perfected Strike","Iron Wave"],"picked":"SKIP","floor":3},{"not_picked":["Headbutt","Sword Boomerang"],"picked":"Inflame","floor":5},{"not_picked":["Rampage","Heavy Blade","Anger"],"picked":"SKIP","floor":7},{"not_picked":["Cleave","Bloodletting"],"picked":"Juggernaut","floor":8},{"not_picked":["Blood for Blood","Pommel Strike","Hemokinesis"],"picked":"SKIP","floor":11},{"not_picked":["Juggernaut","Dark Embrace"],"picked":"Barricade","floor":16},{"not_picked":["Pommel Strike","Headbutt","Heavy Blade+1"],"picked":"SKIP","floor":18},{"not_picked":["Fire Breathing","Infernal Blade+1","Flex"],"picked":"SKIP","floor":21},{"not_picked":["Rampage","Hemokinesis+1"],"picked":"Armaments","floor":22},{"not_picked":["Entrench","Flex"],"picked":"Iron Wave+1","floor":24},{"not_picked":["Spot Weakness","Double Tap"],"picked":"Metallicize+1","floor":28},{"not_picked":["Twin Strike","Cleave"],"picked":"Iron Wave","floor":29},{"not_picked":["Juggernaut","Double Tap"],"picked":"Impervious","floor":33},{"not_picked":["Spot Weakness","Headbutt+1"],"picked":"Battle Trance+1","floor":35},{"not_picked":["Dropkick+1","Rupture"],"picked":"Shrug It Off","floor":37},{"not_picked":["Pummel+1","Cleave+1"],"picked":"Iron Wave+1","floor":38},{"not_picked":["Carnage+1","Flame Barrier+1"],"picked":"Shrug It Off+1","floor":39},{"not_picked":["Ghostly Armor+1","Warcry+1","Cleave"],"picked":"SKIP","floor":40},{"not_picked":["Thunderclap","Cleave","Clothesline+1"],"picked":"SKIP","floor":41},{"not_picked":["Perfected Strike","True Grit","Clothesline+1"],"picked":"SKIP","floor":44},{"not_picked":["Reckless Charge+1","Reaper","Pummel+1"],"picked":"SKIP","floor":45},{"not_picked":["Iron Wave","Burning Pact+1"],"picked":"Shrug It Off+1","floor":46},{"not_picked":["Warcry+1","Twin Strike+1","Searing Blow+1"],"picked":"SKIP","floor":48}],"player_experience":20698,"relics_obtained":[{"floor":8,"key":"Thread and Needle"},{"floor":9,"key":"Mango"},{"floor":13,"key":"Odd Mushroom"},{"floor":24,"key":"Unceasing Top"},{"floor":26,"key":"Magic Flower"},{"floor":38,"key":"Champion Belt"},{"floor":40,"key":"Dream Catcher"},{"floor":43,"key":"Red Skull"},{"floor":44,"key":"Kunai"}],"event_choices":[{"damage_healed":0,"gold_gain":0,"player_choice":"Lose Max HP","damage_taken":0,"relics_obtained":["Golden Idol"],"max_hp_gain":0,"max_hp_loss":7,"event_name":"Golden Idol","floor":2,"gold_loss":0},{"damage_healed":0,"gold_gain":0,"player_choice":"Leave","damage_taken":0,"max_hp_gain":0,"max_hp_loss":0,"event_name":"The Cleric","floor":4,"gold_loss":0},{"damage_healed":0,"gold_gain":0,"player_choice":"Ignored","damage_taken":0,"max_hp_gain":0,"max_hp_loss":0,"event_name":"Liars Game","floor":12,"gold_loss":0},{"damage_healed":0,"gold_gain":0,"player_choice":"Fought Mushrooms","damage_taken":0,"max_hp_gain":0,"max_hp_loss":0,"event_name":"Mushrooms","floor":13,"gold_loss":0},{"damage_healed":0,"gold_gain":0,"player_choice":"Ignored","damage_taken":0,"max_hp_gain":0,"max_hp_loss":0,"event_name":"Ghosts","floor":19,"gold_loss":0},{"damage_healed":0,"gold_gain":0,"cards_transformed":["Strike_R","Strike_R"],"player_choice":"Became Test Subject","damage_taken":0,"max_hp_gain":0,"max_hp_loss":0,"event_name":"Drug Dealer","floor":20,"gold_loss":0,"cards_obtained":["Entrench","Corruption"]},{"damage_healed":0,"gold_gain":0,"player_choice":"Trade","damage_taken":0,"relics_obtained":["CultistMask"],"max_hp_gain":0,"max_hp_loss":0,"event_name":"FaceTrader","floor":31,"gold_loss":0},{"damage_healed":0,"gold_gain":0,"player_choice":"Fight","damage_taken":0,"max_hp_gain":0,"max_hp_loss":0,"event_name":"Mysterious Sphere","floor":38,"gold_loss":0}],"is_beta":false,"boss_relics":[{"not_picked":["Runic Dome","Orrery"],"picked":"Cursed Key"},{"not_picked":["Philosopher\u0027s Stone","Fusion Hammer"],"picked":"Sozu"}],"items_purged_floors":[30,36],"is_endless":false,"potions_floor_spawned":[1,8,22,28,29,35,37,40,48],"ascension_level":0}