{"gold_per_floor":[118,68,87,87,100,112,130,130,130,155,104,116,129,139,139,244,244,256,355,270,47,58,87,87,104,128,145,179,193,193,203,203,304,304,324,324,143,243,118,118,165,165,189,200,213,238,57,75,75,75],"floor_reached":51,"playtime":2758,"items_purged":["Strike_B","Strike_B","Strike_B"],"score":771,"play_id":"df9d0a86-ae9e-495c-a621-a311fdf42c6b","local_time":"20190805202650","is_ascension_mode":false,"campfire_choices":[{"data":"Dualcast","floor":8,"key":"SMITH"},{"data":"Barrage","floor":15,"key":"SMITH"},{"data":"Go for the Eyes","floor":24,"key":"SMITH"},{"data":"Coolheaded","floor":30,"key":"SMITH"},{"data":"Electrodynamics","floor":32,"key":"SMITH"},{"data":"Buffer","floor":40,"key":"SMITH"},{"data":"Defend_B","floor":42,"key":"SMITH"},{"data":"Capacitor","floor":49,"key":"SMITH"}],"neow_cost":"NONE","seed_source_timestamp":353873488504700,"circlet_count":0,"master_deck":["Defend_B+1","Defend_B","Defend_B","Defend_B","Zap+1","Dualcast+1","Compile Driver","Go for the Eyes+1","Sweeping Beam","Coolheaded+1","Hologram+1","Coolheaded+1","Glacier+1","Barrage+1","Ball Lightning","All For One","Conserve Battery+1","Redo+1","Steam+1","Redo+1","Leap+1","Electrodynamics+1","Buffer+1","Secret Technique+1","Panacea+1","Finesse+1","Self Repair","Loop","Consume+1","Capacitor+1"],"relics":["Cracked Core","NeowsBlessing","Mercury Hourglass","Toxic Egg 2","Coffee Dripper","Pen Nib","Bag of Preparation","Oddly Smooth Stone","Regal Pillow","Bottled Lightning","Runic Pyramid","Peace Pipe","Ice Cream","Juzu Bracelet","Centennial Puzzle","Lantern"],"potions_floor_usage":[10,33,50],"damage_taken":[{"damage":0,"enemies":"Cultist","floor":1,"turns":1},{"damage":0,"enemies":"2 Louse","floor":3,"turns":1},{"damage":0,"enemies":"Jaw Worm","floor":5,"turns":1},{"damage":4,"enemies":"Large Slime","floor":6,"turns":5},{"damage":0,"enemies":"Looter","floor":7,"turns":3},{"damage":0,"enemies":"Gremlin Nob","floor":10,"turns":2},{"damage":2,"enemies":"Exordium Thugs","floor":12,"turns":3},{"damage":0,"enemies":"Exordium Wildlife","floor":13,"turns":2},{"damage":0,"enemies":"Blue Slaver","floor":14,"turns":3},{"damage":28,"enemies":"Slime Boss","floor":16,"turns":7},{"damage":0,"enemies":"Chosen","floor":18,"turns":3},{"damage":1,"enemies":"2 Thieves","floor":22,"turns":3},{"damage":6,"enemies":"Slavers","floor":23,"turns":4},{"damage":1,"enemies":"Shelled Parasite and Fungi","floor":25,"turns":3},{"damage":0,"enemies":"Sentry and Sphere","floor":27,"turns":3},{"damage":15,"enemies":"Gremlin Leader","floor":28,"turns":7},{"damage":2,"enemies":"Cultist and Chosen","floor":29,"turns":6},{"damage":0,"enemies":"Centurion and Healer","floor":31,"turns":3},{"damage":25,"enemies":"Automaton","floor":33,"turns":5},{"damage":0,"enemies":"3 Shapes","floor":35,"turns":4},{"damage":0,"enemies":"Mind Bloom Boss Battle","floor":38,"turns":6},{"damage":9,"enemies":"2 Orb Walkers","floor":41,"turns":3},{"damage":0,"enemies":"Orb Walker","floor":44,"turns":2},{"damage":0,"enemies":"4 Shapes","floor":45,"turns":4},{"damage":4,"enemies":"Reptomancer","floor":46,"turns":6},{"damage":0,"enemies":"Transient","floor":48,"turns":5},{"damage":0,"enemies":"Time Eater","floor":50,"turns":11}],"seed_played":"83639205095864445","potions_obtained":[{"floor":1,"key":"SteroidPotion"},{"floor":3,"key":"Ancient Potion"},{"floor":12,"key":"FearPotion"},{"floor":13,"key":"Energy Potion"},{"floor":14,"key":"Ancient Potion"},{"floor":25,"key":"FocusPotion"},{"floor":29,"key":"FocusPotion"},{"floor":44,"key":"FearPotion"}],"is_trial":false,"path_per_floor":["M","?","M","?","M","M","M","R","T","E","$","M","M","M","R","B",null,"M","?","?","$","M","E","R","M","T","M","E","M","R","M","R","B",null,"M","?","$","?","$","R","?","R","T","M","M","E","$","M","R","B",null],"character_chosen":"DEFECT","items_purchased":["Coolheaded+1","Bag of Preparation","Self Repair","Capacitor","Lantern"],"campfire_rested":0,"item_purchase_floors":[11,21,37,47,47],"current_hp_per_floor":[75,75,75,75,75,71,71,71,71,71,71,69,69,69,69,41,75,75,75,75,75,74,68,68,67,67,67,52,50,50,50,50,25,75,75,65,65,72,72,72,63,63,63,63,70,73,73,75,75,75],"gold":75,"neow_bonus":"THREE_ENEMY_KILL","is_prod":false,"is_daily":false,"chose_seed":false,"campfire_upgraded":8,"win_rate":0,"timestamp":1565051210,"path_taken":["M","?","M","?","M","?","M","R","T","E","$","M","M","M","R","BOSS","M","?","?","$","M","E","R","M","T","M","E","M","R","M","R","BOSS","M","?","$","?","$","R","?","R","T","M","M","E","$","M","R","BOSS"],"build_version":"2019-07-17","purchased_purges":3,"victory":true,"max_hp_per_floor":[75,75,75,75,75,75,75,75,75,75,75,75,75,75,75,75,75,75,75,75,75,75,75,75,75,75,75,75,75,75,75,75,75,75,75,75,75,75,75,75,75,75,75,75,75,75,75,75,75,75],"card_choices":[{"not_picked":["Rebound","Streamline"],"picked":"Compile Driver","floor":1},{"not_picked":["Skim","Heatsinks"],"picked":"Go for the Eyes","floor":3},{"not_picked":["Consume","Gash"],"picked":"Sweeping Beam","floor":5},{"not_picked":["Hello World","Reprogram"],"picked":"Coolheaded","floor":6},{"not_picked":["Thunder Strike","Leap","Beam Cell"],"picked":"SKIP","floor":7},{"not_picked":["Recycle","Skim"],"picked":"Hologram","floor":10},{"not_picked":["Compile Driver","Leap+1"],"picked":"Glacier+1","floor":12},{"not_picked":["Compile Driver","Turbo+1"],"picked":"Barrage","floor":13},{"not_picked":["Rebound","Chill+1"],"picked":"Ball Lightning","floor":14},{"not_picked":["Thunder Strike","Multi-Cast+1"],"picked":"All For One","floor":16},{"not_picked":["Go for the Eyes+1","Compile Driver"],"picked":"Conserve Battery+1","floor":18},{"not_picked":["Hello World+1","Cold Snap+1"],"picked":"Redo+1","floor":22},{"not_picked":["Conserve Battery+1","Cold Snap"],"picked":"Steam+1","floor":23},{"not_picked":["Beam Cell+1","Sunder"],"picked":"Redo+1","floor":25},{"not_picked":["Cold Snap","Tempest+1"],"picked":"Leap+1","floor":27},{"not_picked":["Turbo+1","Electrodynamics","Storm"],"picked":"SKIP","floor":28},{"not_picked":["Turbo+1","Storm"],"picked":"Electrodynamics","floor":28},{"not_picked":["Go for the Eyes","Lockon","Conserve Battery+1"],"picked":"SKIP","floor":29},{"not_picked":["Leap+1","Cold Snap","Sweeping Beam"],"picked":"SKIP","floor":31},{"not_picked":["Multi-Cast+1","Fission+1"],"picked":"Buffer","floor":33},{"not_picked":["Cold Snap","Reprogram+1","Steam Power+1"],"picked":"SKIP","floor":35},{"not_picked":["Madness+1","Magnetism"],"picked":"Secret Technique+1","floor":36},{"not_picked":["Trip+1","Swift Strike"],"picked":"Panacea+1","floor":36},{"not_picked":["Impatience+1","Enlightenment+1"],"picked":"Finesse+1","floor":36},{"not_picked":["Cold Snap","Ball Lightning+1","Redo+1"],"picked":"SKIP","floor":44},{"not_picked":["Conserve Battery+1","Aggregate+1"],"picked":"Loop","floor":45},{"not_picked":["Go for the Eyes","Force Field+1"],"picked":"Consume+1","floor":46},{"not_picked":["FTL+1","Cold Snap+1","Beam Cell"],"picked":"SKIP","floor":48}],"player_experience":2617583,"relics_obtained":[{"floor":9,"key":"Mercury Hourglass"},{"floor":10,"key":"Toxic Egg 2"},{"floor":23,"key":"Oddly Smooth Stone"},{"floor":26,"key":"Regal Pillow"},{"floor":28,"key":"Bottled Lightning"},{"floor":38,"key":"Peace Pipe"},{"floor":41,"key":"Ice Cream"},{"floor":43,"key":"Juzu Bracelet"},{"floor":46,"key":"Centennial Puzzle"}],"event_choices":[{"cards_removed":["Strike_B"],"damage_healed":0,"gold_gain":0,"player_choice":"Card Removal","damage_taken":0,"max_hp_gain":0,"max_hp_loss":0,"event_name":"The Cleric","floor":2,"gold_loss":50},{"damage_healed":0,"gold_gain":0,"player_choice":"Forge","damage_taken":0,"max_hp_gain":0,"max_hp_loss":0,"event_name":"Accursed Blacksmith","floor":4,"gold_loss":0,"cards_upgraded":["Zap"]},{"damage_healed":0,"gold_gain":99,"player_choice":"Stole From Cult","damage_taken":0,"max_hp_gain":0,"max_hp_loss":0,"event_name":"Nest","floor":19,"gold_loss":0},{"damage_healed":0,"gold_gain":0,"player_choice":"Obtained Relic","damage_taken":0,"relics_obtained":["Pen Nib"],"max_hp_gain":0,"max_hp_loss":0,"event_name":"Addict","floor":20,"gold_loss":85},{"damage_healed":0,"gold_gain":0,"player_choice":"Memory 3","damage_taken":10,"max_hp_gain":0,"max_hp_loss":0,"event_name":"SensoryStone","floor":36,"gold_loss":0},{"damage_healed":0,"gold_gain":0,"player_choice":"Fight","damage_taken":0,"max_hp_gain":0,"max_hp_loss":0,"event_name":"MindBloom","floor":38,"gold_loss":0},{"damage_healed":0,"gold_gain":0,"player_choice":"Fight","damage_taken":0,"max_hp_gain":0,"max_hp_loss":0,"event_name":"Mysterious Sphere","floor":41,"gold_loss":0}],"is_beta":false,"boss_relics":[{"not_picked":["White Beast Statue","Philosopher\u0027s Stone"],"picked":"Coffee Dripper"},{"not_picked":["Lizard Tail","Nuclear Battery"],"picked":"Runic Pyramid"}],"items_purged_floors":[21,37,39],"is_endless":false,"potions_floor_spawned":[1,3,12,13,14,16,22,25,29,31,44,45,46],"ascension_level":0}