{"gold_per_floor":[110,110,126,146,146,146,177,177,177,177,212,91,91,91,91,190,190,209,224,224,234,254,282,293,293,293,293,306,326,399,36,36,134,134,153,164,176,176,176,176],"floor_reached":40,"playtime":1814,"items_purged":["Strike_G"],"score":624,"play_id":"cd498d97-bc17-43bd-bc0d-26e44f2c9212","local_time":"20190816190344","is_ascension_mode":true,"campfire_choices":[{"data":"Neutralize","floor":6,"key":"SMITH"},{"data":"Backflip","floor":8,"key":"SMITH"},{"data":"Poisoned Stab","floor":10,"key":"SMITH"},{"floor":13,"key":"REST"},{"floor":15,"key":"REST"},{"floor":25,"key":"REST"},{"data":"PiercingWail","floor":27,"key":"SMITH"},{"floor":32,"key":"REST"}],"neow_cost":"NONE","seed_source_timestamp":78152336498700,"circlet_count":0,"master_deck":["AscendersBane","Strike_G","Strike_G","Strike_G","Strike_G","Defend_G","Defend_G","Defend_G","Defend_G","Defend_G","Survivor","Neutralize","Poisoned Stab+1","Neutralize+1","Predator+1","Sucker Punch","Dagger Throw","Backflip+1","Footwork","Cloak And Dagger","Envenom+1","PiercingWail","PiercingWail+1","Dagger Spray","Flying Knee","Terror+1","Poisoned Stab","Deadly Poison","Caltrops","Bullet Time","Backflip","Noxious Fumes","Acrobatics+1"],"relics":["Black Star","Bottled Flame","Paper Crane","Gremlin Horn","Dodecahedron","Torii","Sozu","Peace Pipe","Potion Belt","Shuriken","Sundial","Tough Bandages","Eternal Feather"],"potions_floor_usage":[7,23,28],"damage_taken":[{"damage":0,"enemies":"Small Slimes","floor":1,"turns":4},{"damage":4,"enemies":"Cultist","floor":3,"turns":3},{"damage":2,"enemies":"Jaw Worm","floor":4,"turns":3},{"damage":17,"enemies":"Lagavulin","floor":7,"turns":5},{"damage":18,"enemies":"Gremlin Nob","floor":11,"turns":5},{"damage":8,"enemies":"The Guardian","floor":16,"turns":15},{"damage":5,"enemies":"Shell Parasite","floor":18,"turns":7},{"damage":0,"enemies":"Chosen","floor":19,"turns":5},{"damage":19,"enemies":"3 Cultists","floor":21,"turns":7},{"damage":5,"enemies":"Snake Plant","floor":22,"turns":5},{"damage":1,"enemies":"Book of Stabbing","floor":23,"turns":7},{"damage":13,"enemies":"Cultist and Chosen","floor":24,"turns":5},{"damage":2,"enemies":"Sentry and Sphere","floor":28,"turns":6},{"damage":1,"enemies":"Chosen and Byrds","floor":29,"turns":6},{"damage":33,"enemies":"Champ","floor":33,"turns":9},{"damage":9,"enemies":"Orb Walker","floor":35,"turns":4},{"damage":24,"enemies":"3 Darklings","floor":36,"turns":6},{"damage":18,"enemies":"Jaw Worm Horde","floor":37,"turns":6},{"damage":82,"enemies":"Giant Head","floor":40,"turns":8}],"seed_played":"3003631550031869052","potions_obtained":[{"floor":1,"key":"FearPotion"},{"floor":16,"key":"GamblersBrew"}],"is_trial":false,"path_per_floor":["M","?","M","M","?","R","E","R","T","R","E","$","R","?","R","B",null,"M","M","?","M","M","E","M","R","T","R","M","M","T","$","R","B",null,"M","M","M","?","?","E"],"character_chosen":"THE_SILENT","items_purchased":["GhostInAJar","Cloak And Dagger","Tough Bandages"],"campfire_rested":4,"item_purchase_floors":[12,12,31],"current_hp_per_floor":[63,63,59,57,57,57,40,40,40,40,22,22,43,43,64,56,67,62,62,62,43,38,37,24,45,45,45,43,42,42,42,63,30,60,51,27,9,61,61,0],"gold":176,"neow_bonus":"BOSS_RELIC","is_prod":false,"is_daily":false,"chose_seed":false,"campfire_upgraded":4,"win_rate":0,"timestamp":1565949824,"path_taken":["M","?","?","M","?","R","E","R","T","R","E","$","R","?","R","BOSS","M","M","?","M","?","E","M","R","T","R","M","M","?","?","R","BOSS","M","?","M","?","?","E"],"build_version":"2019-07-17","purchased_purges":1,"victory":false,"max_hp_per_floor":[70,70,70,70,70,70,70,70,70,70,70,70,70,70,70,70,70,70,70,70,70,70,70,70,70,70,70,70,70,70,70,70,70,70,70,70,70,61,61,61],"card_choices":[{"not_picked":["Accuracy","Dagger Throw"],"picked":"Poisoned Stab","floor":1},{"not_picked":["Dagger Throw","Acrobatics"],"picked":"Sucker Punch","floor":3},{"not_picked":["Dodge and Roll","Endless Agony"],"picked":"Dagger Throw","floor":4},{"not_picked":["Riddle With Holes","Crippling Poison"],"picked":"Backflip","floor":7},{"not_picked":["A Thousand Cuts","Dodge and Roll"],"picked":"Footwork","floor":11},{"not_picked":["Venomology","Burst"],"picked":"Envenom","floor":16},{"not_picked":["Deadly Poison","Poisoned Stab"],"picked":"PiercingWail","floor":18},{"not_picked":["Sucker Punch","Bane"],"picked":"PiercingWail","floor":19},{"not_picked":["Deadly Poison+1","Quick Slash+1"],"picked":"Dagger Spray","floor":21},{"not_picked":["Flechettes+1","Acrobatics"],"picked":"Flying Knee","floor":22},{"not_picked":["Burst","Sucker Punch"],"picked":"Terror+1","floor":23},{"not_picked":["Skewer","Slice"],"picked":"Poisoned Stab","floor":24},{"not_picked":["Poisoned Stab","Underhanded Strike"],"picked":"Deadly Poison","floor":28},{"not_picked":["PiercingWail","Bane+1"],"picked":"Caltrops","floor":29},{"not_picked":["Doppelganger","After Image"],"picked":"Bullet Time","floor":33},{"not_picked":["Escape Plan","Prepared"],"picked":"Backflip","floor":35},{"not_picked":["Flying Knee+1","Terror"],"picked":"Noxious Fumes","floor":36},{"not_picked":["Sucker Punch+1","Accuracy"],"picked":"Acrobatics+1","floor":37}],"player_experience":164763,"relics_obtained":[{"floor":7,"key":"Bottled Flame"},{"floor":7,"key":"Paper Crane"},{"floor":9,"key":"Gremlin Horn"},{"floor":11,"key":"Dodecahedron"},{"floor":11,"key":"Torii"},{"floor":23,"key":"Peace Pipe"},{"floor":23,"key":"Potion Belt"},{"floor":26,"key":"Shuriken"},{"floor":30,"key":"Sundial"}],"event_choices":[{"damage_healed":0,"gold_gain":0,"player_choice":"2 cards matched","damage_taken":0,"max_hp_gain":0,"max_hp_loss":0,"event_name":"Match and Keep!","floor":2,"gold_loss":0,"cards_obtained":["Neutralize","Predator"]},{"damage_healed":0,"gold_gain":0,"player_choice":"Grow","damage_taken":0,"max_hp_gain":0,"max_hp_loss":0,"event_name":"Living Wall","floor":5,"gold_loss":0,"cards_upgraded":["Predator"]},{"damage_healed":0,"gold_gain":0,"player_choice":"Fled","damage_taken":0,"max_hp_gain":0,"max_hp_loss":0,"event_name":"Scrap Ooze","floor":14,"gold_loss":0},{"damage_healed":0,"gold_gain":0,"player_choice":"Forge","damage_taken":0,"max_hp_gain":0,"max_hp_loss":0,"event_name":"Accursed Blacksmith","floor":20,"gold_loss":0,"cards_upgraded":["Envenom"]},{"damage_healed":61,"gold_gain":0,"player_choice":"Heal","damage_taken":0,"max_hp_gain":0,"max_hp_loss":9,"event_name":"The Moai Head","floor":38,"gold_loss":0},{"damage_healed":0,"gold_gain":0,"player_choice":"Ignored","damage_taken":0,"max_hp_gain":0,"max_hp_loss":0,"event_name":"Mysterious Sphere","floor":39,"gold_loss":0}],"is_beta":false,"boss_relics":[{"not_picked":["Snecko Eye","Calling Bell"],"picked":"Sozu"},{"not_picked":["Coffee Dripper","WristBlade"],"picked":"Eternal Feather"}],"items_purged_floors":[31],"is_endless":false,"potions_floor_spawned":[1,16,22,23,24,29],"killed_by":"Giant Head","ascension_level":10}