{"path_per_floor":["M","M","$","M","M","E","R","E","T","M","R","?","R","M","R","B",null,"M","?","M","?","$","R","M","R","T","R","M","?","R","M","R","B",null,"M","$","M","M","?","R","E","R","T","R","M","M","?","?","R","B"],"character_chosen":"THE_SILENT","items_purchased":["Bouncing Flask","Dagger Throw","Outmaneuver","Regal Pillow","Well Laid Plans"],"gold_per_floor":[110,120,25,39,55,86,86,116,116,127,127,127,127,143,143,246,246,259,259,279,279,1,1,16,16,16,16,26,26,26,40,40,139,139,152,74,90,101,0,0,28,28,28,28,39,53,53,53,53,53],"floor_reached":51,"campfire_rested":2,"playtime":5921,"current_hp_per_floor":[62,62,62,60,56,44,44,26,26,26,26,26,26,25,25,47,70,47,34,34,34,34,34,21,58,58,58,56,56,56,56,56,13,75,64,64,33,30,30,67,58,58,58,58,35,37,37,37,37,51],"items_purged":["Strike_G"],"gold":53,"score":728,"play_id":"96f87159-cd5a-4dea-9543-6c43a909089c","local_time":"20180513160846","is_prod":false,"is_daily":false,"chose_seed":false,"is_ascension_mode":true,"campfire_upgraded":11,"timestamp":1526220526,"path_taken":["M","?","$","M","M","E","R","E","T","M","R","?","R","M","R","BOSS","M","?","?","?","$","R","M","R","T","R","M","?","R","M","R","BOSS","M","$","M","M","?","R","E","R","T","R","?","M","?","?","R","BOSS"],"build_version":"2018-05-10","seed_source_timestamp":361554629158656,"purchased_purges":2,"victory":true,"master_deck":["Defend_G","Defend_G","Defend_G","Defend_G+1","Defend_G","Strike_G","Strike_G","Survivor","Neutralize+1","Skewer","Dagger Spray","Bouncing Flask+1","Dagger Throw","Bouncing Flask+1","Deflect+1","Night Terror+1","Bane","Deadly Poison","Neutralize+1","Catalyst+1","Burst+1","Backflip","Dash+1","Outmaneuver+1","Flying Knee+1","Adrenaline+1","Well Laid Plans+1","Calculated Gamble+1","Malaise","Secret Technique+1"],"max_hp_per_floor":[63,63,63,63,63,63,63,70,70,70,70,70,70,70,70,70,70,70,75,75,75,75,75,75,75,75,75,75,75,75,75,75,75,75,75,75,75,75,75,75,75,75,75,75,75,75,75,75,75,75],"relics":["Ring of the Snake","Pantograph","Strawberry","Ancient Tea Set","Sozu","Darkstone Periapt","Regal Pillow","Gremlin Horn","Lizard Tail","Red Mask","Ninja Scroll","War Paint"],"card_choices":[{"not_picked":["Poisoned Stab","Bane"],"picked":"Skewer","floor":1},{"not_picked":["Cloak And Dagger","Catalyst"],"picked":"Dagger Spray","floor":2},{"not_picked":["Dagger Spray","Calculated Gamble"],"picked":"Bouncing Flask","floor":4},{"not_picked":["Reflex","Acrobatics"],"picked":"Deflect","floor":5},{"not_picked":["Eviscerate","PiercingWail"],"picked":"Night Terror","floor":6},{"not_picked":["Caltrops","Underhanded Strike"],"picked":"Bane","floor":8},{"not_picked":["Poisoned Stab","Escape Plan"],"picked":"Deadly Poison","floor":10},{"not_picked":["Deflect","Acrobatics"],"picked":"Catalyst","floor":14},{"not_picked":["Wraith Form v2","Envenom"],"picked":"Burst","floor":16},{"not_picked":["Calculated Gamble","Quick Slash"],"picked":"Backflip","floor":18},{"not_picked":["Escape Plan","Finisher"],"picked":"Dash","floor":20},{"not_picked":["Sucker Punch","Riddle With Holes"],"picked":"Flying Knee","floor":24},{"not_picked":["Venomology","Phantasmal Killer"],"picked":"Adrenaline","floor":33},{"not_picked":["Finisher","Underhanded Strike"],"picked":"Calculated Gamble","floor":37},{"not_picked":["Deadly Poison","Acrobatics"],"picked":"Malaise","floor":45},{"not_picked":["Deep Breath","Flash of Steel"],"picked":"Secret Technique","floor":47}],"player_experience":161196,"potions_floor_usage":[6,6,8,18],"damage_taken":[{"damage":1,"enemies":"Cultist","floor":1,"turns":6},{"damage":0,"enemies":"Small Slimes","floor":2,"turns":4},{"damage":2,"enemies":"Jaw Worm","floor":4,"turns":5},{"damage":4,"enemies":"Large Slime","floor":5,"turns":5},{"damage":12,"enemies":"Lagavulin","floor":6,"turns":5},{"damage":25,"enemies":"Gremlin Nob","floor":8,"turns":4},{"damage":0,"enemies":"Blue Slaver","floor":10,"turns":4},{"damage":1,"enemies":"2 Fungi Beasts","floor":14,"turns":2},{"damage":3,"enemies":"The Guardian","floor":16,"turns":3},{"damage":23,"enemies":"2 Thieves","floor":18,"turns":5},{"damage":0,"enemies":"Chosen","floor":20,"turns":3},{"damage":13,"enemies":"Centurion and Healer","floor":24,"turns":8},{"damage":2,"enemies":"3 Cultists","floor":28,"turns":5},{"damage":0,"enemies":"Snake Plant","floor":31,"turns":2},{"damage":62,"enemies":"Collector","floor":33,"turns":7},{"damage":11,"enemies":"Orb Walker","floor":35,"turns":5},{"damage":31,"enemies":"3 Darklings","floor":37,"turns":6},{"damage":3,"enemies":"Maw","floor":38,"turns":4},{"damage":9,"enemies":"Giant Head","floor":41,"turns":5},{"damage":23,"enemies":"4 Shapes","floor":45,"turns":4},{"damage":37,"enemies":"3 Darklings","floor":46,"turns":8},{"damage":11,"enemies":"Time Eater","floor":50,"turns":8}],"event_choices":[{"event_name":"Match and Keep!","player_choice":"1 cards matched","floor":12,"damage_taken":0},{"event_name":"Forgotten Altar","player_choice":"Shed Blood","floor":19,"damage_taken":0},{"event_name":"The Mausoleum","player_choice":"Yes","floor":21,"damage_taken":0},{"event_name":"Ghosts","player_choice":"Ignored","floor":29,"damage_taken":0},{"event_name":"Tomb of Lord Red Mask","player_choice":"Paid","floor":39,"damage_taken":0},{"event_name":"SensoryStone","player_choice":"Memory 1","floor":47,"damage_taken":0},{"event_name":"The Moai Head","player_choice":"Ignored","floor":48,"damage_taken":0}],"boss_relics":[{"not_picked":["Cursed Key","Tiny House"],"picked":"Sozu"},{"not_picked":["Runic Pyramid","White Beast Statue"],"picked":"Lizard Tail"}],"potions_floor_spawned":[2,4,5,14,18,24,33,38,41],"seed_played":"8758126145976319852","ascension_level":2,"is_trial":false}