{"path_per_floor":["M","?","?","M","?","E","M","M","T","E","R","M","$","?","R","B",null,"M","T","?","M","$","R","E","R","T","R","$","R","E","M","R"],"character_chosen":"DEFECT","items_purchased":["Orichalcum","Conserve Battery"],"gold_per_floor":[109,109,109,129,182,225,244,259,259,292,292,317,89,167,167,295,295,295,295,295,295,195,195,195,195,195,195,23,23,23,23,23,23],"floor_reached":33,"campfire_rested":2,"playtime":2008,"item_purchase_floors":[13,28],"current_hp_per_floor":[75,72,69,67,67,53,52,39,39,41,41,40,40,37,57,38,69,65,65,65,65,65,65,50,50,50,50,50,50,23,11,31,0],"items_purged":["Defend_B","Strike_B","Defend_B"],"gold":23,"score":291,"play_id":"74719a4a-3f1c-441e-a69d-aac923e21ec4","local_time":"20180605202433","is_prod":false,"is_daily":false,"chose_seed":false,"is_ascension_mode":false,"campfire_upgraded":5,"win_rate":0,"timestamp":1528244673,"campfire_choices":[{"data":"Zap","floor":11,"key":"SMITH"},{"floor":15,"key":"REST"},{"data":"Sunder","floor":23,"key":"SMITH"},{"data":"Echo Form","floor":25,"key":"SMITH"},{"data":"Reinforced Body","floor":27,"key":"SMITH"},{"data":"Conserve Battery","floor":29,"key":"SMITH"},{"floor":32,"key":"REST"}],"path_taken":["M","?","?","?","?","E","M","M","T","E","R","M","$","?","R","BOSS","M","?","?","?","$","R","E","R","T","R","$","R","E","M","R","BOSS"],"build_version":"2018-05-31","seed_source_timestamp":36133551877465,"purchased_purges":3,"victory":false,"master_deck":["Strike_B","Strike_B","Strike_B","Defend_B","Defend_B","Zap+1","Dualcast","Sunder+1","Redo","Heatsinks","Echo Form+1","Streamline","Static Discharge","Reinforced Body+1","Electrodynamics","Melter","Conserve Battery+1","Consume+1","Defragment","Glacier"],"max_hp_per_floor":[75,75,69,69,69,69,69,69,69,69,69,69,69,69,69,69,69,69,69,69,69,69,69,69,69,69,69,69,69,69,69,69,69],"relics":["Cracked Core","Lantern","Bloody Idol","Letter Opener","Happy Flower","Oddly Smooth Stone","Orichalcum","Bag of Marbles","Ectoplasm","Omamori","Bottled Lightning","Dream Catcher","Toolbox"],"card_choices":[{"not_picked":["Rebound","Redo"],"picked":"Sunder","floor":0},{"not_picked":["Cold Snap","Conserve Battery"],"picked":"Redo","floor":1},{"not_picked":["Compile Driver","Barrage"],"picked":"Heatsinks","floor":4},{"not_picked":["Stack","Undo"],"picked":"Echo Form","floor":6},{"not_picked":["Sunder","Sweeping Beam"],"picked":"Streamline","floor":7},{"not_picked":["Sweeping Beam","Stack","Leap"],"picked":"SKIP","floor":8},{"not_picked":["Undo","Sunder"],"picked":"Static Discharge","floor":10},{"not_picked":["Darkness","Beam Cell"],"picked":"Reinforced Body","floor":12},{"not_picked":["Core Surge","All For One"],"picked":"Electrodynamics","floor":16},{"not_picked":["Sunder","Steam","Ball Lightning"],"picked":"SKIP","floor":18},{"not_picked":["Tempest","White Noise"],"picked":"Melter","floor":21},{"not_picked":["Steam","Beam Cell","Scrape"],"picked":"SKIP","floor":24},{"not_picked":["Streamline","Sunder"],"picked":"Consume+1","floor":30},{"not_picked":["Scrape","Hologram"],"picked":"Defragment","floor":31},{"not_picked":["Gash","Melter"],"picked":"Glacier","floor":32}],"player_experience":67151,"potions_floor_usage":[6,10,10,33,33,33],"damage_taken":[{"damage":0,"enemies":"Small Slimes","floor":1,"turns":2},{"damage":2,"enemies":"2 Louse","floor":4,"turns":2},{"damage":14,"enemies":"Gremlin Nob","floor":6,"turns":3},{"damage":1,"enemies":"Cultist","floor":7,"turns":3},{"damage":13,"enemies":"2 Fungi Beasts","floor":8,"turns":3},{"damage":12,"enemies":"3 Sentries","floor":10,"turns":5},{"damage":1,"enemies":"Blue Slaver","floor":12,"turns":2},{"damage":3,"enemies":"Lagavulin Event","floor":14,"turns":5},{"damage":19,"enemies":"Slime Boss","floor":16,"turns":7},{"damage":4,"enemies":"3 Byrds","floor":18,"turns":3},{"damage":0,"enemies":"Chosen","floor":21,"turns":4},{"damage":15,"enemies":"Gremlin Leader","floor":24,"turns":4},{"damage":27,"enemies":"Book of Stabbing","floor":30,"turns":4},{"damage":12,"enemies":"Snake Plant","floor":31,"turns":4},{"damage":67,"enemies":"Automaton","floor":33,"turns":6}],"relics_obtained":[{"floor":6,"key":"Letter Opener"},{"floor":9,"key":"Happy Flower"},{"floor":10,"key":"Oddly Smooth Stone"},{"floor":14,"key":"Bag of Marbles"},{"floor":19,"key":"Omamori"},{"floor":24,"key":"Bottled Lightning"},{"floor":26,"key":"Dream Catcher"},{"floor":30,"key":"Toolbox"}],"event_choices":[{"event_name":"Scrap Ooze","player_choice":"success","floor":2,"damage_taken":3},{"event_name":"Golden Idol","player_choice":"Lose Max HP","floor":3,"damage_taken":0},{"event_name":"Golden Wing","player_choice":"Gained Gold","floor":5,"damage_taken":0},{"event_name":"Dead Adventurer","player_choice":"Searched \u00272\u0027 times","floor":14,"damage_taken":0},{"event_name":"Forgotten Altar","player_choice":"Gave Idol","floor":20,"damage_taken":0}],"boss_relics":[{"not_picked":["White Beast Statue","Lizard Tail"],"picked":"Ectoplasm"}],"items_purged_floors":[13,22,28],"potions_floor_spawned":[4,7,8,12,14,31],"seed_played":"8297769033500604523","killed_by":"Automaton","ascension_level":0,"potions_obtained":[{"floor":4,"key":"Poison Potion"},{"floor":7,"key":"Regen Potion"},{"floor":8,"key":"SkillPotion"},{"floor":12,"key":"SteroidPotion"},{"floor":14,"key":"Ancient Potion"},{"floor":31,"key":"Poison Potion"}],"is_trial":false}