{"gold_per_floor":[114,125,125,275,286,316,160,160,160,160,189,189,209,57,57,57],"floor_reached":16,"playtime":410,"items_purged":["Doubt","Strike_R"],"score":266,"play_id":"461351a8-39b1-4124-a342-53440076df5c","local_time":"20190424002623","is_ascension_mode":true,"campfire_choices":[{"data":"Bash","floor":8,"key":"SMITH"},{"floor":10,"key":"REST"},{"data":"Shockwave","floor":15,"key":"SMITH"}],"neow_cost":"NONE","seed_source_timestamp":19151742179101,"circlet_count":0,"master_deck":["AscendersBane","Strike_R","Defend_R+1","Defend_R+1","Defend_R","Bash+1","Entrench+1","Whirlwind+1","Burning Pact+1","Anger","Power Through","Second Wind","Shrug It Off","Shockwave+1","Shrug It Off","Shrug It Off"],"special_seed":0,"relics":["Astrolabe","Thread and Needle","FossilizedHelix","Bottled Lightning"],"potions_floor_usage":[6,6],"damage_taken":[{"damage":4.0,"enemies":"Small Slimes","floor":1.0,"turns":4.0},{"damage":0.0,"enemies":"2 Louse","floor":2.0,"turns":2.0},{"damage":7.0,"enemies":"Jaw Worm","floor":5.0,"turns":2.0},{"damage":30,"enemies":"3 Sentries","floor":6,"turns":11},{"damage":0,"enemies":"Gremlin Nob","floor":11,"turns":5},{"damage":0,"enemies":"2 Fungi Beasts","floor":13,"turns":3},{"damage":0,"enemies":"Hexaghost","floor":16,"turns":7}],"seed_played":"9146908561259451101","potions_obtained":[{"floor":1.0,"key":"Swift Potion"},{"floor":2.0,"key":"Swift Potion"},{"floor":6,"key":"Dexterity Potion"},{"floor":11,"key":"Ancient Potion"}],"is_trial":false,"path_per_floor":["M","M","?","?","M","E","$","R","T","R","E","?","M","$","R","B"],"character_chosen":"IRONCLAD","items_purchased":["Shockwave","Shrug It Off"],"campfire_rested":1,"item_purchase_floors":[7,14],"current_hp_per_floor":[64,64,57,57,50,20,20,20,20,42,42,19,19,19,19,19],"gold":57,"neow_bonus":"BOSS_RELIC","is_prod":false,"is_daily":false,"chose_seed":false,"campfire_upgraded":2,"win_rate":0,"timestamp":1556090783,"path_taken":["M","M","?","?","M","E","$","R","T","R","E","?","M","$","R","BOSS"],"build_version":"2019-04-04","purchased_purges":2,"victory":false,"max_hp_per_floor":[75,75,75,75,75,75,75,75,75,75,75,75,75,75,75,75],"card_choices":[{"not_picked":["Fire Breathing","Thunderclap"],"picked":"Anger","floor":1.0},{"not_picked":["Sword Boomerang","Thunderclap"],"picked":"Power Through","floor":2.0},{"not_picked":["Twin Strike","Fire Breathing"],"picked":"Second Wind","floor":5.0},{"not_picked":["Headbutt","Warcry"],"picked":"Shrug It Off","floor":6},{"not_picked":["Cleave","Perfected Strike","Entrench"],"picked":"SKIP","floor":11},{"not_picked":["Intimidate","Entrench"],"picked":"Shrug It Off","floor":13}],"player_experience":1426754,"relics_obtained":[{"floor":6,"key":"Thread and Needle"},{"floor":9,"key":"FossilizedHelix"},{"floor":11,"key":"Bottled Lightning"}],"event_choices":[{"cards_removed":["Strike_R"],"damage_healed":0.0,"max_hp_gain":0.0,"max_hp_loss":0.0,"gold_gain":0.0,"event_name":"Golden Wing","player_choice":"Card Removal","floor":3.0,"gold_loss":0.0,"damage_taken":7.0},{"damage_healed":0.0,"max_hp_gain":0.0,"max_hp_loss":0.0,"gold_gain":150.0,"event_name":"Liars Game","player_choice":"AGREE","floor":4.0,"gold_loss":0.0,"damage_taken":0.0,"cards_obtained":["Doubt"]},{"damage_healed":0,"gold_gain":0,"player_choice":"Entered Light","damage_taken":23,"max_hp_gain":0,"max_hp_loss":0,"event_name":"Shining Light","floor":12,"gold_loss":0,"cards_upgraded":["Defend_R","Defend_R"]}],"is_beta":true,"boss_relics":[],"items_purged_floors":[7,14],"is_endless":false,"potions_floor_spawned":[1,2,6,11],"killed_by":"Hexaghost","ascension_level":20}