{"gold_per_floor":[109,109,23,42,192,192,220,4,31,31,56,70,70,80,80,151,151,169,180,194,194,194,194,205,235,258,258,80,107,122,122],"floor_reached":31,"playtime":733,"items_purged":["Doubt","Strike_G"],"score":616,"play_id":"a5ed3c93-2339-479f-b5a2-257e4833987f","local_time":"20190706212405","is_ascension_mode":true,"campfire_choices":[{"data":"Neutralize","floor":6.0,"key":"SMITH"},{"data":"Noxious Fumes","floor":13.0,"key":"SMITH"},{"data":"Glass Knife","floor":15.0,"key":"SMITH"},{"floor":23,"key":"REST"},{"floor":27,"key":"REST"}],"neow_cost":"NONE","seed_source_timestamp":2072160151936,"circlet_count":0,"master_deck":["AscendersBane","Strike_G","Strike_G","Strike_G","Defend_G","Defend_G","Defend_G","Defend_G","Survivor","Neutralize+1","Noxious Fumes+1","Backstab","Predator","Glass Knife","Glass Knife+1","Deadly Poison","PiercingWail","Adrenaline","Calculated Gamble+1","Bane+1","Backflip+1","Footwork","J.A.X.","Backflip","PiercingWail","Footwork","Catalyst","Blur","Deadly Poison"],"special_seed":0,"relics":["Ring of the Snake","NeowsBlessing","MawBank","Smiling Mask","Gambling Chip","Fusion Hammer","Ancient Tea Set","Snake Skull","Omamori"],"potions_floor_usage":[31],"damage_taken":[{"damage":0.0,"enemies":"2 Louse","floor":1.0,"turns":1.0},{"damage":0.0,"enemies":"Jaw Worm","floor":4.0,"turns":1.0},{"damage":0.0,"enemies":"Gremlin Nob","floor":7.0,"turns":1.0},{"damage":12.0,"enemies":"3 Sentries","floor":11.0,"turns":7.0},{"damage":0.0,"enemies":"Small Slimes","floor":12.0,"turns":1.0},{"damage":0.0,"enemies":"Gremlin Gang","floor":14.0,"turns":3.0},{"damage":38.0,"enemies":"Slime Boss","floor":16.0,"turns":8.0},{"damage":4.0,"enemies":"Shell Parasite","floor":18.0,"turns":3.0},{"damage":8.0,"enemies":"2 Thieves","floor":19.0,"turns":3.0},{"damage":0.0,"enemies":"Snecko","floor":20.0,"turns":3.0},{"damage":5,"enemies":"Centurion and Healer","floor":24,"turns":4},{"damage":32,"enemies":"Gremlin Leader","floor":25,"turns":4},{"damage":22,"enemies":"Book of Stabbing","floor":29,"turns":5},{"damage":0,"enemies":"Snake Plant","floor":30,"turns":3},{"damage":27,"enemies":"Slavers","floor":31,"turns":1}],"seed_played":"1732857078518892054","potions_obtained":[{"floor":4.0,"key":"PowerPotion"},{"floor":14.0,"key":"SteroidPotion"},{"floor":16.0,"key":"GamblersBrew"},{"floor":18.0,"key":"Strength Potion"},{"floor":30,"key":"Regen Potion"}],"is_trial":false,"path_per_floor":["M","?","$","M","?","R","E","$","T","?","E","M","R","M","R","B",null,"M","M","M","?","?","R","M","E","T","R","$","E","M","E"],"character_chosen":"THE_SILENT","items_purchased":["Backstab","Glass Knife","Footwork","Catalyst"],"campfire_rested":2,"item_purchase_floors":[3,8,28,28],"current_hp_per_floor":[59,52,52,52,52,52,52,52,52,52,40,40,40,40,40,2,50,46,38,38,38,38,57,52,20,20,39,39,17,17,0],"gold":122,"neow_bonus":"THREE_ENEMY_KILL","is_prod":false,"is_daily":false,"chose_seed":false,"campfire_upgraded":3,"win_rate":0,"timestamp":1562473445,"path_taken":["M","?","$","M","?","R","E","$","T","?","E","M","R","M","R","BOSS","M","?","M","?","?","R","M","E","T","R","$","E","M","E"],"build_version":"2019-07-03","purchased_purges":2,"victory":false,"max_hp_per_floor":[66,66,66,66,66,66,66,66,66,66,66,66,66,66,66,66,66,66,66,66,66,66,66,66,66,66,66,66,66,66,66],"card_choices":[{"not_picked":["Backflip","Slice"],"picked":"Noxious Fumes","floor":1.0},{"not_picked":["Prepared","Deflect"],"picked":"Predator","floor":4.0},{"not_picked":["Blade Dance","Phantasmal Killer"],"picked":"Glass Knife","floor":7.0},{"not_picked":["Deflect","Acrobatics"],"picked":"Deadly Poison","floor":11.0},{"not_picked":["Flechettes","Calculated Gamble"],"picked":"PiercingWail","floor":14.0},{"not_picked":["Burst","Envenom"],"picked":"Adrenaline","floor":16.0},{"not_picked":["Quick Slash","Deflect"],"picked":"Calculated Gamble+1","floor":18.0},{"not_picked":["Blade Dance","Predator"],"picked":"Bane+1","floor":19.0},{"not_picked":["Endless Agony","Deadly Poison"],"picked":"Backflip+1","floor":20.0},{"not_picked":["Prepared","Phantasmal Killer"],"picked":"Backflip","floor":24},{"not_picked":["Calculated Gamble+1","Caltrops"],"picked":"PiercingWail","floor":25},{"not_picked":["Footwork","Noxious Fumes"],"picked":"Blur","floor":29},{"not_picked":["Backstab","Slice"],"picked":"Deadly Poison","floor":30}],"player_experience":1444138,"relics_obtained":[{"floor":7.0,"key":"MawBank"},{"floor":9.0,"key":"Smiling Mask"},{"floor":11.0,"key":"Gambling Chip"},{"floor":25,"key":"Ancient Tea Set"},{"floor":26,"key":"Snake Skull"},{"floor":29,"key":"Omamori"}],"event_choices":[{"cards_removed":["Defend_G"],"damage_healed":0.0,"max_hp_gain":0.0,"max_hp_loss":0.0,"gold_gain":0.0,"event_name":"Golden Wing","player_choice":"Card Removal","floor":2.0,"gold_loss":0.0,"damage_taken":7.0},{"damage_healed":0.0,"max_hp_gain":0.0,"max_hp_loss":0.0,"gold_gain":150.0,"event_name":"Liars Game","player_choice":"AGREE","floor":5.0,"gold_loss":0.0,"damage_taken":0.0,"cards_obtained":["Doubt"]},{"cards_removed":["Strike_G"],"damage_healed":0.0,"max_hp_gain":0.0,"max_hp_loss":0.0,"gold_gain":0.0,"event_name":"Bonfire Elementals","player_choice":"Offered Basic","floor":10.0,"gold_loss":0.0,"damage_taken":0.0},{"damage_healed":0.0,"max_hp_gain":0.0,"max_hp_loss":0.0,"gold_gain":0.0,"event_name":"The Library","player_choice":"Read","floor":21.0,"gold_loss":0.0,"damage_taken":0.0,"cards_obtained":["Footwork"]},{"damage_healed":0,"gold_gain":0,"player_choice":"Obtain J.A.X.","damage_taken":0,"max_hp_gain":0,"max_hp_loss":0,"event_name":"Drug Dealer","floor":22,"gold_loss":0,"cards_obtained":["J.A.X."]}],"is_beta":true,"boss_relics":[{"not_picked":["Pandora\u0027s Box","Runic Dome"],"picked":"Fusion Hammer"}],"items_purged_floors":[8,28],"is_endless":false,"potions_floor_spawned":[4,14,16,18,30],"killed_by":"Slavers","ascension_level":20}