{"gold_per_floor":[111,36,51,51,1,44,44,82,129,129],"floor_reached":10,"playtime":464,"items_purged":["Strike_G"],"score":93,"play_id":"5510d67e-e8f7-4729-a88f-ea436c315925","local_time":"20190821214014","is_ascension_mode":true,"campfire_choices":[{"floor":7.0,"key":"REST"}],"neow_cost":"NONE","seed_source_timestamp":92268419317500,"circlet_count":0,"master_deck":["Strike_G","Strike_G","Defend_G","Defend_G","Defend_G","Defend_G","Survivor","Neutralize","Bouncing Flask","PiercingWail","Catalyst"],"special_seed":0,"relics":["Empty Cage","Golden Idol","PreservedInsect","Art of War"],"potions_floor_usage":[10,10],"damage_taken":[{"damage":3.0,"enemies":"Small Slimes","floor":1.0,"turns":4.0},{"damage":0.0,"enemies":"2 Louse","floor":3.0,"turns":4.0},{"damage":47.0,"enemies":"Gremlin Nob","floor":6.0,"turns":5.0},{"damage":23.0,"enemies":"3 Sentries","floor":8.0,"turns":11.0},{"damage":0,"enemies":"Gremlin Nob","floor":10,"turns":2}],"seed_played":"-8885378088777124078","potions_obtained":[{"floor":6.0,"key":"Strength Potion"},{"floor":8.0,"key":"SteroidPotion"}],"is_trial":false,"path_per_floor":["M","$","M","?","?","E","R","E","T","E"],"character_chosen":"THE_SILENT","items_purchased":[],"campfire_rested":1,"item_purchase_floors":[],"current_hp_per_floor":[67,67,67,50,50,3,24,1,1,1],"gold":129,"neow_bonus":"BOSS_RELIC","is_prod":false,"is_daily":false,"chose_seed":false,"campfire_upgraded":0,"win_rate":0,"timestamp":1566441614,"path_taken":["M","$","M","?","?","E","R","E","T","E"],"build_version":"2019-07-17","purchased_purges":1,"victory":false,"max_hp_per_floor":[70,70,70,70,70,70,70,70,70,70],"card_choices":[{"not_picked":["Quick Slash","Dagger Throw","Underhanded Strike"],"picked":"SKIP","floor":1.0},{"not_picked":["Quick Slash","Blade Dance"],"picked":"Bouncing Flask","floor":3.0},{"not_picked":["All Out Attack","Deflect"],"picked":"PiercingWail","floor":6.0},{"not_picked":["Heel Hook","Blur"],"picked":"Catalyst","floor":8.0}],"player_experience":477322,"relics_obtained":[{"floor":6.0,"key":"PreservedInsect"},{"floor":8.0,"key":"Art of War"}],"event_choices":[{"damage_healed":0.0,"max_hp_gain":0.0,"max_hp_loss":0.0,"gold_gain":0.0,"event_name":"Golden Idol","player_choice":"Take Damage","floor":4.0,"gold_loss":0.0,"damage_taken":17.0,"relics_obtained":["Golden Idol"]},{"cards_removed":["Strike_G"],"damage_healed":0.0,"max_hp_gain":0.0,"max_hp_loss":0.0,"gold_gain":0.0,"event_name":"The Cleric","player_choice":"Card Removal","floor":5.0,"gold_loss":50.0,"damage_taken":0.0}],"is_beta":false,"boss_relics":[],"items_purged_floors":[2],"is_endless":false,"potions_floor_spawned":[6,8],"killed_by":"Gremlin Nob","ascension_level":5}