{"gold_per_floor":[115,190,46,46,23,23,34,34,34,34,61,61,88,3,3,79,79,96,96,78,78,2,2,30,30,30,30,41,52,52,81,81,81],"floor_reached":33,"playtime":1094,"items_purged":["Defend_G"],"score":502,"play_id":"63badac7-619c-4abc-bb05-8167127e32f9","local_time":"20180710223331","is_ascension_mode":true,"campfire_choices":[{"data":"Neutralize","floor":6,"key":"SMITH"},{"data":"All Out Attack","floor":8,"key":"SMITH"},{"data":"Masterful Stab","floor":10,"key":"SMITH"},{"data":"Cloak And Dagger","floor":15,"key":"SMITH"},{"data":"Dagger Throw","floor":23,"key":"SMITH"},{"data":"Dagger Spray","floor":30,"key":"SMITH"},{"floor":32,"key":"REST"}],"neow_cost":"NONE","seed_source_timestamp":189286793866933,"circlet_count":0,"master_deck":["Defend_G","Defend_G","Defend_G","Defend_G","Strike_G+1","Strike_G","Strike_G","Strike_G","Strike_G","Survivor","Neutralize+1","AscendersBane","Masterful Stab+1","Footwork+1","Dodge and Roll","All Out Attack+1","Dagger Throw+1","Cloak And Dagger+1","Footwork+1","Dagger Throw","Tactician","Footwork+1","Underhanded Strike+1","Endless Agony","Dagger Spray+1","Noxious Fumes+1"],"relics":["White Beast Statue","Torii","Meat on the Bone","Frozen Egg 2","Busted Crown","Ancient Tea Set","Happy Flower","Ninja Scroll","Whetstone"],"potions_floor_usage":[7,13,16,24,24,28,31,31,33],"damage_taken":[{"damage":4,"enemies":"Small Slimes","floor":1,"turns":6},{"damage":0,"enemies":"2 Louse","floor":7,"turns":2},{"damage":1,"enemies":"Lagavulin","floor":11,"turns":9},{"damage":24,"enemies":"Gremlin Nob","floor":13,"turns":5},{"damage":5,"enemies":"Hexaghost","floor":16,"turns":15},{"damage":7,"enemies":"3 Byrds","floor":18,"turns":5},{"damage":1,"enemies":"2 Thieves","floor":20,"turns":4},{"damage":18,"enemies":"Book of Stabbing","floor":24,"turns":7},{"damage":15,"enemies":"3 Cultists","floor":28,"turns":6},{"damage":2,"enemies":"Snecko","floor":29,"turns":7},{"damage":34,"enemies":"Gremlin Leader","floor":31,"turns":11},{"damage":39,"enemies":"Champ","floor":33,"turns":12}],"seed_played":"-6322959388385799419","potions_obtained":[{"floor":1,"key":"Fire Potion"},{"floor":7,"key":"Regen Potion"},{"floor":11,"key":"Regen Potion"},{"floor":13,"key":"Strength Potion"},{"floor":16,"key":"LiquidBronze"},{"floor":24,"key":"AttackPotion"},{"floor":28,"key":"Block Potion"},{"floor":29,"key":"Dexterity Potion"},{"floor":31,"key":"SkillPotion"}],"is_trial":false,"path_per_floor":["M","?","$","?","$","R","M","R","T","R","E","?","E","$","R","B",null,"M","?","M","?","$","R","E","T","T","$","M","M","R","E","R"],"character_chosen":"THE_SILENT","items_purchased":["Footwork","Dodge and Roll","Footwork+1","Dagger Throw","Endless Agony"],"campfire_rested":1,"item_purchase_floors":[3,5,14,14,22],"current_hp_per_floor":[55,44,44,44,44,44,44,44,44,44,43,43,43,43,43,38,59,52,52,51,51,51,51,45,45,45,45,42,40,40,18,37,0],"gold":81,"neow_bonus":"BOSS_RELIC","is_prod":false,"is_daily":false,"chose_seed":false,"campfire_upgraded":6,"win_rate":0,"timestamp":1531287211,"path_taken":["M","?","$","?","?","R","?","R","T","R","E","?","E","$","R","BOSS","M","?","M","?","$","R","E","?","T","$","M","M","R","E","R","BOSS"],"build_version":"2018-07-09","purchased_purges":1,"victory":false,"max_hp_per_floor":[66,66,66,66,66,66,66,66,66,66,66,66,66,66,66,66,66,66,66,66,66,66,66,66,66,66,66,66,66,66,66,66,66],"card_choices":[{"not_picked":["Deflect","Slice"],"picked":"Masterful Stab","floor":1},{"not_picked":["Reflex","Predator"],"picked":"All Out Attack","floor":7},{"not_picked":["Quick Slash","Prepared"],"picked":"Dagger Throw","floor":11},{"not_picked":["Reflex","Slice"],"picked":"Cloak And Dagger","floor":13},{"not_picked":["Doppelganger","Venomology"],"picked":"Tactician","floor":16},{"not_picked":["Calculated Gamble+1"],"picked":"SKIP","floor":18},{"not_picked":[],"picked":"Underhanded Strike","floor":20},{"not_picked":["Acrobatics"],"picked":"SKIP","floor":24},{"not_picked":["Reflex"],"picked":"SKIP","floor":28},{"not_picked":[],"picked":"Dagger Spray","floor":29},{"not_picked":[],"picked":"Noxious Fumes+1","floor":31}],"player_experience":571269,"relics_obtained":[{"floor":9,"key":"Torii"},{"floor":11,"key":"Meat on the Bone"},{"floor":13,"key":"Frozen Egg 2"},{"floor":24,"key":"Ancient Tea Set"},{"floor":25,"key":"Happy Flower"},{"floor":26,"key":"Ninja Scroll"},{"floor":31,"key":"Whetstone"}],"event_choices":[{"event_name":"World of Goop","player_choice":"Gather Gold","floor":2,"damage_taken":0},{"event_name":"Upgrade Shrine","player_choice":"Upgraded","floor":4,"damage_taken":0},{"event_name":"Liars Game","player_choice":"disagreed","floor":12,"damage_taken":0},{"event_name":"Duplicator","player_choice":"One dupe","floor":19,"damage_taken":0},{"event_name":"N\u0027loth","player_choice":"Ignored","floor":21,"damage_taken":0}],"boss_relics":[{"not_picked":["Empty Cage","Calling Bell"],"picked":"Busted Crown"}],"items_purged_floors":[3],"is_endless":false,"potions_floor_spawned":[1,7,11,13,16,18,20,24,28,29,31],"killed_by":"Champ","ascension_level":15}