{"gold_per_floor":[119,194,194,194,61,61,61,93,145,145,159,2,28,47,47,124,124,138,148,148,148,23,57,57,57],"floor_reached":25,"playtime":660,"items_purged":["Strike_B","Strike_B","Defend_B"],"score":550,"play_id":"22862467-4f59-4ae4-8ee7-11eed4328462","local_time":"20190213153120","is_ascension_mode":true,"campfire_choices":[{"data":"Zap","floor":6.0,"key":"SMITH"},{"data":"Dualcast","floor":10.0,"key":"SMITH"},{"data":"Beam Cell","floor":15.0,"key":"SMITH"}],"neow_cost":"NONE","seed_source_timestamp":16745165838848,"circlet_count":0,"master_deck":["AscendersBane","Defend_B","Defend_B","Defend_B","Zap+1","Dualcast+1","Ball Lightning","Ball Lightning","Biased Cognition","Glacier","Beam Cell+1","Auto Shields","Rebound","Biased Cognition","Double Energy+1","Streamline","Glacier"],"special_seed":0,"relics":["Cracked Core","NeowsBlessing","Bird Faced Urn","Bronze Scales","Omamori","Potion Belt","Snecko Eye","Orichalcum","Mummified Hand"],"potions_floor_usage":[23],"damage_taken":[{"damage":0.0,"enemies":"Small Slimes","floor":1.0,"turns":1.0},{"damage":0.0,"enemies":"3 Sentries","floor":8.0,"turns":1.0},{"damage":0.0,"enemies":"Jaw Worm","floor":11.0,"turns":1.0},{"damage":0.0,"enemies":"Gremlin Nob","floor":13.0,"turns":3.0},{"damage":0.0,"enemies":"Cultist","floor":14.0,"turns":3.0},{"damage":23.0,"enemies":"Slime Boss","floor":16.0,"turns":6.0},{"damage":1,"enemies":"2 Thieves","floor":18,"turns":4},{"damage":0,"enemies":"Spheric Guardian","floor":19,"turns":3},{"damage":13,"enemies":"Slavers","floor":23,"turns":5},{"damage":64,"enemies":"Gremlin Leader","floor":25,"turns":8}],"seed_played":"-461964701111766308","potions_obtained":[{"floor":16.0,"key":"SkillPotion"},{"floor":18,"key":"SteroidPotion"}],"is_trial":false,"path_per_floor":["M","?","?","T","$","R","?","E","T","R","M","$","E","M","R","B",null,"M","M","?","?","$","E","?","E"],"character_chosen":"DEFECT","items_purchased":["Ball Lightning","Beam Cell"],"campfire_rested":0,"item_purchase_floors":[5,12],"current_hp_per_floor":[64,53,46,46,46,46,46,46,46,46,46,46,48,50,50,29,61,64,68,68,68,68,59,59,0],"gold":57,"neow_bonus":"THREE_ENEMY_KILL","is_prod":false,"is_daily":false,"chose_seed":false,"campfire_upgraded":3,"win_rate":0,"timestamp":1550100680,"path_taken":["M","?","?","?","$","R","?","E","T","R","M","$","E","?","R","BOSS","M","M","?","?","$","E","?","E"],"build_version":"2019-02-06","purchased_purges":3,"victory":false,"max_hp_per_floor":[71,71,71,71,71,71,71,71,71,71,71,71,71,71,71,71,71,71,71,71,71,71,71,71,71],"card_choices":[{"not_picked":["Turbo","Leap"],"picked":"Ball Lightning","floor":1.0},{"not_picked":["Machine Learning","Streamline"],"picked":"Biased Cognition","floor":8.0},{"not_picked":["Go for the Eyes","White Noise"],"picked":"Glacier","floor":11.0},{"not_picked":["Thunder Strike","Streamline"],"picked":"Auto Shields","floor":13.0},{"not_picked":["Barrage","Steam"],"picked":"Rebound","floor":14.0},{"not_picked":["Thunder Strike","Buffer"],"picked":"Biased Cognition","floor":16.0},{"not_picked":["Rebound","Sweeping Beam"],"picked":"Double Energy+1","floor":18},{"not_picked":["Rebound","Go for the Eyes"],"picked":"Streamline","floor":19},{"not_picked":["Tempest","Streamline"],"picked":"Glacier","floor":23}],"player_experience":1158263,"relics_obtained":[{"floor":4.0,"key":"Bird Faced Urn"},{"floor":8.0,"key":"Bronze Scales"},{"floor":9.0,"key":"Omamori"},{"floor":13.0,"key":"Potion Belt"},{"floor":23,"key":"Orichalcum"}],"event_choices":[{"damage_healed":0.0,"max_hp_gain":0.0,"max_hp_loss":0.0,"gold_gain":75.0,"event_name":"World of Goop","player_choice":"Gather Gold","floor":2.0,"gold_loss":0.0,"damage_taken":11.0},{"cards_removed":["Strike_B"],"damage_healed":0.0,"max_hp_gain":0.0,"max_hp_loss":0.0,"gold_gain":0.0,"event_name":"Golden Wing","player_choice":"Card Removal","floor":3.0,"gold_loss":0.0,"damage_taken":7.0},{"cards_removed":["Strike_B"],"damage_healed":0.0,"max_hp_gain":0.0,"max_hp_loss":0.0,"gold_gain":0.0,"event_name":"Purifier","player_choice":"Purged","floor":7.0,"gold_loss":0.0,"damage_taken":0.0},{"damage_healed":0,"gold_gain":0,"player_choice":"Ignored","damage_taken":0,"max_hp_gain":0,"max_hp_loss":0,"event_name":"Ghosts","floor":20,"gold_loss":0},{"damage_healed":0,"gold_gain":0,"player_choice":"Smashed Altar","damage_taken":0,"max_hp_gain":0,"max_hp_loss":0,"event_name":"Forgotten Altar","floor":21,"gold_loss":0,"cards_obtained":["Decay"]},{"damage_healed":0,"gold_gain":0,"player_choice":"Opened","damage_taken":0,"relics_obtained":["Mummified Hand"],"max_hp_gain":0,"max_hp_loss":0,"event_name":"The Mausoleum","floor":24,"gold_loss":0,"cards_obtained":["Writhe"]}],"is_beta":true,"boss_relics":[{"not_picked":["Runic Pyramid","Calling Bell"],"picked":"Snecko Eye"}],"items_purged_floors":[5,12,22],"is_endless":false,"potions_floor_spawned":[16,18],"killed_by":"Gremlin Leader","ascension_level":20}