{"gold_per_floor":[116,126,143,143,65,65,90,38,63,90,106,122,153,169,169,246,246,257,235,251,251],"floor_reached":21,"playtime":627,"items_purged":[],"score":456,"play_id":"13f74ec7-3258-44f4-a8ed-38b2f6ba4337","local_time":"20190119003942","is_ascension_mode":true,"campfire_choices":[{"data":"Bash","floor":6,"key":"SMITH"},{"data":"Armaments","floor":15,"key":"SMITH"}],"neow_cost":"NONE","seed_source_timestamp":1732441545745,"circlet_count":0,"master_deck":["AscendersBane","Strike_R","Strike_R","Strike_R","Strike_R","Strike_R","Defend_R","Defend_R","Defend_R","Defend_R","Bash+1","Clash","Metallicize","Clash","Shrug It Off","Clash","True Grit","Armaments+1","Impervious"],"relics":["Busted Crown","Happy Flower","Ancient Tea Set","Regal Pillow","Bottled Lightning","Bottled Tornado","Sozu"],"potions_floor_usage":[7,16,16],"damage_taken":[{"damage":2,"enemies":"2 Louse","floor":1,"turns":3},{"damage":1,"enemies":"Cultist","floor":2,"turns":3},{"damage":7,"enemies":"Small Slimes","floor":3,"turns":3},{"damage":4,"enemies":"Gremlin Nob","floor":7,"turns":3},{"damage":0,"enemies":"Lagavulin","floor":10,"turns":5},{"damage":0,"enemies":"Exordium Wildlife","floor":11,"turns":1},{"damage":5,"enemies":"Blue Slaver","floor":12,"turns":3},{"damage":2,"enemies":"Gremlin Nob","floor":13,"turns":3},{"damage":0,"enemies":"Looter","floor":14,"turns":3},{"damage":33,"enemies":"Hexaghost","floor":16,"turns":13},{"damage":13,"enemies":"Spheric Guardian","floor":18,"turns":6},{"damage":11,"enemies":"2 Thieves","floor":19,"turns":4},{"damage":31,"enemies":"Snake Plant","floor":20,"turns":5},{"damage":5,"enemies":"Cultist and Chosen","floor":21,"turns":3}],"seed_played":"-214321280626178014","potions_obtained":[{"floor":1,"key":"Poison Potion"},{"floor":3,"key":"Poison Potion"},{"floor":7,"key":"LiquidBronze"},{"floor":14,"key":"Block Potion"}],"is_trial":false,"path_per_floor":["M","M","M","?","$","R","E","$","T","E","M","M","E","M","R","B",null,"M","M","M","M"],"character_chosen":"IRONCLAD","items_purchased":["Clash","Shrug It Off","Clash"],"campfire_rested":0,"item_purchase_floors":[5,5,8],"current_hp_per_floor":[66,65,58,58,58,58,54,54,54,54,54,49,47,47,47,14,60,47,36,5,0],"gold":251,"neow_bonus":"BOSS_RELIC","is_prod":false,"is_daily":false,"chose_seed":false,"campfire_upgraded":2,"win_rate":0,"timestamp":1547887182,"path_taken":["M","M","M","?","$","R","E","$","T","E","M","M","E","M","R","BOSS","M","?","M","M"],"build_version":"2019-01-16","purchased_purges":0,"victory":false,"max_hp_per_floor":[75,75,75,75,75,75,75,75,75,75,75,75,75,75,75,75,75,75,75,75,75],"card_choices":[{"not_picked":[],"picked":"Clash","floor":2},{"not_picked":[],"picked":"Metallicize","floor":3},{"not_picked":["Heavy Blade"],"picked":"SKIP","floor":10},{"not_picked":[],"picked":"True Grit","floor":12},{"not_picked":[],"picked":"Armaments","floor":13},{"not_picked":[],"picked":"Impervious","floor":16}],"player_experience":1031105,"relics_obtained":[{"floor":7,"key":"Ancient Tea Set"},{"floor":9,"key":"Regal Pillow"},{"floor":10,"key":"Bottled Lightning"},{"floor":13,"key":"Bottled Tornado"}],"event_choices":[{"damage_healed":0,"gold_gain":0,"player_choice":"Gave Potion","damage_taken":0,"relics_obtained":["Happy Flower"],"max_hp_gain":0,"max_hp_loss":0,"event_name":"WeMeetAgain","floor":4,"gold_loss":0}],"is_beta":true,"boss_relics":[{"not_picked":["White Beast Statue","Mark of Pain"],"picked":"Sozu"}],"items_purged_floors":[],"is_endless":false,"potions_floor_spawned":[1,3,7,14,18],"killed_by":"Cultist and Chosen","ascension_level":20}