{"gold_per_floor":[111,72,90,90,108,108,123,123,123,123,48,48,82,97,97,196,196,219,219,219],"floor_reached":20,"playtime":472,"items_purged":[],"score":301,"play_id":"77bf96d4-9414-4894-ab8d-7dd1967e549a","local_time":"20180712200924","is_ascension_mode":true,"campfire_choices":[{"data":"Neutralize","floor":6,"key":"SMITH"},{"data":"Bane","floor":8,"key":"SMITH"},{"data":"All Out Attack","floor":10,"key":"SMITH"},{"data":"Deadly Poison","floor":12,"key":"SMITH"},{"floor":15,"key":"REST"}],"neow_cost":"","seed_source_timestamp":240914662381110,"circlet_count":0,"master_deck":["Defend_G","Defend_G","Defend_G","Defend_G","Strike_G","Strike_G","Strike_G","Strike_G","Survivor","Neutralize+1","AscendersBane","Deadly Poison+1","All Out Attack+1","Distraction","Bane+1","Corpse Explosion","Tools of the Trade","Deflect+1","Glass Knife"],"relics":["Ring of the Snake","Golden Idol","Question Card","Smiling Mask","Velvet Choker"],"potions_floor_usage":[13,13,16,20],"damage_taken":[{"damage":0,"enemies":"2 Louse","floor":1,"turns":3},{"damage":4,"enemies":"Jaw Worm","floor":3,"turns":3},{"damage":0,"enemies":"Small Slimes","floor":5,"turns":3},{"damage":10,"enemies":"3 Louse","floor":7,"turns":2},{"damage":18,"enemies":"3 Sentries","floor":13,"turns":4},{"damage":10,"enemies":"Exordium Thugs","floor":14,"turns":4},{"damage":22,"enemies":"Hexaghost","floor":16,"turns":9},{"damage":15,"enemies":"Chosen","floor":18,"turns":5},{"damage":0,"enemies":"2 Thieves","floor":20,"turns":1}],"seed_played":"-8759766947686730702","potions_obtained":[{"floor":1,"key":"PowerPotion"},{"floor":3,"key":"PowerPotion"},{"floor":14,"key":"GamblersBrew"},{"floor":18,"key":"EssenceOfSteel"}],"is_trial":false,"path_per_floor":["M","$","M","?","M","R","M","R","T","R","?","R","E","M","R","B",null,"M","?"],"character_chosen":"THE_SILENT","items_purchased":["All Out Attack"],"campfire_rested":1,"item_purchase_floors":[2],"current_hp_per_floor":[59,59,55,55,55,55,45,45,45,45,45,45,27,17,35,13,48,33,33,33],"gold":219,"neow_bonus":"","is_prod":false,"is_daily":false,"chose_seed":false,"campfire_upgraded":4,"win_rate":0,"timestamp":1531451364,"path_taken":["M","$","M","?","M","R","M","R","T","R","?","R","E","M","R","BOSS","M","?","M"],"build_version":"2018-07-12","purchased_purges":0,"victory":false,"max_hp_per_floor":[66,66,66,60,60,60,60,60,60,60,60,60,60,60,60,60,60,60,60,60],"card_choices":[{"not_picked":["Blade Dance","Well Laid Plans"],"picked":"Deadly Poison","floor":1},{"not_picked":["Caltrops","Outmaneuver"],"picked":"Distraction","floor":5},{"not_picked":["Escape Plan","Backflip"],"picked":"Bane","floor":7},{"not_picked":["Endless Agony","PiercingWail","Dodge and Roll"],"picked":"Corpse Explosion","floor":14},{"not_picked":["Corpse Explosion","Bullet Time","Storm of Steel"],"picked":"Tools of the Trade","floor":16},{"not_picked":["Deadly Poison","Prepared","Blade Dance"],"picked":"Deflect+1","floor":18}],"player_experience":614930,"relics_obtained":[{"floor":9,"key":"Question Card"},{"floor":13,"key":"Smiling Mask"}],"event_choices":[{"event_name":"Golden Idol","player_choice":"Lose Max HP","floor":4,"damage_taken":0},{"event_name":"The Cleric","player_choice":"Card Removal","floor":11,"damage_taken":0},{"event_name":"Transmorgrifier","player_choice":"Transform","floor":19,"damage_taken":0}],"boss_relics":[{"not_picked":["Lizard Tail","Ectoplasm"],"picked":"Velvet Choker"}],"items_purged_floors":[],"is_endless":false,"potions_floor_spawned":[1,3,14,18],"killed_by":"2 Thieves","ascension_level":15}