{"path_per_floor":["M","M","M","?","?","E","R","E","T","M","M","R","M","$","R","B",null,"M","M","T","$","?","E","R","M","T","R","M","R","M","M","R","B",null,"M","M","?","$","M","R","M","R","T","?"],"character_chosen":"THE_SILENT","items_purchased":["Tough Bandages","Bullet Time"],"gold_per_floor":[114,134,151,151,226,259,259,293,293,311,326,326,339,7,7,109,139,156,176,176,76,76,110,110,121,121,121,138,138,151,171,171,274,274,294,306,306,22,40,40,58,58,139,139,139],"floor_reached":45,"campfire_rested":9,"playtime":3120,"item_purchase_floors":[14,38],"current_hp_per_floor":[70,65,65,65,54,40,61,32,32,27,27,48,37,37,58,8,75,48,40,40,40,40,3,25,23,23,45,38,60,53,20,42,13,75,72,65,65,65,59,75,2,24,34,34,0],"items_purged":["Strike_G","Strike_G","Strike_G"],"gold":139,"score":497,"play_id":"1e8c7855-36a7-42d6-a74a-70d35eb5b8cb","local_time":"20180614183633","is_prod":false,"is_daily":false,"chose_seed":false,"is_ascension_mode":false,"campfire_upgraded":0,"win_rate":0.0,"timestamp":1529015793,"campfire_choices":[{"floor":7,"key":"REST"},{"floor":12,"key":"REST"},{"floor":15,"key":"REST"},{"floor":24,"key":"REST"},{"floor":27,"key":"REST"},{"floor":29,"key":"REST"},{"floor":32,"key":"REST"},{"floor":40,"key":"REST"},{"floor":42,"key":"REST"}],"path_taken":["M","M","M","?","?","E","R","E","T","M","M","R","M","$","R","BOSS","M","M","?","$","?","E","R","M","T","R","M","R","M","M","R","BOSS","M","M","?","?","M","R","?","R","T","?","M"],"build_version":"2018-06-07v3","seed_source_timestamp":74522177493825,"purchased_purges":3,"victory":false,"master_deck":["Defend_G","Defend_G","Defend_G+1","Defend_G","Defend_G","Strike_G","Survivor","Bane","Dagger Spray","Deadly Poison","Die Die Die","Skewer","Poisoned Stab","PiercingWail","Prepared","Envenom","Poisoned Stab","Deadly Poison","Corpse Explosion","Poisoned Stab","Noxious Fumes","Malaise","Glass Knife","Dagger Spray+1","Leg Sweep+1","Bullet Time","Calculated Gamble"],"max_hp_per_floor":[70,70,70,70,70,70,70,70,70,70,70,70,70,70,70,70,75,75,75,75,75,75,75,75,75,75,75,75,75,75,75,75,75,75,75,75,75,75,75,75,75,75,85,85,85],"relics":["Runic Pyramid","Toolbox","Calipers","The Specimen","Tough Bandages","Tiny House","Anchor","Torii","Blood Vial","Sozu","Pear"],"card_choices":[{"not_picked":["Prepared","Deadly Poison"],"picked":"Bane","floor":1},{"not_picked":["Outmaneuver","Deadly Poison"],"picked":"Dagger Spray","floor":2},{"not_picked":["Prepared","Dagger Throw"],"picked":"Deadly Poison","floor":3},{"not_picked":["Outmaneuver","Dash"],"picked":"Die Die Die","floor":6},{"not_picked":["Dodge and Roll","Infinite Blades"],"picked":"Skewer","floor":8},{"not_picked":["Deflect","Cloak And Dagger"],"picked":"Poisoned Stab","floor":10},{"not_picked":["Riddle With Holes","Deadly Poison"],"picked":"PiercingWail","floor":11},{"not_picked":["Well Laid Plans","Quick Slash"],"picked":"Prepared","floor":13},{"not_picked":["Adrenaline","Die Die Die"],"picked":"Envenom","floor":16},{"not_picked":["Dagger Throw","Eviscerate"],"picked":"Poisoned Stab","floor":17},{"not_picked":["Acrobatics","Quick Slash"],"picked":"Deadly Poison","floor":18},{"not_picked":["Dodge and Roll+1","Poisoned Stab"],"picked":"Corpse Explosion","floor":19},{"not_picked":["Underhanded Strike","Slice"],"picked":"Poisoned Stab","floor":23},{"not_picked":["Flying Knee","Cloak And Dagger"],"picked":"Noxious Fumes","floor":25},{"not_picked":["Riddle With Holes","Deflect","Quick Slash"],"picked":"SKIP","floor":28},{"not_picked":["Deadly Poison","Heel Hook","Endless Agony"],"picked":"SKIP","floor":30},{"not_picked":["Accuracy","PiercingWail"],"picked":"Malaise","floor":31},{"not_picked":["Venomology","After Image"],"picked":"Glass Knife","floor":33},{"not_picked":["Eviscerate+1","Reflex+1"],"picked":"Dagger Spray+1","floor":35},{"not_picked":["Predator","Dagger Throw"],"picked":"Leg Sweep+1","floor":36},{"not_picked":["Skewer+1","Slice+1"],"picked":"Calculated Gamble","floor":39},{"not_picked":["All Out Attack","Flying Knee+1","Dagger Throw"],"picked":"SKIP","floor":41}],"player_experience":96351,"potions_floor_usage":[6,18,19,23,25,33,33],"damage_taken":[{"damage":0,"enemies":"Small Slimes","floor":1,"turns":3},{"damage":5,"enemies":"Jaw Worm","floor":2,"turns":4},{"damage":0,"enemies":"2 Louse","floor":3,"turns":2},{"damage":14,"enemies":"3 Sentries","floor":6,"turns":7},{"damage":29,"enemies":"Lagavulin","floor":8,"turns":6},{"damage":5,"enemies":"2 Fungi Beasts","floor":10,"turns":3},{"damage":0,"enemies":"Red Slaver","floor":11,"turns":4},{"damage":11,"enemies":"Blue Slaver","floor":13,"turns":3},{"damage":50,"enemies":"Slime Boss","floor":16,"turns":14},{"damage":31,"enemies":"Spheric Guardian","floor":18,"turns":5},{"damage":8,"enemies":"2 Thieves","floor":19,"turns":4},{"damage":37,"enemies":"Slavers","floor":23,"turns":5},{"damage":2,"enemies":"Snecko","floor":25,"turns":6},{"damage":9,"enemies":"Snake Plant","floor":28,"turns":4},{"damage":9,"enemies":"Centurion and Healer","floor":30,"turns":5},{"damage":35,"enemies":"Slaver and Parasite","floor":31,"turns":8},{"damage":31,"enemies":"Automaton","floor":33,"turns":10},{"damage":3,"enemies":"3 Darklings","floor":35,"turns":5},{"damage":9,"enemies":"3 Shapes","floor":36,"turns":4},{"damage":8,"enemies":"3 Darklings","floor":39,"turns":5},{"damage":73,"enemies":"Sphere and 2 Shapes","floor":41,"turns":6},{"damage":42,"enemies":"4 Shapes","floor":45,"turns":1}],"relics_obtained":[{"floor":6,"key":"Toolbox"},{"floor":8,"key":"Calipers"},{"floor":9,"key":"The Specimen"},{"floor":20,"key":"Anchor"},{"floor":23,"key":"Torii"},{"floor":26,"key":"Blood Vial"},{"floor":43,"key":"Pear"}],"event_choices":[{"event_name":"Shining Light","player_choice":"Ignored","floor":4,"damage_taken":0},{"event_name":"World of Goop","player_choice":"Gather Gold","floor":5,"damage_taken":0},{"event_name":"Purifier","player_choice":"One Purge","floor":22,"damage_taken":0},{"event_name":"Falling","player_choice":"Removed Attack","floor":37,"damage_taken":0},{"event_name":"Mysterious Sphere","player_choice":"Ignore","floor":44,"damage_taken":0}],"boss_relics":[{"not_picked":["Eternal Feather","Cursed Key"],"picked":"Tiny House"},{"not_picked":["Snecko Eye","Orrery"],"picked":"Sozu"}],"items_purged_floors":[14,21,38],"potions_floor_spawned":[2,11,13,16,19,25,30,33,35,41],"seed_played":"-2161486832832474464","killed_by":"4 Shapes","ascension_level":0,"potions_obtained":[{"floor":2,"key":"Poison Potion"},{"floor":11,"key":"GamblersBrew"},{"floor":13,"key":"Dexterity Potion"},{"floor":16,"key":"PowerPotion"},{"floor":17,"key":"Explosive Potion"},{"floor":19,"key":"Explosive Potion"},{"floor":25,"key":"GhostInAJar"},{"floor":30,"key":"PowerPotion"},{"floor":33,"key":"GamblersBrew"}],"is_trial":false}