{"gold_per_floor":[110,128,148,2,2,27,27,39,39,50,50,66,66,66,66,171,171,190,209,209,209,58,58,71,71,71,71,71],"floor_reached":28,"playtime":1905,"items_purged":["Defend_G"],"score":218,"play_id":"bc252039-5451-45ab-8b9c-70e377e00d53","local_time":"20190525142524","is_ascension_mode":false,"campfire_choices":[{"floor":7,"key":"REST"},{"floor":11,"key":"REST"},{"data":"A Thousand Cuts","floor":15,"key":"SMITH"},{"floor":23,"key":"REST"},{"floor":25,"key":"REST"}],"neow_cost":"NONE","seed_source_timestamp":839213139913489,"circlet_count":0,"master_deck":["Defend_G","Defend_G","Defend_G","Defend_G","Strike_G","Strike_G","Strike_G","Strike_G","Strike_G","Survivor","Neutralize+1","Dodge and Roll","Backflip","Blur","Acrobatics","A Thousand Cuts+1","Malaise","Dagger Spray","Choke+1","Iron Wave","Noxious Fumes","Flechettes"],"relics":["Ring of the Serpent","Juzu Bracelet","Centennial Puzzle","Question Card","CultistMask","Molten Egg 2"],"potions_floor_usage":[6,16,16,27],"damage_taken":[{"damage":0,"enemies":"2 Louse","floor":1,"turns":4},{"damage":0,"enemies":"Cultist","floor":2,"turns":4},{"damage":0,"enemies":"Small Slimes","floor":3,"turns":7},{"damage":50,"enemies":"Gremlin Nob","floor":6,"turns":8},{"damage":23,"enemies":"Exordium Thugs","floor":8,"turns":8},{"damage":0,"enemies":"Large Slime","floor":10,"turns":9},{"damage":4,"enemies":"3 Louse","floor":12,"turns":5},{"damage":32,"enemies":"Hexaghost","floor":16,"turns":20},{"damage":19,"enemies":"Shell Parasite","floor":18,"turns":13},{"damage":28,"enemies":"Spheric Guardian","floor":19,"turns":16},{"damage":11,"enemies":"Snake Plant","floor":24,"turns":6},{"damage":31,"enemies":"Colosseum Slavers","floor":27,"turns":6},{"damage":25,"enemies":"3 Cultists","floor":28,"turns":4}],"seed_played":"-7680706273360194464","potions_obtained":[{"floor":2,"key":"Ancient Potion"},{"floor":6,"key":"GhostInAJar"},{"floor":8,"key":"Dexterity Potion"},{"floor":19,"key":"Explosive Potion"}],"is_trial":false,"path_per_floor":["M","M","M","$","?","E","R","M","T","M","R","M","?","?","R","B",null,"M","M","?","?","$","R","M","R","T","?","M"],"character_chosen":"THE_SILENT","items_purchased":["Juzu Bracelet","Noxious Fumes"],"campfire_rested":4,"item_purchase_floors":[4,22],"current_hp_per_floor":[77,77,77,77,77,27,50,27,27,27,50,46,71,71,71,39,77,58,30,16,16,16,40,29,53,53,22,0],"gold":71,"neow_bonus":"TEN_PERCENT_HP_BONUS","is_prod":false,"is_daily":false,"chose_seed":false,"campfire_upgraded":1,"win_rate":0.0,"timestamp":1558808724,"path_taken":["M","M","M","$","?","E","R","M","T","M","R","M","?","?","R","BOSS","M","M","?","?","$","R","M","R","T","?","M"],"build_version":"2019-01-23","purchased_purges":1,"victory":false,"max_hp_per_floor":[77,77,77,77,77,77,77,77,77,77,77,77,77,77,77,77,77,77,77,82,82,82,82,82,82,82,82,82],"card_choices":[{"not_picked":["Deadly Poison","Underhanded Strike"],"picked":"Dodge and Roll","floor":1},{"not_picked":["Slice","Deflect"],"picked":"Backflip","floor":2},{"not_picked":["Quick Slash","Outmaneuver"],"picked":"Blur","floor":3},{"not_picked":["Venomology","Outmaneuver"],"picked":"Acrobatics","floor":6},{"not_picked":["Escape Plan","Blade Dance"],"picked":"Crippling Poison","floor":8},{"not_picked":["Prepared","Expertise","Deadly Poison","Finisher"],"picked":"SKIP","floor":10},{"not_picked":["Blade Dance","Deadly Poison","Masterful Stab"],"picked":"A Thousand Cuts","floor":12},{"not_picked":["Die Die Die","Night Terror","Envenom"],"picked":"Malaise","floor":16},{"not_picked":["Flechettes","Finisher","PiercingWail"],"picked":"Dagger Spray","floor":18},{"not_picked":["Blade Dance","Slice","Calculated Gamble"],"picked":"Choke+1","floor":19},{"not_picked":["Flying Knee","Dodge and Roll","Sucker Punch"],"picked":"Flechettes","floor":24}],"player_experience":5651,"relics_obtained":[{"floor":6,"key":"Centennial Puzzle"},{"floor":9,"key":"Question Card"},{"floor":26,"key":"Molten Egg 2"}],"event_choices":[{"damage_healed":0,"gold_gain":0,"player_choice":"Forge","damage_taken":0,"max_hp_gain":0,"max_hp_loss":0,"event_name":"Accursed Blacksmith","floor":5,"gold_loss":0,"cards_upgraded":["Neutralize"]},{"damage_healed":25,"gold_gain":0,"player_choice":"Banana","damage_taken":0,"max_hp_gain":0,"max_hp_loss":0,"event_name":"Big Fish","floor":13,"gold_loss":0},{"damage_healed":0,"gold_gain":0,"player_choice":"Trade","damage_taken":0,"relics_obtained":["CultistMask"],"max_hp_gain":0,"max_hp_loss":0,"event_name":"FaceTrader","floor":14,"gold_loss":0},{"damage_healed":0,"gold_gain":0,"player_choice":"Shed Blood","damage_taken":19,"max_hp_gain":5,"max_hp_loss":0,"event_name":"Forgotten Altar","floor":20,"gold_loss":0},{"cards_removed":["Crippling Poison"],"damage_healed":0,"gold_gain":0,"player_choice":"Took Card","damage_taken":0,"max_hp_gain":0,"max_hp_loss":0,"event_name":"NoteForYourself","floor":21,"gold_loss":0,"cards_obtained":["Iron Wave"]},{"damage_healed":0,"gold_gain":0,"player_choice":"Fight","damage_taken":0,"max_hp_gain":0,"max_hp_loss":0,"event_name":"Colosseum","floor":27,"gold_loss":0},{"damage_healed":0,"gold_gain":0,"player_choice":"Fled From Nobs","damage_taken":0,"max_hp_gain":0,"max_hp_loss":0,"event_name":"Colosseum","floor":27,"gold_loss":0}],"is_beta":false,"boss_relics":[{"not_picked":["Empty Cage","Eternal Feather"],"picked":"Ring of the Serpent"}],"items_purged_floors":[22],"is_endless":false,"potions_floor_spawned":[2,6,8,19],"killed_by":"3 Cultists","ascension_level":0}