{"path_per_floor":["M","M","?","$","?","E","M","R","T","E","R","E","?","E","R","B",null,"M","M","M","M","M","R","M","R","T","$","?","M","M","M","R","B",null,"M","?","?","M","M","M","R","$","T","$","M","R","M"],"character_chosen":"THE_SILENT","items_purchased":["Burst","Oddly Smooth Stone","Noxious Fumes","Terror"],"gold_per_floor":[114,134,134,59,59,91,101,101,124,156,156,181,181,209,209,307,307,326,336,350,366,379,379,395,395,419,170,170,185,197,217,217,317,317,331,331,331,351,368,388,388,38,115,37,54,54,67,67],"floor_reached":48,"campfire_rested":5,"playtime":9960,"current_hp_per_floor":[70,70,70,70,70,70,70,70,70,58,58,56,56,44,66,54,75,67,67,35,21,21,43,29,51,51,51,51,36,32,25,47,54,75,75,75,75,60,58,41,53,53,53,53,31,65,33,0],"items_purged":["Strike_G","Strike_G","Cloak And Dagger"],"gold":67,"score":564,"play_id":"4bba3e8e-7c92-4320-b039-f496eb61706f","local_time":"20180514002533","is_prod":false,"is_daily":false,"chose_seed":false,"is_ascension_mode":true,"campfire_upgraded":3,"timestamp":1526250333,"path_taken":["M","M","?","?","?","E","?","R","T","E","R","E","?","E","R","BOSS","M","?","M","M","M","R","M","R","T","?","?","M","M","M","R","BOSS","M","?","?","M","M","?","R","$","T","?","?","R","M","E"],"build_version":"2018-05-10","seed_source_timestamp":387325602346240,"purchased_purges":3,"victory":false,"master_deck":["Defend_G+1","Defend_G+1","Defend_G+1","Defend_G+1","Defend_G+1","Strike_G+1","Strike_G+1","Survivor","Neutralize+1","Dagger Throw","PiercingWail","Deadly Poison+1","Bouncing Flask","Backflip","Flying Knee","Tools of the Trade","Acrobatics+1","Outmaneuver+1","Dagger Spray+1","Quick Slash+1","Catalyst","Well Laid Plans+1","Burst+1","Unload","Distraction+1","Panacea","Bouncing Flask+1","Sucker Punch+1","Venomology","Noxious Fumes","Terror","Deflect+1","Footwork"],"max_hp_per_floor":[70,70,70,70,70,70,70,70,70,70,70,70,70,75,75,75,75,75,75,75,75,75,75,75,75,75,75,75,75,75,75,75,75,75,75,75,75,75,75,75,75,75,75,75,75,75,75,75],"relics":["Ring of the Snake","NeowsBlessing","Art of War","Dream Catcher","Orichalcum","Thread and Needle","Tingsha","Pantograph","Gambling Chip","Vajra","Eternal Feather","Spirit Poop","Oddly Smooth Stone","Meat on the Bone"],"card_choices":[{"not_picked":["Quick Slash","Outmaneuver"],"picked":"Dagger Throw","floor":1},{"not_picked":["Glass Knife","Concentrate"],"picked":"Cloak And Dagger","floor":2},{"not_picked":["All Out Attack","Backstab"],"picked":"PiercingWail","floor":6},{"not_picked":["Underhanded Strike","Quick Slash"],"picked":"Deadly Poison","floor":10},{"not_picked":["Slice","Bane"],"picked":"Bouncing Flask","floor":12},{"not_picked":["Bane","Skewer"],"picked":"Backflip","floor":14},{"not_picked":["Flechettes","Bane"],"picked":"Flying Knee","floor":15},{"not_picked":["Glass Knife","After Image"],"picked":"Tools of the Trade","floor":16},{"not_picked":["Terror","Deadly Poison"],"picked":"Acrobatics","floor":18},{"not_picked":["Backstab","Sucker Punch"],"picked":"Outmaneuver","floor":19},{"not_picked":["Prepared","Underhanded Strike"],"picked":"Dagger Spray","floor":20},{"not_picked":["Envenom","Backstab"],"picked":"Quick Slash","floor":23},{"not_picked":["Blade Dance","Acrobatics"],"picked":"Catalyst","floor":24},{"not_picked":["Dagger Spray","Blur"],"picked":"Well Laid Plans","floor":25},{"not_picked":["Bullet Time","Envenom"],"picked":"Unload","floor":33},{"not_picked":["Dagger Throw","Sucker Punch"],"picked":"Distraction","floor":35},{"not_picked":["Madness","Flash of Steel"],"picked":"Panacea","floor":37},{"not_picked":["Deflect","Bane"],"picked":"Bouncing Flask","floor":38},{"not_picked":["Poisoned Stab","Caltrops"],"picked":"Sucker Punch","floor":39},{"not_picked":["Dodge and Roll","Deflect"],"picked":"Venomology","floor":40},{"not_picked":["Riddle With Holes","Prepared"],"picked":"Deflect","floor":45},{"not_picked":["PiercingWail","Acrobatics"],"picked":"Footwork","floor":46}],"player_experience":173800,"potions_floor_usage":[10,14,21,22,24,30,33,33,45,48],"damage_taken":[{"damage":0,"enemies":"2 Louse","floor":1,"turns":1},{"damage":0,"enemies":"Cultist","floor":2,"turns":1},{"damage":0,"enemies":"Lagavulin","floor":6,"turns":1},{"damage":0,"enemies":"Small Slimes","floor":7,"turns":3},{"damage":12,"enemies":"Gremlin Nob","floor":10,"turns":5},{"damage":2,"enemies":"Lagavulin","floor":12,"turns":8},{"damage":17,"enemies":"Gremlin Nob","floor":14,"turns":4},{"damage":21,"enemies":"Slime Boss","floor":16,"turns":14},{"damage":8,"enemies":"2 Thieves","floor":18,"turns":4},{"damage":0,"enemies":"Spheric Guardian","floor":19,"turns":3},{"damage":32,"enemies":"Centurion and Healer","floor":20,"turns":9},{"damage":14,"enemies":"Chosen and Byrds","floor":21,"turns":8},{"damage":0,"enemies":"Snake Plant","floor":22,"turns":3},{"damage":14,"enemies":"Cultist and Chosen","floor":24,"turns":6},{"damage":15,"enemies":"Sentry and Sphere","floor":29,"turns":7},{"damage":4,"enemies":"Centurion and Healer","floor":30,"turns":4},{"damage":7,"enemies":"Snake Plant","floor":31,"turns":3},{"damage":18,"enemies":"Collector","floor":33,"turns":9},{"damage":0,"enemies":"3 Shapes","floor":35,"turns":4},{"damage":15,"enemies":"3 Darklings","floor":38,"turns":4},{"damage":2,"enemies":"Sphere and 2 Shapes","floor":39,"turns":5},{"damage":17,"enemies":"Maw","floor":40,"turns":7},{"damage":34,"enemies":"3 Darklings","floor":45,"turns":6},{"damage":44,"enemies":"Sphere and 2 Shapes","floor":47,"turns":6},{"damage":37,"enemies":"Giant Head","floor":48,"turns":9}],"event_choices":[{"event_name":"Wheel of Change","player_choice":"Relic","floor":3,"damage_taken":0},{"event_name":"Purifier","player_choice":"One Purge","floor":5,"damage_taken":0},{"event_name":"Big Fish","player_choice":"Box","floor":13,"damage_taken":0},{"event_name":"Back to Basics","player_choice":"Simplicity","floor":28,"damage_taken":0},{"event_name":"Bonfire Elementals","player_choice":"CURSE","floor":36,"damage_taken":0},{"event_name":"SensoryStone","player_choice":"Memory 1","floor":37,"damage_taken":0}],"boss_relics":[{"not_picked":["Snecko Eye","Ectoplasm","Lizard Tail"]},{"not_picked":["Runic Dome","Calling Bell"],"picked":"Eternal Feather"}],"potions_floor_spawned":[6,7,14,18,20,24,30,31,38,47],"seed_played":"5300032518893654510","killed_by":"Giant Head","ascension_level":3,"is_trial":false}