{"gold_per_floor":[113,113,113,126,87,112,112,112,112,144,144,156,184,157,157,255,255,271,196,210,210,172,172,190,203,260,288,315,315,291,291,291,291],"floor_reached":33,"playtime":1193,"items_purged":["Strike_G"],"score":344,"play_id":"23282315-1827-4a52-b58a-cfd045871ae9","local_time":"20190113162405","is_ascension_mode":true,"campfire_choices":[{"data":"Terror","floor":8,"key":"SMITH"},{"floor":15,"key":"REST"},{"data":"Footwork","floor":23,"key":"SMITH"},{"floor":29,"key":"REST"},{"floor":32,"key":"REST"}],"neow_cost":"NONE","seed_source_timestamp":339009711748232,"circlet_count":0,"master_deck":["Defend_G","Defend_G","Defend_G","Defend_G","Strike_G","Strike_G","Strike_G+1","Strike_G","Survivor","Neutralize+1","Sucker Punch","Flying Knee","Terror+1","Quick Slash","Glass Knife","Backflip+1","Footwork+1","Deadly Poison","Blade Dance"],"relics":["Ring of the Snake","NeowsBlessing","Mango","Torii","Peace Pipe","Du-Vu Doll","Matryoshka","Sozu","Tiny Chest","Whetstone","Red Mask","Paper Crane","Juzu Bracelet","Omamori"],"potions_floor_usage":[],"damage_taken":[{"damage":0,"enemies":"Jaw Worm","floor":1,"turns":1},{"damage":0,"enemies":"Small Slimes","floor":4,"turns":1},{"damage":0,"enemies":"Lagavulin","floor":6,"turns":1},{"damage":18,"enemies":"Gremlin Nob","floor":10,"turns":4},{"damage":0,"enemies":"2 Louse","floor":12,"turns":2},{"damage":19,"enemies":"Lagavulin","floor":13,"turns":6},{"damage":33,"enemies":"Hexaghost","floor":16,"turns":12},{"damage":11,"enemies":"2 Thieves","floor":18,"turns":4},{"damage":8,"enemies":"Spheric Guardian","floor":20,"turns":5},{"damage":1,"enemies":"Centurion and Healer","floor":24,"turns":8},{"damage":13,"enemies":"Sentry and Sphere","floor":25,"turns":10},{"damage":19,"enemies":"Masked Bandits","floor":27,"turns":6},{"damage":29,"enemies":"Slavers","floor":28,"turns":7},{"damage":78,"enemies":"Automaton","floor":33,"turns":10}],"seed_played":"652464473671894448","potions_obtained":[{"floor":6,"key":"FairyPotion"}],"is_trial":false,"path_per_floor":["M","?","?","M","?","E","?","R","T","E","T","M","E","$","R","B",null,"M","$","M","?","$","R","M","M","T","?","E","R","$","T","R","B"],"character_chosen":"THE_SILENT","items_purchased":["Quick Slash","Footwork","Blade Dance"],"campfire_rested":3,"item_purchase_floors":[14,22,30],"current_hp_per_floor":[70,63,63,63,63,77,82,82,82,64,64,64,45,45,71,38,89,78,78,70,70,70,70,69,56,56,37,8,34,34,34,60,0],"gold":291,"neow_bonus":"THREE_ENEMY_KILL","is_prod":false,"is_daily":false,"chose_seed":false,"campfire_upgraded":2,"win_rate":0,"timestamp":1547414645,"path_taken":["M","?","?","M","?","E","?","R","T","E","?","M","E","$","R","BOSS","M","$","M","?","$","R","?","M","T","?","E","R","$","?","R","BOSS"],"build_version":"2019-01-10","purchased_purges":1,"victory":false,"max_hp_per_floor":[70,70,70,70,70,84,89,89,89,89,89,89,89,89,89,89,89,89,89,89,89,89,89,89,89,89,89,89,89,89,89,89,89],"card_choices":[{"not_picked":["Underhanded Strike","Prepared"],"picked":"Sucker Punch","floor":1},{"not_picked":["PiercingWail","Underhanded Strike"],"picked":"Flying Knee","floor":4},{"not_picked":["Outmaneuver","Adrenaline"],"picked":"Terror","floor":6},{"not_picked":["Underhanded Strike","Choke","Doppelganger"],"picked":"SKIP","floor":10},{"not_picked":["Bane","Cloak And Dagger","Predator"],"picked":"SKIP","floor":12},{"not_picked":["Sucker Punch","Bane","Skewer"],"picked":"SKIP","floor":13},{"not_picked":["Envenom","Night Terror"],"picked":"Glass Knife","floor":16},{"not_picked":["Dagger Spray","Deflect"],"picked":"Backflip+1","floor":18},{"not_picked":["Calculated Gamble","PiercingWail+1","Dagger Throw"],"picked":"SKIP","floor":20},{"not_picked":["Bane","Heel Hook","Quick Slash"],"picked":"SKIP","floor":24},{"not_picked":["Bane","Heel Hook","Quick Slash"],"picked":"SKIP","floor":24},{"not_picked":["Blade Dance","Backflip"],"picked":"Deadly Poison","floor":25},{"not_picked":["Reflex","Flying Knee+1","Envenom"],"picked":"SKIP","floor":28}],"player_experience":31481,"relics_obtained":[{"floor":6,"key":"Mango"},{"floor":9,"key":"Torii"},{"floor":10,"key":"Peace Pipe"},{"floor":11,"key":"Du-Vu Doll"},{"floor":13,"key":"Matryoshka"},{"floor":26,"key":"Tiny Chest"},{"floor":26,"key":"Whetstone"},{"floor":27,"key":"Red Mask"},{"floor":28,"key":"Paper Crane"},{"floor":31,"key":"Juzu Bracelet"},{"floor":31,"key":"Omamori"}],"event_choices":[{"cards_removed":["Defend_G"],"damage_healed":0,"gold_gain":0,"player_choice":"Card Removal","damage_taken":7,"max_hp_gain":0,"max_hp_loss":0,"event_name":"Golden Wing","floor":2,"gold_loss":0},{"damage_healed":0,"gold_gain":0,"player_choice":"Ignored","damage_taken":0,"max_hp_gain":0,"max_hp_loss":0,"event_name":"Shining Light","floor":3,"gold_loss":0},{"damage_healed":0,"gold_gain":0,"player_choice":"Left Gold","damage_taken":0,"max_hp_gain":0,"max_hp_loss":0,"event_name":"World of Goop","floor":5,"gold_loss":39},{"damage_healed":0,"gold_gain":0,"player_choice":"Donut","damage_taken":0,"max_hp_gain":5,"max_hp_loss":0,"event_name":"Big Fish","floor":7,"gold_loss":0},{"damage_healed":0,"gold_gain":0,"player_choice":"Got Potions","damage_taken":0,"max_hp_gain":0,"max_hp_loss":0,"event_name":"Lab","floor":21,"gold_loss":0},{"damage_healed":0,"gold_gain":0,"player_choice":"Fought Bandits","damage_taken":0,"max_hp_gain":0,"max_hp_loss":0,"event_name":"Masked Bandits","floor":27,"gold_loss":0}],"is_beta":false,"boss_relics":[{"not_picked":["White Beast Statue","WristBlade"],"picked":"Sozu"}],"items_purged_floors":[19],"is_endless":false,"potions_floor_spawned":[6,20,24,28],"killed_by":"Automaton","ascension_level":1}