{"gold_per_floor":[110,110,110,35,49,49,76,76,76,76,101,1,21,38,38,141,141,153,28,39,39],"floor_reached":21,"playtime":465,"items_purged":["Defend_G","Strike_G","Defend_G"],"score":212,"play_id":"9af7128b-d7d9-4a63-a7ed-f2e22e52b12e","local_time":"20190807231759","is_ascension_mode":true,"campfire_choices":[{"data":"Neutralize","floor":6,"key":"SMITH"},{"floor":8,"key":"REST"},{"data":"Survivor","floor":10,"key":"SMITH"},{"data":"Strike_G","floor":15,"key":"SMITH"}],"neow_cost":"NONE","seed_source_timestamp":2250687854618,"circlet_count":0,"master_deck":["Strike_G","Strike_G+1","Strike_G","Strike_G+1","Defend_G","Defend_G+1","Survivor+1","Neutralize+1"],"relics":["Ring of the Snake","NeowsBlessing","Bag of Marbles","Singing Bowl","Odd Mushroom","White Beast Statue"],"potions_floor_usage":[11,16,21],"damage_taken":[{"damage":0,"enemies":"Small Slimes","floor":1,"turns":1},{"damage":0,"enemies":"Jaw Worm","floor":5,"turns":1},{"damage":0,"enemies":"Gremlin Nob","floor":7,"turns":1},{"damage":7,"enemies":"The Mushroom Lair","floor":11,"turns":3},{"damage":0,"enemies":"Cultist","floor":13,"turns":2},{"damage":2,"enemies":"Exordium Thugs","floor":14,"turns":4},{"damage":16,"enemies":"The Guardian","floor":16,"turns":12},{"damage":0,"enemies":"3 Byrds","floor":18,"turns":8},{"damage":9,"enemies":"Shell Parasite","floor":20,"turns":9},{"damage":5,"enemies":"Shelled Parasite and Fungi","floor":21,"turns":2}],"seed_played":"5569058852362617314","potions_obtained":[{"floor":1,"key":"Explosive Potion"},{"floor":14,"key":"Strength Potion"},{"floor":18,"key":"GamblersBrew"},{"floor":20,"key":"SkillPotion"}],"is_trial":false,"path_per_floor":["M","?","?","$","M","R","E","R","T","R","?","$","M","M","R","B",null,"M","$","M","M"],"character_chosen":"THE_SILENT","items_purchased":[],"campfire_rested":1,"item_purchase_floors":[],"current_hp_per_floor":[70,56,56,56,56,56,56,70,70,70,65,65,67,67,67,53,78,80,80,73,68],"gold":39,"neow_bonus":"THREE_ENEMY_KILL","is_prod":false,"is_daily":false,"chose_seed":false,"campfire_upgraded":3,"win_rate":0,"timestamp":1565245079,"path_taken":["M","?","?","$","M","R","E","R","T","R","?","?","M","?","R","BOSS","M","$","M","M"],"build_version":"2019-07-18","purchased_purges":3,"victory":false,"max_hp_per_floor":[70,70,70,70,70,70,70,70,70,70,72,72,74,76,76,78,78,80,80,82,82],"card_choices":[{"not_picked":["Bane","Crippling Poison","Setup"],"picked":"SKIP","floor":7},{"not_picked":["Bane","Leg Sweep","Quick Slash"],"picked":"Singing Bowl","floor":11},{"not_picked":["Backflip","Sucker Punch","Deadly Poison"],"picked":"Singing Bowl","floor":13},{"not_picked":["Cloak And Dagger","Dagger Throw","Bane"],"picked":"Singing Bowl","floor":14},{"not_picked":["Corpse Explosion","Glass Knife","Phantasmal Killer"],"picked":"Singing Bowl","floor":16},{"not_picked":["Deflect","Caltrops","Quick Slash"],"picked":"Singing Bowl","floor":18},{"not_picked":["Setup","Terror","Skewer+1"],"picked":"Singing Bowl","floor":20}],"player_experience":1387664,"relics_obtained":[{"floor":7,"key":"Bag of Marbles"},{"floor":9,"key":"Singing Bowl"},{"floor":11,"key":"Odd Mushroom"}],"event_choices":[{"damage_healed":0,"gold_gain":0,"player_choice":"Entered Light","damage_taken":14,"max_hp_gain":0,"max_hp_loss":0,"event_name":"Shining Light","floor":2,"gold_loss":0,"cards_upgraded":["Strike_G","Defend_G"]},{"cards_removed":["Defend_G"],"damage_healed":0,"gold_gain":0,"player_choice":"Forget","damage_taken":0,"max_hp_gain":0,"max_hp_loss":0,"event_name":"Living Wall","floor":3,"gold_loss":0},{"damage_healed":0,"gold_gain":0,"player_choice":"Fought Mushrooms","damage_taken":0,"max_hp_gain":0,"max_hp_loss":0,"event_name":"Mushrooms","floor":11,"gold_loss":0}],"is_beta":true,"boss_relics":[{"not_picked":["Snecko Eye","Velvet Choker"],"picked":"White Beast Statue"}],"items_purged_floors":[4,12,19],"is_endless":false,"potions_floor_spawned":[1,14,18,20],"killed_by":"Shelled Parasite and Fungi","ascension_level":1}