{"gold_per_floor":[109,129,129,159,172,172,172,172,172,189,189,217,217,228,228,228],"floor_reached":16,"playtime":176,"items_purged":[],"score":100,"play_id":"2a28a21d-0fc7-437d-b7c3-827face61d94","local_time":"20180703235703","is_ascension_mode":false,"campfire_choices":[{"data":"Flex","floor":6,"key":"SMITH"},{"data":"Bash","floor":8,"key":"SMITH"},{"data":"Flex","floor":11,"key":"SMITH"},{"data":"Thunderclap","floor":13,"key":"SMITH"},{"floor":15,"key":"REST"}],"neow_cost":"NONE","seed_source_timestamp":82409627746307,"circlet_count":0,"master_deck":["Strike_R","Strike_R","Strike_R","Strike_R","Strike_R","Defend_R","Defend_R","Defend_R","Bash+1","Thunderclap+1","Flex+1","Flex+1"],"relics":["Runic Dome","Bird Faced Urn","Tiny Chest","Regal Pillow","Darkstone Periapt"],"potions_floor_usage":[12],"damage_taken":[{"damage":0,"enemies":"Cultist","floor":1,"turns":3},{"damage":1,"enemies":"Jaw Worm","floor":2,"turns":3},{"damage":0,"enemies":"Small Slimes","floor":5,"turns":2},{"damage":12,"enemies":"Gremlin Gang","floor":10,"turns":3},{"damage":16,"enemies":"3 Sentries","floor":12,"turns":4},{"damage":17,"enemies":"Exordium Thugs","floor":14,"turns":3},{"damage":0,"enemies":"Hexaghost","floor":16,"turns":1}],"seed_played":"-4063637978101454121","potions_obtained":[{"floor":1,"key":"SpeedPotion"},{"floor":10,"key":"Explosive Potion"},{"floor":14,"key":"Ancient Potion"}],"is_trial":false,"path_per_floor":["M","M","T","?","M","R","?","R","T","M","R","E","R","M","R"],"character_chosen":"IRONCLAD","items_purchased":[],"campfire_rested":1,"item_purchase_floors":[],"current_hp_per_floor":[80,79,79,67,67,67,67,67,67,55,55,39,39,22,61,61],"gold":228,"neow_bonus":"BOSS_RELIC","is_prod":false,"is_daily":false,"chose_seed":false,"campfire_upgraded":4,"win_rate":0,"timestamp":1530687423,"path_taken":["M","?","?","?","?","R","?","R","T","M","R","E","R","M","R","BOSS"],"build_version":"2018-07-02","purchased_purges":0,"victory":false,"max_hp_per_floor":[80,80,80,80,80,80,80,80,80,80,80,80,80,80,80,80],"card_choices":[{"not_picked":["Pummel","Heavy Blade"],"picked":"Thunderclap","floor":1},{"not_picked":["True Grit","Shrug It Off"],"picked":"Flex","floor":2},{"not_picked":["Twin Strike","Pommel Strike"],"picked":"Flex","floor":10}],"player_experience":485109,"relics_obtained":[{"floor":3,"key":"Bird Faced Urn"},{"floor":9,"key":"Regal Pillow"},{"floor":12,"key":"Darkstone Periapt"}],"event_choices":[{"event_name":"Scrap Ooze","player_choice":"success","floor":4,"damage_taken":12},{"event_name":"Purifier","player_choice":"One Purge","floor":7,"damage_taken":0}],"boss_relics":[],"items_purged_floors":[],"is_endless":false,"potions_floor_spawned":[1,10,14],"killed_by":"Hexaghost","ascension_level":0}