{"gold_per_floor":[112,112,124,199,199,199,234,49,49,69,69,87,87,87,87,87],"floor_reached":16,"playtime":584,"items_purged":["Reflex"],"score":228,"play_id":"8ae76446-d445-45a0-8263-e0ad595f9209","local_time":"20190730213606","is_ascension_mode":true,"campfire_choices":[{"data":"Quick Slash","floor":6,"key":"SMITH"},{"data":"Footwork","floor":13,"key":"SMITH"},{"data":"Survivor","floor":15,"key":"SMITH"}],"neow_cost":"NONE","seed_source_timestamp":1786516148121115,"circlet_count":0,"master_deck":["AscendersBane","Strike_G","Strike_G","Strike_G","Strike_G","Defend_G","Defend_G","Defend_G","Defend_G","Defend_G","Survivor+1","Neutralize","Quick Slash+1","Blade Dance","Poisoned Stab","Footwork+1","Poisoned Stab","Dash","Dash"],"relics":["Ring of the Snake","NeowsBlessing","Oddly Smooth Stone","Darkstone Periapt","Golden Idol","Toxic Egg 2"],"potions_floor_usage":[],"damage_taken":[{"damage":0,"enemies":"Small Slimes","floor":1,"turns":1},{"damage":0,"enemies":"Cultist","floor":3,"turns":1},{"damage":0,"enemies":"Lagavulin","floor":7,"turns":1},{"damage":0,"enemies":"2 Louse","floor":10,"turns":3},{"damage":6,"enemies":"Large Slime","floor":12,"turns":5},{"damage":42,"enemies":"Slime Boss","floor":16,"turns":9}],"seed_played":"1763843316750954516","potions_obtained":[{"floor":3,"key":"SmokeBomb"}],"is_trial":false,"path_per_floor":["M","?","M","?","?","R","E","$","T","M","?","M","R","?","R","B"],"character_chosen":"THE_SILENT","items_purchased":["Footwork","Poisoned Stab"],"campfire_rested":0,"item_purchase_floors":[8,8],"current_hp_per_floor":[59,59,59,48,48,48,48,48,48,48,48,42,42,42,42,0],"gold":87,"neow_bonus":"THREE_ENEMY_KILL","is_prod":false,"is_daily":false,"chose_seed":false,"campfire_upgraded":3,"win_rate":0,"timestamp":1564540566,"path_taken":["M","?","?","?","?","R","E","$","T","M","?","M","R","?","R","BOSS"],"build_version":"2019-07-17","purchased_purges":1,"victory":false,"max_hp_per_floor":[66,66,66,66,66,66,66,66,66,66,60,60,60,60,60,60],"card_choices":[{"not_picked":["Backflip","Deflect"],"picked":"Quick Slash","floor":1},{"not_picked":["Underhanded Strike","Dagger Throw"],"picked":"Blade Dance","floor":3},{"not_picked":["Eviscerate","Dagger Throw"],"picked":"Poisoned Stab","floor":7},{"not_picked":["Deadly Poison","Underhanded Strike"],"picked":"Dash","floor":10},{"not_picked":["Accuracy","Underhanded Strike"],"picked":"Dash","floor":12}],"player_experience":926916,"relics_obtained":[{"floor":7,"key":"Oddly Smooth Stone"},{"floor":9,"key":"Darkstone Periapt"}],"event_choices":[{"damage_healed":0,"gold_gain":0,"cards_transformed":["Strike_G"],"player_choice":"Transformed","damage_taken":0,"max_hp_gain":0,"max_hp_loss":0,"event_name":"Transmorgrifier","floor":2,"gold_loss":0,"cards_obtained":["Reflex"]},{"damage_healed":0,"gold_gain":75,"player_choice":"Gather Gold","damage_taken":11,"max_hp_gain":0,"max_hp_loss":0,"event_name":"World of Goop","floor":4,"gold_loss":0},{"damage_healed":0,"gold_gain":0,"player_choice":"Fled","damage_taken":0,"max_hp_gain":0,"max_hp_loss":0,"event_name":"Scrap Ooze","floor":5,"gold_loss":0},{"damage_healed":0,"gold_gain":0,"player_choice":"Lose Max HP","damage_taken":0,"relics_obtained":["Golden Idol"],"max_hp_gain":0,"max_hp_loss":6,"event_name":"Golden Idol","floor":11,"gold_loss":0},{"damage_healed":0,"gold_gain":0,"player_choice":"Gave Potion","damage_taken":0,"relics_obtained":["Toxic Egg 2"],"max_hp_gain":0,"max_hp_loss":0,"event_name":"WeMeetAgain","floor":14,"gold_loss":0}],"is_beta":false,"boss_relics":[],"items_purged_floors":[8],"is_endless":false,"potions_floor_spawned":[3],"killed_by":"Slime Boss","ascension_level":17}