{"gold_per_floor":[113,263,281,44,64,93,93,123,123,123,142,161,161,194,194,272,272,285,210,221,236,236],"floor_reached":22,"playtime":703,"items_purged":["Doubt"],"score":392,"play_id":"4b287bab-8d3e-4ccd-ae52-edee3b91b851","local_time":"20181222235851","is_ascension_mode":true,"campfire_choices":[{"floor":7,"key":"RECALL"},{"data":"Doom and Gloom","floor":10,"key":"SMITH"},{"data":"Hologram","floor":13,"key":"SMITH"},{"data":"Beam Cell","floor":15,"key":"SMITH"}],"neow_cost":"NONE","seed_source_timestamp":1040432556647113,"circlet_count":0,"master_deck":["AscendersBane","Strike_B","Strike_B","Defend_B","Defend_B","Defend_B","Defend_B","Zap","Dualcast","Doom and Gloom+1","Redo","Undo","Capacitor","Self Repair","Streamline","Cold Snap","Hologram+1","Beam Cell+1","Cold Snap","Multi-Cast","Consume","Loop","Stack","Redo","Conserve Battery"],"relics":["Coffee Dripper","Pocketwatch","Odd Mushroom","Ornamental Fan","Bronze Scales","Cursed Key"],"potions_floor_usage":[14,18,21],"damage_taken":[{"damage":2,"enemies":"Cultist","floor":1,"turns":4},{"damage":0,"enemies":"Small Slimes","floor":3,"turns":2},{"damage":0,"enemies":"2 Louse","floor":5,"turns":3},{"damage":26,"enemies":"Lagavulin","floor":6,"turns":6},{"damage":9,"enemies":"The Mushroom Lair","floor":8,"turns":4},{"damage":9,"enemies":"Red Slaver","floor":11,"turns":4},{"damage":7,"enemies":"Large Slime","floor":12,"turns":4},{"damage":4,"enemies":"3 Sentries","floor":14,"turns":5},{"damage":23,"enemies":"Hexaghost","floor":16,"turns":8},{"damage":12,"enemies":"2 Thieves","floor":18,"turns":2},{"damage":4,"enemies":"Shell Parasite","floor":20,"turns":4},{"damage":6,"enemies":"Centurion and Healer","floor":21,"turns":6},{"damage":0,"enemies":"Colosseum Slavers","floor":22,"turns":1}],"seed_played":"-6985119042788519585","potions_obtained":[{"floor":1,"key":"Energy Potion"},{"floor":6,"key":"FearPotion"},{"floor":18,"key":"Swift Potion"}],"is_trial":false,"path_per_floor":["M","?","M","$","M","E","R","?","T","R","M","M","R","E","R","B",null,"M","?","M","M","?"],"character_chosen":"DEFECT","items_purchased":["Undo","Capacitor"],"campfire_rested":0,"item_purchase_floors":[4,4],"current_hp_per_floor":[62,62,62,62,62,43,43,41,41,41,39,39,39,42,42,26,60,48,48,44,38,38],"gold":236,"neow_bonus":"BOSS_RELIC","is_prod":false,"is_daily":false,"chose_seed":false,"campfire_upgraded":3,"win_rate":0,"timestamp":1545551931,"path_taken":["M","?","M","$","M","E","R","?","T","R","M","M","R","E","R","BOSS","M","?","M","?","?"],"build_version":"2018-12-20","purchased_purges":1,"victory":false,"max_hp_per_floor":[71,71,71,71,71,71,71,71,71,71,71,71,71,71,71,71,71,71,71,71,71,71],"card_choices":[{"not_picked":["Sweeping Beam","Skim"],"picked":"Doom and Gloom","floor":1},{"not_picked":["Scrape","Streamline"],"picked":"Redo","floor":3},{"not_picked":["Hologram","Conserve Battery"],"picked":"Self Repair","floor":5},{"not_picked":["Scrape","Ball Lightning"],"picked":"Streamline","floor":6},{"not_picked":["Turbo","Redo"],"picked":"Cold Snap","floor":8},{"not_picked":["Steam","Undo"],"picked":"Hologram","floor":11},{"not_picked":["Melter","Blizzard"],"picked":"Beam Cell","floor":12},{"not_picked":["Amplify","Go for the Eyes"],"picked":"Cold Snap","floor":14},{"not_picked":["Biased Cognition","Reboot"],"picked":"Multi-Cast","floor":16},{"not_picked":["Blizzard","Coolheaded"],"picked":"Consume","floor":18},{"not_picked":["Sweeping Beam+1","Coolheaded"],"picked":"Redo","floor":20},{"not_picked":["Compile Driver","Redo"],"picked":"Conserve Battery","floor":21}],"player_experience":994766,"relics_obtained":[{"floor":6,"key":"Pocketwatch"},{"floor":8,"key":"Odd Mushroom"},{"floor":9,"key":"Ornamental Fan"},{"floor":14,"key":"Bronze Scales"}],"event_choices":[{"damage_healed":0,"gold_gain":150,"player_choice":"AGREE","damage_taken":0,"max_hp_gain":0,"max_hp_loss":0,"event_name":"Liars Game","floor":2,"gold_loss":0,"cards_obtained":["Doubt"]},{"damage_healed":0,"gold_gain":0,"player_choice":"Fought Mushrooms","damage_taken":0,"max_hp_gain":0,"max_hp_loss":0,"event_name":"Mushrooms","floor":8,"gold_loss":0},{"damage_healed":0,"gold_gain":0,"cards_transformed":["Strike_B","Strike_B"],"player_choice":"Transformed Cards","damage_taken":0,"max_hp_gain":0,"max_hp_loss":0,"event_name":"Designer","floor":19,"gold_loss":75,"cards_obtained":["Loop","Stack"]},{"damage_healed":0,"gold_gain":0,"player_choice":"Fight","damage_taken":0,"max_hp_gain":0,"max_hp_loss":0,"event_name":"Colosseum","floor":22,"gold_loss":0}],"is_beta":true,"boss_relics":[{"not_picked":["Fusion Hammer","Orrery"],"picked":"Cursed Key"}],"items_purged_floors":[4],"is_endless":false,"potions_floor_spawned":[1,6,12,18],"killed_by":"Colosseum Slavers","ascension_level":20}