{"gold_per_floor":[116,134,150,120,6,6,39,53,53,53,68,84,112,13,13,86,86,105,138,148,158,158],"floor_reached":22,"playtime":1629,"items_purged":["Strike_B"],"score":391,"play_id":"9984e320-a548-4328-a834-4ae2a3cb57d5","local_time":"20190824222133","is_ascension_mode":true,"campfire_choices":[{"data":"Zap","floor":6,"key":"SMITH"},{"data":"Chaos","floor":10,"key":"SMITH"},{"data":"Ball Lightning","floor":15,"key":"SMITH"}],"neow_cost":"NONE","seed_source_timestamp":43024586046248,"circlet_count":0,"master_deck":["AscendersBane","Strike_B","Strike_B","Strike_B","Defend_B","Defend_B","Defend_B","Defend_B","Zap+1","Dualcast","Cold Snap","Rebound","Chaos+1","Doom and Gloom","Ball Lightning+1","Compile Driver","Chill","Creative AI","Defragment","Coolheaded"],"relics":["Cracked Core","Singing Bowl","Sundial","Blue Candle","Busted Crown","Red Mask"],"potions_floor_usage":[2,13,16,18,19,19,21],"damage_taken":[{"damage":1,"enemies":"Small Slimes","floor":1,"turns":3},{"damage":0,"enemies":"Cultist","floor":2,"turns":3},{"damage":0,"enemies":"2 Louse","floor":3,"turns":2},{"damage":24,"enemies":"3 Sentries","floor":7,"turns":7},{"damage":4,"enemies":"Blue Slaver","floor":8,"turns":3},{"damage":6,"enemies":"Looter","floor":11,"turns":2},{"damage":7,"enemies":"3 Louse","floor":12,"turns":2},{"damage":5,"enemies":"Lagavulin","floor":13,"turns":6},{"damage":25,"enemies":"Hexaghost","floor":16,"turns":9},{"damage":22,"enemies":"3 Byrds","floor":18,"turns":4},{"damage":19,"enemies":"Masked Bandits","floor":19,"turns":5},{"damage":6,"enemies":"Spheric Guardian","floor":20,"turns":3},{"damage":22,"enemies":"Shelled Parasite and Fungi","floor":21,"turns":5},{"damage":8,"enemies":"Centurion and Healer","floor":22,"turns":1}],"seed_played":"-2504257159422666085","potions_obtained":[{"floor":2,"key":"Fruit Juice"},{"floor":4,"key":"FairyPotion"},{"floor":4,"key":"SneckoOil"},{"floor":7,"key":"Ancient Potion"},{"floor":11,"key":"Weak Potion"},{"floor":13,"key":"Poison Potion"},{"floor":16,"key":"Block Potion"},{"floor":18,"key":"Block Potion"},{"floor":19,"key":"FearPotion"}],"is_trial":false,"path_per_floor":["M","M","M","?","$","R","E","M","T","R","M","M","E","$","R","B",null,"M","?","M","M","M"],"character_chosen":"DEFECT","items_purchased":["Doom and Gloom","Chill","Dexterity Potion"],"campfire_rested":0,"item_purchase_floors":[5,14,14],"current_hp_per_floor":[70,75,75,75,75,75,51,49,49,49,43,38,35,35,35,10,69,47,28,24,4,0],"gold":158,"neow_bonus":"TEN_PERCENT_HP_BONUS","is_prod":false,"is_daily":false,"chose_seed":false,"campfire_upgraded":3,"win_rate":0,"timestamp":1566710493,"path_taken":["M","M","M","?","$","R","E","M","T","R","M","M","E","?","R","BOSS","M","?","M","M","M"],"build_version":"2019-07-17","purchased_purges":1,"victory":false,"max_hp_per_floor":[78,83,83,83,83,83,83,85,85,85,85,87,89,89,89,89,89,89,89,91,93,93],"card_choices":[{"not_picked":["Conserve Battery","Storm"],"picked":"Cold Snap","floor":1},{"not_picked":["Coolheaded","Stack"],"picked":"Rebound","floor":2},{"not_picked":["Steam","Force Field"],"picked":"Chaos","floor":3},{"not_picked":["Hyperbeam","Chaos"],"picked":"Ball Lightning","floor":7},{"not_picked":["Loop","BootSequence","Gash"],"picked":"Singing Bowl","floor":8},{"not_picked":["Loop","Rebound"],"picked":"Compile Driver","floor":11},{"not_picked":["Steam","Barrage","Turbo"],"picked":"Singing Bowl","floor":12},{"not_picked":["Compile Driver","Sweeping Beam","Coolheaded"],"picked":"Singing Bowl","floor":13},{"not_picked":["Reboot","Meteor Strike"],"picked":"Creative AI","floor":16},{"not_picked":[],"picked":"Defragment","floor":18},{"not_picked":[],"picked":"Coolheaded","floor":19},{"not_picked":["Stack"],"picked":"Singing Bowl","floor":20},{"not_picked":["Beam Cell"],"picked":"Singing Bowl","floor":21}],"player_experience":700261,"relics_obtained":[{"floor":7,"key":"Singing Bowl"},{"floor":9,"key":"Sundial"},{"floor":13,"key":"Blue Candle"},{"floor":19,"key":"Red Mask"}],"event_choices":[{"damage_healed":0,"gold_gain":0,"player_choice":"Bought 2 Potions","damage_taken":0,"max_hp_gain":0,"max_hp_loss":0,"event_name":"The Woman in Blue","floor":4,"gold_loss":0},{"damage_healed":0,"gold_gain":0,"player_choice":"Fought Bandits","damage_taken":0,"max_hp_gain":0,"max_hp_loss":0,"event_name":"Masked Bandits","floor":19,"gold_loss":0}],"is_beta":false,"boss_relics":[{"not_picked":["Ectoplasm","Black Star"],"picked":"Busted Crown"}],"items_purged_floors":[5],"is_endless":false,"potions_floor_spawned":[2,7,11,13,16,18,19],"killed_by":"Centurion and Healer","ascension_level":17}