{"gold_per_floor":[111,131,131,56,72,72,103,103,126,126,139,158,100,131,131,226,226,242,266,316,316,337,337,337],"floor_reached":24,"playtime":1037,"items_purged":[],"score":402,"play_id":"081019b9-5020-41ac-a7bc-bd8695ad185b","local_time":"20190824182602","is_ascension_mode":true,"campfire_choices":[{"data":"Sunder","floor":6,"key":"SMITH"},{"data":"Self Repair","floor":8,"key":"SMITH"},{"data":"Hologram","floor":10,"key":"SMITH"},{"data":"Echo Form","floor":15,"key":"SMITH"},{"data":"Coolheaded","floor":23,"key":"SMITH"}],"neow_cost":"NONE","seed_source_timestamp":366921172910900,"circlet_count":0,"master_deck":["AscendersBane","Zap","Dualcast","Hello World","Sunder+1","Multi-Cast","Rainbow+1","Ball Lightning","Reprogram+1","Coolheaded+1","White Noise","Capacitor","Hologram+1","Self Repair+1","Echo Form+1","Stack","Steam","Barrage","Biased Cognition+1","Capacitor+1","Undo"],"relics":["Pandora\u0027s Box","Golden Idol","War Paint","Pen Nib","Frozen Egg 2","Cursed Key"],"potions_floor_usage":[16,24,24],"damage_taken":[{"damage":8,"enemies":"Jaw Worm","floor":1,"turns":3},{"damage":0,"enemies":"Small Slimes","floor":2,"turns":3},{"damage":13,"enemies":"2 Louse","floor":5,"turns":2},{"damage":18,"enemies":"3 Sentries","floor":7,"turns":6},{"damage":4,"enemies":"2 Fungi Beasts","floor":11,"turns":2},{"damage":12,"enemies":"Red Slaver","floor":12,"turns":3},{"damage":8,"enemies":"Lagavulin","floor":14,"turns":7},{"damage":26,"enemies":"The Guardian","floor":16,"turns":9},{"damage":12,"enemies":"Shell Parasite","floor":18,"turns":5},{"damage":19,"enemies":"Chosen","floor":19,"turns":5},{"damage":22,"enemies":"Shelled Parasite and Fungi","floor":22,"turns":5},{"damage":46,"enemies":"Gremlin Leader","floor":24,"turns":2}],"seed_played":"-7685200033162178103","potions_obtained":[{"floor":5,"key":"Swift Potion"},{"floor":7,"key":"SpeedPotion"},{"floor":12,"key":"Block Potion"},{"floor":18,"key":"SpeedPotion"},{"floor":19,"key":"Regen Potion"}],"is_trial":false,"path_per_floor":["M","M","?","?","M","R","E","R","T","R","M","M","$","E","R","B",null,"M","M","?","?","M","R","E"],"character_chosen":"DEFECT","items_purchased":["Steam"],"campfire_rested":0,"item_purchase_floors":[13],"current_hp_per_floor":[56,56,56,56,43,43,25,25,25,25,31,29,29,41,41,35,57,55,46,46,46,34,34,0],"gold":337,"neow_bonus":"BOSS_RELIC","is_prod":false,"is_daily":false,"chose_seed":false,"campfire_upgraded":5,"win_rate":0,"timestamp":1566638762,"path_taken":["M","M","?","?","M","R","E","R","T","R","M","?","$","E","R","BOSS","M","M","?","?","M","R","E"],"build_version":"2019-07-17","purchased_purges":0,"victory":false,"max_hp_per_floor":[71,71,64,64,64,64,64,64,64,64,64,64,64,64,64,64,64,64,64,64,64,64,64,64],"card_choices":[{"not_picked":["Go for the Eyes","Sweeping Beam"],"picked":"White Noise","floor":1},{"not_picked":["Turbo","FTL"],"picked":"Capacitor","floor":2},{"not_picked":["Cold Snap","Barrage"],"picked":"Hologram","floor":5},{"not_picked":["Auto Shields","Coolheaded"],"picked":"Self Repair","floor":7},{"not_picked":["Recycle","Stack"],"picked":"Echo Form","floor":11},{"not_picked":["Coolheaded","Doom and Gloom"],"picked":"Stack","floor":12},{"not_picked":["Hologram","Compile Driver"],"picked":"Barrage","floor":14},{"not_picked":["Buffer+1","All For One"],"picked":"Biased Cognition+1","floor":16},{"not_picked":["Sunder","Undo"],"picked":"Capacitor+1","floor":18},{"not_picked":["Genetic Algorithm+1","Tempest"],"picked":"Undo","floor":19},{"not_picked":["Turbo","Sweeping Beam+1","Rebound+1"],"picked":"SKIP","floor":22}],"player_experience":228862,"relics_obtained":[{"floor":7,"key":"War Paint"},{"floor":9,"key":"Pen Nib"},{"floor":14,"key":"Frozen Egg 2"}],"event_choices":[{"damage_healed":0,"gold_gain":0,"player_choice":"Lose Max HP","damage_taken":0,"relics_obtained":["Golden Idol"],"max_hp_gain":0,"max_hp_loss":7,"event_name":"Golden Idol","floor":3,"gold_loss":0},{"cards_removed":["Hello World"],"damage_healed":0,"gold_gain":0,"player_choice":"Card Removal","damage_taken":0,"max_hp_gain":0,"max_hp_loss":0,"event_name":"The Cleric","floor":4,"gold_loss":75},{"damage_healed":0,"gold_gain":50,"player_choice":"Stole From Cult","damage_taken":0,"max_hp_gain":0,"max_hp_loss":0,"event_name":"Nest","floor":20,"gold_loss":0},{"damage_healed":0,"gold_gain":0,"player_choice":"Ignored","damage_taken":0,"max_hp_gain":0,"max_hp_loss":0,"event_name":"Vampires","floor":21,"gold_loss":0}],"is_beta":false,"boss_relics":[{"not_picked":["White Beast Statue","Astrolabe"],"picked":"Cursed Key"}],"items_purged_floors":[],"is_endless":false,"potions_floor_spawned":[5,7,12,14,18,19],"killed_by":"Gremlin Leader","ascension_level":19}