{"gold_per_floor":[115,265,190,70,70,104,104,129,154,154,167,201,201,214,214,214],"floor_reached":16,"playtime":359,"items_purged":[],"score":247,"play_id":"d4dbcb49-8e8d-4c32-9324-81dd13df86f9","local_time":"20180712105859","is_ascension_mode":true,"campfire_choices":[{"data":"Armaments","floor":7,"key":"SMITH"},{"floor":10,"key":"REST"},{"floor":13,"key":"REST"},{"data":"Uppercut","floor":15,"key":"SMITH"}],"neow_cost":"NONE","seed_source_timestamp":227728441622736,"circlet_count":0,"master_deck":["Strike_R","Strike_R","Strike_R","Defend_R","Defend_R","Bash","AscendersBane","Disarm+1","Fire Breathing+1","Bludgeon+1","Spot Weakness","Berserk","Armaments+1","Thunderclap","Uppercut+1","Shrug It Off"],"relics":["Astrolabe","Oddly Smooth Stone","Omamori","Pen Nib","Frozen Egg 2"],"potions_floor_usage":[6],"damage_taken":[{"damage":12,"enemies":"Jaw Worm","floor":1,"turns":2},{"damage":25,"enemies":"3 Sentries","floor":6,"turns":6},{"damage":25,"enemies":"Gremlin Nob","floor":8,"turns":3},{"damage":2,"enemies":"Small Slimes","floor":11,"turns":4},{"damage":19,"enemies":"Lagavulin","floor":12,"turns":5},{"damage":0,"enemies":"Cultist","floor":14,"turns":2},{"damage":18,"enemies":"Slime Boss","floor":16,"turns":7}],"seed_played":"-5497664166074389117","potions_obtained":[{"floor":1,"key":"EssenceOfSteel"}],"is_trial":false,"path_per_floor":["M","?","?","$","?","E","R","E","T","R","M","E","R","M","R"],"character_chosen":"IRONCLAD","items_purchased":["Berserk","Armaments"],"campfire_rested":2,"item_purchase_floors":[4,4],"current_hp_per_floor":[56,56,56,56,56,31,31,6,6,28,26,7,29,29,29,11],"gold":214,"neow_bonus":"BOSS_RELIC","is_prod":false,"is_daily":false,"chose_seed":false,"campfire_upgraded":2,"win_rate":0,"timestamp":1531418339,"path_taken":["M","?","?","$","?","E","R","E","T","R","M","E","R","M","R","BOSS"],"build_version":"2018-07-11","purchased_purges":0,"victory":false,"max_hp_per_floor":[75,75,75,75,75,75,75,75,75,75,75,75,75,75,75,75],"card_choices":[{"not_picked":["Havoc","Thunderclap"],"picked":"Spot Weakness","floor":1},{"not_picked":["Headbutt","Cleave"],"picked":"Thunderclap","floor":6},{"not_picked":["Rampage","Warcry"],"picked":"Uppercut","floor":8},{"not_picked":["Armaments","Thunderclap"],"picked":"Shrug It Off","floor":12}],"player_experience":606665,"relics_obtained":[{"floor":6,"key":"Oddly Smooth Stone"},{"floor":8,"key":"Omamori"},{"floor":9,"key":"Pen Nib"},{"floor":12,"key":"Frozen Egg 2"}],"event_choices":[{"event_name":"Liars Game","player_choice":"agreed","floor":2,"damage_taken":0},{"event_name":"The Cleric","player_choice":"Card Removal","floor":3,"damage_taken":0},{"event_name":"Purifier","player_choice":"One Purge","floor":5,"damage_taken":0}],"boss_relics":[],"items_purged_floors":[],"is_endless":false,"potions_floor_spawned":[1],"killed_by":"Slime Boss","ascension_level":15}