{"gold_per_floor":[110,185,51,106,39,65,65,92,115,130,165,178,203,214,214,290,290],"floor_reached":17,"playtime":360,"items_purged":[],"score":466,"play_id":"b5b31368-ea55-4197-a67b-92a304f3cb19","local_time":"20190424225347","is_ascension_mode":true,"campfire_choices":[{"data":"Bash","floor":7,"key":"SMITH"},{"data":"Whirlwind","floor":15,"key":"SMITH"}],"neow_cost":"NONE","seed_source_timestamp":46936885912717,"circlet_count":0,"master_deck":["AscendersBane","Strike_R","Strike_R","Strike_R","Strike_R","Strike_R","Defend_R","Defend_R","Defend_R","Defend_R","Bash+1","Headbutt","Shrug It Off","Carnage","Metallicize","Twin Strike","Whirlwind+1","Infernal Blade","Feel No Pain","Impervious"],"relics":["Burning Blood","NeowsBlessing","Meat on the Bone","Red Skull","Letter Opener","Anchor","Happy Flower","Lantern","Busted Crown"],"potions_floor_usage":[11,16],"damage_taken":[{"damage":0,"enemies":"Cultist","floor":1,"turns":1},{"damage":0,"enemies":"3 Sentries","floor":6,"turns":1},{"damage":0,"enemies":"Lagavulin","floor":8,"turns":2},{"damage":0,"enemies":"2 Louse","floor":10,"turns":4},{"damage":8,"enemies":"Gremlin Nob","floor":11,"turns":3},{"damage":0,"enemies":"Jaw Worm","floor":12,"turns":3},{"damage":15,"enemies":"3 Sentries","floor":13,"turns":6},{"damage":0,"enemies":"Lots of Slimes","floor":14,"turns":1},{"damage":33,"enemies":"The Guardian","floor":16,"turns":14}],"seed_played":"8951217162063102593","potions_obtained":[{"floor":8,"key":"Swift Potion"},{"floor":11,"key":"SneckoOil"},{"floor":13,"key":"AttackPotion"},{"floor":14,"key":"SpeedPotion"}],"is_trial":false,"path_per_floor":["M","?","$","?","?","E","R","E","T","M","E","M","E","M","R","B",null],"character_chosen":"IRONCLAD","items_purchased":["Shrug It Off","Carnage"],"campfire_rested":0,"item_purchase_floors":[3,3],"current_hp_per_floor":[74,63,63,63,63,69,69,75,75,75,73,75,66,72,72,45,45],"gold":290,"neow_bonus":"THREE_ENEMY_KILL","is_prod":false,"is_daily":false,"chose_seed":false,"campfire_upgraded":2,"win_rate":0,"timestamp":1556171627,"path_taken":["M","?","$","?","?","E","R","E","T","M","E","M","E","M","R","BOSS"],"build_version":"2019-04-04","purchased_purges":0,"victory":false,"max_hp_per_floor":[75,75,75,75,75,75,75,75,75,75,75,75,75,75,75,75,75],"card_choices":[{"not_picked":["Body Slam","Reckless Charge"],"picked":"Headbutt","floor":1},{"not_picked":["Flex","Warcry"],"picked":"Metallicize","floor":6},{"not_picked":["Sever Soul","Havoc"],"picked":"Twin Strike","floor":8},{"not_picked":["Clash","Rage"],"picked":"Whirlwind","floor":10},{"not_picked":["Reckless Charge","Whirlwind"],"picked":"Infernal Blade","floor":12},{"not_picked":["Flex","Thunderclap"],"picked":"Feel No Pain","floor":14},{"not_picked":["Exhume","Dark Embrace"],"picked":"Impervious","floor":16}],"player_experience":1429779,"relics_obtained":[{"floor":6,"key":"Red Skull"},{"floor":8,"key":"Letter Opener"},{"floor":9,"key":"Anchor"},{"floor":11,"key":"Happy Flower"},{"floor":13,"key":"Lantern"}],"event_choices":[{"damage_healed":0,"gold_gain":75,"player_choice":"Gather Gold","damage_taken":11,"max_hp_gain":0,"max_hp_loss":0,"event_name":"World of Goop","floor":2,"gold_loss":0},{"damage_healed":0,"gold_gain":55,"player_choice":"Gained Gold","damage_taken":0,"max_hp_gain":0,"max_hp_loss":0,"event_name":"Golden Wing","floor":4,"gold_loss":0},{"damage_healed":0,"gold_gain":0,"player_choice":"Paid Gold","damage_taken":0,"relics_obtained":["Meat on the Bone"],"max_hp_gain":0,"max_hp_loss":0,"event_name":"WeMeetAgain","floor":5,"gold_loss":67}],"is_beta":true,"boss_relics":[{"not_picked":["Black Star","Empty Cage"],"picked":"Busted Crown"}],"items_purged_floors":[],"is_endless":false,"potions_floor_spawned":[8,11,13,14],"ascension_level":20}