{"gold_per_floor":[112,112,122,122,33,33,50,83,106,134,134,134,134,146,146,219,219,230,248,248,39,56,56,106,133,133,145,158,191,191,18,18,96,96,116,116,25,25,25,25],"floor_reached":41,"playtime":2490,"items_purged":[],"score":1820,"play_id":"4e0d8d06-d8f3-4652-aede-bdecb67a34da","local_time":"20190309184051","is_ascension_mode":true,"campfire_choices":[{"data":"Defragment","floor":6.0,"key":"SMITH"},{"data":"Hologram","floor":11.0,"key":"SMITH"},{"data":"Dualcast","floor":13.0,"key":"SMITH"},{"data":"Coolheaded","floor":15.0,"key":"SMITH"},{"data":"Defragment","floor":23.0,"key":"SMITH"},{"floor":30.0,"key":"REST"},{"data":"Hologram","floor":32.0,"key":"SMITH"}],"neow_cost":"NONE","seed_source_timestamp":0,"circlet_count":0,"master_deck":["AscendersBane","Strike_B","Defend_B+1","Defend_B","Defend_B","Zap+1","Dualcast+1","Glacier","Hologram+1","Barrage","Defragment+1","Glacier","Reinforced Body","Rebound","Coolheaded+1","Machine Learning","Chaos+1","White Noise+1","Chill+1","Turbo","Undo+1","Defragment+1","Streamline","Cold Snap+1","Barrage+1","Conserve Battery+1","Machine Learning","Capacitor","Glacier","Hologram+1","Seek","Panacea"],"special_seed":0,"relics":["Cracked Core","NeowsBlessing","Happy Flower","War Paint","Pen Nib","Astrolabe","Strange Spoon","DataDisk","Unceasing Top","Bottled Flame","Cursed Key"],"potions_floor_usage":[40,40],"damage_taken":[{"damage":0.0,"enemies":"Small Slimes","floor":1.0,"turns":1.0},{"damage":0.0,"enemies":"Cultist","floor":3.0,"turns":1.0},{"damage":0.0,"enemies":"2 Louse","floor":7.0,"turns":1.0},{"damage":4.0,"enemies":"Lagavulin","floor":8.0,"turns":11.0},{"damage":28.0,"enemies":"Gremlin Nob","floor":10.0,"turns":4.0},{"damage":4.0,"enemies":"Gremlin Gang","floor":14.0,"turns":5.0},{"damage":0.0,"enemies":"The Guardian","floor":16.0,"turns":15.0},{"damage":4.0,"enemies":"3 Byrds","floor":18.0,"turns":8.0},{"damage":0.0,"enemies":"Shell Parasite","floor":19.0,"turns":7.0},{"damage":0.0,"enemies":"Centurion and Healer","floor":22.0,"turns":9.0},{"damage":2.0,"enemies":"Gremlin Leader","floor":25.0,"turns":7.0},{"damage":0.0,"enemies":"Snake Plant","floor":27.0,"turns":4.0},{"damage":0.0,"enemies":"Cultist and Chosen","floor":28.0,"turns":7.0},{"damage":28.0,"enemies":"Book of Stabbing","floor":29.0,"turns":10.0},{"damage":12.0,"enemies":"Collector","floor":33.0,"turns":12.0},{"damage":0,"enemies":"3 Shapes","floor":35,"turns":1},{"damage":14,"enemies":"Donu and Deca","floor":39,"turns":21},{"damage":0,"enemies":"Time Eater","floor":40,"turns":11}],"seed_played":"8824209321354422049","potions_obtained":[{"floor":1.0,"key":"PowerPotion"},{"floor":8.0,"key":"PowerPotion"},{"floor":14.0,"key":"Weak Potion"},{"floor":16.0,"key":"Weak Potion"},{"floor":18.0,"key":"SkillPotion"},{"floor":19.0,"key":"Regen Potion"},{"floor":29.0,"key":"LiquidBronze"},{"floor":33.0,"key":"SpeedPotion"}],"is_trial":false,"path_per_floor":["M","?","M","?","$","R","M","E","T","E","R","?","R","M","R","B",null,"M","M","?","$","M","R","?","E","T","M","M","E","R","$","R","B",null,"M","?","$","?","B","B",null],"character_chosen":"DEFECT","items_purchased":["Defragment","Strange Spoon","Capacitor","Glacier","Hologram","Panacea"],"campfire_rested":1,"item_purchase_floors":[5,21,31,31,31,37],"current_hp_per_floor":[64,60,60,60,60,60,60,56,56,28,28,28,28,24,24,24,59,55,55,55,55,55,55,55,53,53,53,53,25,46,46,46,34,62,62,71,71,71,57,71],"gold":25,"neow_bonus":"THREE_ENEMY_KILL","is_prod":false,"is_daily":false,"chose_seed":false,"campfire_upgraded":6,"win_rate":0,"timestamp":1552185651,"path_taken":["M","?","?","?","$","R","?","E","T","E","R","?","R","M","R","BOSS","M","M","?","$","?","R","?","E","T","M","?","E","R","$","R","BOSS","M","?","?","?","BOSS","BOSS"],"build_version":"2019-02-06","purchased_purges":0,"victory":true,"max_hp_per_floor":[71,71,71,71,71,71,71,71,71,71,71,71,71,71,71,71,71,71,71,71,71,71,71,71,71,71,71,71,71,71,71,71,71,71,71,71,71,71,71,71],"card_choices":[{"not_picked":["Turbo","Genetic Algorithm"],"picked":"Glacier","floor":1.0},{"not_picked":["Leap","Coolheaded"],"picked":"Hologram","floor":3.0},{"not_picked":["Skim","Hologram"],"picked":"Glacier","floor":7.0},{"not_picked":["Leap","Storm"],"picked":"Reinforced Body","floor":8.0},{"not_picked":["Redo","Amplify"],"picked":"Rebound","floor":10.0},{"not_picked":["Redo","Leap"],"picked":"Coolheaded","floor":14.0},{"not_picked":["Reboot","Biased Cognition"],"picked":"Machine Learning","floor":16.0},{"not_picked":["Scrape","Leap"],"picked":"Turbo","floor":18.0},{"not_picked":["Redo+1","Coolheaded"],"picked":"Undo+1","floor":19.0},{"not_picked":["Steam Power","Sweeping Beam"],"picked":"Streamline","floor":22.0},{"not_picked":["Leap","Conserve Battery"],"picked":"Cold Snap+1","floor":25.0},{"not_picked":["Reinforced Body","Steam Power"],"picked":"Barrage+1","floor":27.0},{"not_picked":["Cold Snap","Self Repair"],"picked":"Conserve Battery+1","floor":28.0},{"not_picked":["Leap","Redo"],"picked":"Machine Learning","floor":29.0},{"not_picked":["Meteor Strike","Reboot"],"picked":"Seek","floor":33.0}],"player_experience":1274496,"relics_obtained":[{"floor":8.0,"key":"Happy Flower"},{"floor":9.0,"key":"War Paint"},{"floor":10.0,"key":"Pen Nib"},{"floor":25.0,"key":"DataDisk"},{"floor":26.0,"key":"Unceasing Top"},{"floor":29.0,"key":"Bottled Flame"}],"event_choices":[{"damage_healed":0.0,"max_hp_gain":0.0,"max_hp_loss":0.0,"gold_gain":0.0,"event_name":"The Woman in Blue","player_choice":"Bought 0 Potions","floor":2.0,"gold_loss":0.0,"damage_taken":0.0},{"damage_healed":0.0,"max_hp_gain":0.0,"max_hp_loss":0.0,"gold_gain":0.0,"cards_transformed":["Defend_B"],"event_name":"Transmorgrifier","player_choice":"Transformed","floor":4.0,"gold_loss":0.0,"damage_taken":0.0,"cards_obtained":["Barrage"]},{"damage_healed":0.0,"max_hp_gain":0.0,"max_hp_loss":0.0,"gold_gain":0.0,"event_name":"Liars Game","player_choice":"Ignored","floor":12.0,"gold_loss":0.0,"damage_taken":0.0},{"damage_healed":0.0,"max_hp_gain":0.0,"max_hp_loss":0.0,"gold_gain":0.0,"event_name":"Match and Keep!","player_choice":"1 cards matched","floor":20.0,"gold_loss":0.0,"damage_taken":0.0,"cards_obtained":["Defragment"]},{"damage_healed":0.0,"max_hp_gain":0.0,"max_hp_loss":0.0,"gold_gain":50.0,"event_name":"Golden Shrine","player_choice":"Pray","floor":24.0,"gold_loss":0.0,"damage_taken":0.0},{"damage_healed":9,"gold_gain":0,"player_choice":"Full Heal","damage_taken":0,"max_hp_gain":0,"max_hp_loss":0,"event_name":"Wheel of Change","floor":36,"gold_loss":0},{"damage_healed":0,"gold_gain":0,"player_choice":"Took Portal","damage_taken":0,"max_hp_gain":0,"max_hp_loss":0,"event_name":"SecretPortal","floor":38,"gold_loss":0}],"is_beta":true,"boss_relics":[{"not_picked":["Black Star","Calling Bell"],"picked":"Astrolabe"},{"not_picked":["Empty Cage","Coffee Dripper"],"picked":"Cursed Key"}],"items_purged_floors":[],"is_endless":false,"potions_floor_spawned":[1,8,14,16,18,19,29,33],"ascension_level":20}