{"gold_per_floor":[99,16,16,16,16,16,16,16,16,16,16,16,16,16,16,16,16,16,0,0,0,0,0,0,0,0,0,0,0,0],"floor_reached":30,"playtime":722,"items_purged":[],"score":602,"play_id":"7bbdd4d1-1a0d-40c9-b51b-29ec4d494e0a","local_time":"20190301145128","is_ascension_mode":true,"campfire_choices":[{"data":"Go for the Eyes","floor":6.0,"key":"SMITH"},{"data":"Redo","floor":8.0,"key":"SMITH"},{"data":"Loop","floor":12.0,"key":"SMITH"},{"data":"Buffer","floor":15.0,"key":"SMITH"},{"floor":23,"key":"REST"},{"data":"Multi-Cast","floor":27,"key":"SMITH"},{"floor":29,"key":"REST"}],"neow_cost":"NONE","seed_source_timestamp":7586614330383,"circlet_count":0,"master_deck":["AscendersBane","Strike_B","Strike_B","Strike_B","Strike_B","Defend_B","Defend_B","Defend_B","Defend_B","Zap","Dualcast","Genetic Algorithm","Go for the Eyes+1","Redo","Redo+1","Loop+1","Buffer+1","Conserve Battery","Multi-Cast+1","Steam+1","Leap+1","Undo","Multi-Cast","Biased Cognition"],"special_seed":0,"relics":["Ectoplasm","Symbiotic Virus","Bird Faced Urn","Potion Belt","Oddly Smooth Stone","Lizard Tail","Vajra","DataDisk","Blood Vial","Bottled Lightning"],"potions_floor_usage":[18,18,22,28],"damage_taken":[{"damage":9.0,"enemies":"Jaw Worm","floor":1.0,"turns":4.0},{"damage":0.0,"enemies":"Cultist","floor":4.0,"turns":4.0},{"damage":1.0,"enemies":"2 Louse","floor":5.0,"turns":3.0},{"damage":5.0,"enemies":"Lagavulin","floor":7.0,"turns":6.0},{"damage":2.0,"enemies":"Lots of Slimes","floor":10.0,"turns":3.0},{"damage":30.0,"enemies":"Gremlin Nob","floor":13.0,"turns":4.0},{"damage":0.0,"enemies":"Exordium Wildlife","floor":14.0,"turns":4.0},{"damage":12.0,"enemies":"Hexaghost","floor":16.0,"turns":7.0},{"damage":15,"enemies":"Shell Parasite","floor":18,"turns":2},{"damage":0,"enemies":"Spheric Guardian","floor":21,"turns":4},{"damage":12,"enemies":"Chosen and Byrds","floor":22,"turns":5},{"damage":2,"enemies":"Book of Stabbing","floor":24,"turns":3},{"damage":60,"enemies":"Slavers","floor":28,"turns":8},{"damage":0,"enemies":"Gremlin Leader","floor":30,"turns":3}],"seed_played":"-7172032974439409222","potions_obtained":[{"floor":4.0,"key":"Weak Potion"},{"floor":7.0,"key":"Ancient Potion"},{"floor":14.0,"key":"Energy Potion"},{"floor":16.0,"key":"Ancient Potion"},{"floor":18,"key":"Ancient Potion"},{"floor":24,"key":"Weak Potion"}],"is_trial":false,"path_per_floor":["M","?","$","M","M","R","E","R","T","M","$","R","E","M","R","B",null,"M","?","?","M","M","R","E","T","T","R","E","R","E"],"character_chosen":"DEFECT","items_purchased":[],"campfire_rested":2,"item_purchase_floors":[],"current_hp_per_floor":[55,55,55,55,54,54,49,49,49,47,47,47,19,23,23,15,57,42,42,42,46,38,59,61,61,61,61,7,28,34],"gold":0,"neow_bonus":"BOSS_RELIC","is_prod":false,"is_daily":false,"chose_seed":false,"campfire_upgraded":5,"win_rate":0,"timestamp":1551480688,"path_taken":["M","?","?","M","?","R","E","R","T","M","$","R","E","M","R","BOSS","M","?","?","?","M","R","E","?","T","R","E","R","E"],"build_version":"2019-02-06","purchased_purges":0,"victory":false,"max_hp_per_floor":[71,71,71,71,71,71,71,71,71,71,71,71,71,71,71,71,71,71,71,71,71,71,71,71,71,71,71,71,71,71],"card_choices":[{"not_picked":["Turbo","Storm"],"picked":"Genetic Algorithm","floor":1.0},{"not_picked":["Rebound","Turbo"],"picked":"Go for the Eyes","floor":4.0},{"not_picked":["Cold Snap","Genetic Algorithm"],"picked":"Redo","floor":5.0},{"not_picked":["Scrape","Chill"],"picked":"Redo","floor":7.0},{"not_picked":["Coolheaded","Rebound"],"picked":"Loop","floor":10.0},{"not_picked":["Fusion","Sunder"],"picked":"Buffer","floor":13.0},{"not_picked":["Barrage","Cold Snap"],"picked":"Conserve Battery","floor":14.0},{"not_picked":["Reboot","Meteor Strike"],"picked":"Multi-Cast","floor":16.0},{"not_picked":["Turbo+1","Sunder"],"picked":"Steam+1","floor":18},{"not_picked":["Cold Snap","Gash"],"picked":"Leap+1","floor":21},{"not_picked":["Go for the Eyes","Reinforced Body"],"picked":"Undo","floor":22},{"not_picked":["Recycle","Gash"],"picked":"Multi-Cast","floor":24},{"not_picked":["Aggregate","Rip and Tear"],"picked":"Biased Cognition","floor":28}],"player_experience":1256527,"relics_obtained":[{"floor":7.0,"key":"Bird Faced Urn"},{"floor":9.0,"key":"Potion Belt"},{"floor":13.0,"key":"Oddly Smooth Stone"},{"floor":24,"key":"Vajra"},{"floor":25,"key":"DataDisk"},{"floor":26,"key":"Blood Vial"},{"floor":28,"key":"Bottled Lightning"}],"event_choices":[{"damage_healed":0.0,"max_hp_gain":0.0,"max_hp_loss":0.0,"gold_gain":0.0,"event_name":"WeMeetAgain","player_choice":"Paid Gold","floor":2.0,"gold_loss":83.0,"damage_taken":0.0,"relics_obtained":["Symbiotic Virus"]},{"damage_healed":0,"gold_gain":0,"player_choice":"Paid Fearfully","damage_taken":0,"max_hp_gain":0,"max_hp_loss":0,"event_name":"Masked Bandits","floor":19,"gold_loss":16},{"damage_healed":0,"gold_gain":50,"player_choice":"Pray","damage_taken":0,"max_hp_gain":0,"max_hp_loss":0,"event_name":"Golden Shrine","floor":20,"gold_loss":0}],"is_beta":true,"boss_relics":[{"not_picked":["Philosopher\u0027s Stone","Cursed Key"],"picked":"Lizard Tail"}],"items_purged_floors":[],"is_endless":false,"potions_floor_spawned":[4,7,14,16,18,24],"killed_by":"Gremlin Leader","ascension_level":20}