{"gold_per_floor":[118,118,118,118,118,149,149,182,182,215,235,33,56,69,69,162,162,176,176,196,215,227,227,227],"floor_reached":24,"playtime":688,"items_purged":[],"score":632,"play_id":"ab8c3421-d4b0-4698-b92a-d568c73ba4e5","local_time":"20190103123644","is_ascension_mode":true,"campfire_choices":[{"data":"Neutralize","floor":7.0,"key":"SMITH"},{"data":"Dash","floor":15.0,"key":"SMITH"},{"data":"Malaise","floor":23,"key":"SMITH"}],"neow_cost":"NONE","seed_source_timestamp":36499325212279,"circlet_count":0,"master_deck":["AscendersBane","Defend_G","Defend_G","Defend_G","Defend_G","Defend_G+1","Strike_G","Strike_G","Strike_G","Strike_G","Survivor+1","Neutralize+1","Dash+1","Poisoned Stab+1","Dagger Spray+1","Quick Slash+1","Bane+1","Predator+1","Well Laid Plans","Malaise+1","Leg Sweep+1","Bane+1","Backflip","Calculated Gamble"],"special_seed":0,"relics":["Ring of the Snake","NeowsBlessing","Ornamental Fan","Bloody Idol","Molten Egg 2","Orichalcum","The Courier","Dodecahedron","Lee\u0027s Waffle","Eternal Feather"],"potions_floor_usage":[16,16,20,22,24],"damage_taken":[{"damage":0.0,"enemies":"2 Louse","floor":1.0,"turns":1.0},{"damage":0.0,"enemies":"Gremlin Nob","floor":6.0,"turns":1.0},{"damage":0.0,"enemies":"Lagavulin","floor":8.0,"turns":1.0},{"damage":14.0,"enemies":"3 Sentries","floor":10.0,"turns":7.0},{"damage":1.0,"enemies":"Jaw Worm","floor":11.0,"turns":2.0},{"damage":0.0,"enemies":"Small Slimes","floor":13.0,"turns":3.0},{"damage":0.0,"enemies":"Looter","floor":14.0,"turns":2.0},{"damage":0,"enemies":"Slime Boss","floor":16,"turns":5},{"damage":13,"enemies":"2 Thieves","floor":18,"turns":4},{"damage":6,"enemies":"3 Byrds","floor":20,"turns":6},{"damage":0,"enemies":"Cultist and Chosen","floor":21,"turns":7},{"damage":2,"enemies":"Snake Plant","floor":22,"turns":3},{"damage":76,"enemies":"Book of Stabbing","floor":24,"turns":6}],"seed_played":"4706358539135505885","potions_obtained":[{"floor":1.0,"key":"GamblersBrew"},{"floor":10.0,"key":"SteroidPotion"},{"floor":14.0,"key":"Strength Potion"},{"floor":16,"key":"Regen Potion"},{"floor":21,"key":"Block Potion"},{"floor":22,"key":"LiquidBronze"}],"is_trial":false,"path_per_floor":["M","?","?","?","?","E","R","E","T","E","M","$","M","M","R","B",null,"M","?","M","M","M","R","E"],"character_chosen":"THE_SILENT","items_purchased":["Lee\u0027s Waffle","Bane+1"],"campfire_rested":0,"item_purchase_floors":[12,12],"current_hp_per_floor":[59,52,41,41,23,23,23,23,23,9,8,67,67,67,67,67,67,54,54,67,67,67,67,0],"gold":227,"neow_bonus":"THREE_ENEMY_KILL","is_prod":false,"is_daily":false,"chose_seed":false,"campfire_upgraded":3,"win_rate":0,"timestamp":1546547804,"path_taken":["M","?","?","?","?","E","R","E","T","E","M","$","M","M","R","BOSS","M","?","M","M","M","R","E"],"build_version":"2019-01-02","purchased_purges":0,"victory":false,"max_hp_per_floor":[66,66,66,60,60,60,60,60,60,60,60,67,67,67,67,67,67,67,67,67,67,67,67,67],"card_choices":[{"not_picked":["Distraction","Cloak And Dagger"],"picked":"Dash","floor":1.0},{"not_picked":["Quick Slash","Escape Plan"],"picked":"Poisoned Stab","floor":6.0},{"not_picked":["Bane+1","Leg Sweep"],"picked":"Dagger Spray+1","floor":8.0},{"not_picked":["Choke+1","Terror"],"picked":"Quick Slash+1","floor":10.0},{"not_picked":["Quick Slash+1","Dodge and Roll"],"picked":"Predator+1","floor":13.0},{"not_picked":["Unload+1","Concentrate"],"picked":"Well Laid Plans","floor":14.0},{"not_picked":["A Thousand Cuts","Unload+1"],"picked":"Malaise","floor":16},{"not_picked":["Prepared","Masterful Stab+1"],"picked":"Leg Sweep+1","floor":18},{"not_picked":["Expertise","Reflex"],"picked":"Bane+1","floor":20},{"not_picked":["Setup","Quick Slash+1"],"picked":"Backflip","floor":21},{"not_picked":["Riddle With Holes+1","Well Laid Plans"],"picked":"Calculated Gamble","floor":22}],"player_experience":1022190,"relics_obtained":[{"floor":6.0,"key":"Molten Egg 2"},{"floor":8.0,"key":"Orichalcum"},{"floor":9.0,"key":"The Courier"},{"floor":10.0,"key":"Dodecahedron"}],"event_choices":[{"cards_removed":["Strike_G"],"damage_healed":0.0,"max_hp_gain":0.0,"max_hp_loss":0.0,"gold_gain":0.0,"event_name":"Golden Wing","player_choice":"Card Removal","floor":2.0,"gold_loss":0.0,"damage_taken":7.0},{"damage_healed":0.0,"max_hp_gain":0.0,"max_hp_loss":0.0,"gold_gain":0.0,"event_name":"Scrap Ooze","player_choice":"Success","floor":3.0,"gold_loss":0.0,"damage_taken":11.0,"relics_obtained":["Ornamental Fan"]},{"damage_healed":0.0,"max_hp_gain":0.0,"max_hp_loss":6.0,"gold_gain":0.0,"event_name":"Golden Idol","player_choice":"Lose Max HP","floor":4.0,"gold_loss":0.0,"damage_taken":0.0,"relics_obtained":["Golden Idol"]},{"damage_healed":0.0,"max_hp_gain":0.0,"max_hp_loss":0.0,"gold_gain":0.0,"event_name":"Shining Light","player_choice":"Entered Light","floor":5.0,"gold_loss":0.0,"damage_taken":18.0,"cards_upgraded":["Defend_G","Survivor"]},{"damage_healed":0,"gold_gain":0,"player_choice":"Gave Idol","damage_taken":0,"relics_obtained":["Bloody Idol"],"max_hp_gain":0,"max_hp_loss":0,"event_name":"Forgotten Altar","floor":19,"relics_lost":["Golden Idol"],"gold_loss":0}],"is_beta":true,"boss_relics":[{"not_picked":["Lizard Tail","WristBlade"],"picked":"Eternal Feather"}],"items_purged_floors":[],"is_endless":false,"potions_floor_spawned":[1,10,14,16,21,22],"killed_by":"Book of Stabbing","ascension_level":20}