{"gold_per_floor":[11,23,23,23,43,43,74,52,52,52,65,65,90,126,126,257,257,278,278,244,244,269,269,145,145,217,227,227,240,259,259],"floor_reached":31,"playtime":3987,"items_purged":["Strike_R"],"score":306,"play_id":"ac032932-7ee7-4149-842a-3574b51c9565","local_time":"20181123004546","is_ascension_mode":true,"campfire_choices":[{"data":"Blind","floor":6,"key":"SMITH"},{"data":"Armaments","floor":10,"key":"SMITH"},{"floor":12,"key":"REST"},{"floor":15,"key":"REST"},{"data":"Fiend Fire","floor":23,"key":"SMITH"},{"data":"True Grit","floor":25,"key":"SMITH"},{"data":"Dual Wield","floor":28,"key":"SMITH"}],"neow_cost":"NO_GOLD","seed_source_timestamp":15527813693074,"circlet_count":0,"master_deck":["Strike_R","Strike_R","Strike_R","Strike_R","Defend_R","Defend_R","Defend_R","Defend_R","Bash","Fiend Fire+1","Clash","Spot Weakness","Blind+1","Heavy Blade","Armaments+1","Feel No Pain+1","Shrug It Off","Juggernaut+1","Warcry","Rupture+1","Dual Wield+1","Burning Pact+1","Reckless Charge+1","True Grit+1","Seeing Red+1","Evolve+1","Bloodletting"],"relics":["Burning Blood","Bloody Idol","Frozen Egg 2","Matryoshka","FossilizedHelix","Orrery","Dream Catcher","Bronze Scales","Art of War","Bottled Tornado"],"potions_floor_usage":[7,13,18,27,30],"damage_taken":[{"damage":2,"enemies":"Jaw Worm","floor":1,"turns":3},{"damage":3,"enemies":"2 Louse","floor":2,"turns":3},{"damage":4,"enemies":"Cultist","floor":5,"turns":4},{"damage":30,"enemies":"Lagavulin","floor":7,"turns":6},{"damage":16,"enemies":"Lots of Slimes","floor":11,"turns":3},{"damage":10,"enemies":"3 Louse","floor":13,"turns":4},{"damage":28,"enemies":"3 Sentries","floor":14,"turns":8},{"damage":20,"enemies":"The Guardian","floor":16,"turns":11},{"damage":11,"enemies":"3 Byrds","floor":18,"turns":8},{"damage":19,"enemies":"2 Thieves","floor":20,"turns":5},{"damage":26,"enemies":"Colosseum Slavers","floor":21,"turns":6},{"damage":22,"enemies":"Sentry and Sphere","floor":27,"turns":9},{"damage":25,"enemies":"3 Cultists","floor":29,"turns":7},{"damage":16,"enemies":"Snecko","floor":30,"turns":5},{"damage":27,"enemies":"Snake Plant","floor":31,"turns":2}],"seed_played":"3056397962288389777","potions_obtained":[{"floor":5,"key":"SpeedPotion"},{"floor":11,"key":"Energy Potion"},{"floor":13,"key":"Swift Potion"},{"floor":16,"key":"Fire Potion"},{"floor":29,"key":"Poison Potion"},{"floor":30,"key":"Ancient Potion"}],"is_trial":false,"path_per_floor":["M","M","?","?","M","R","E","$","T","R","M","R","M","E","R","B",null,"M","?","M","?","T","R","$","R","T","M","R","M","M","M"],"character_chosen":"IRONCLAD","items_purchased":["Armaments","True Grit"],"campfire_rested":2,"item_purchase_floors":[8,24],"current_hp_per_floor":[80,80,60,60,62,62,38,38,38,38,28,52,48,26,50,36,69,64,64,61,41,46,46,46,46,51,40,40,26,21,0],"gold":259,"neow_bonus":"THREE_RARE_CARDS","is_prod":false,"is_daily":false,"chose_seed":false,"campfire_upgraded":5,"win_rate":0,"timestamp":1542930346,"path_taken":["M","M","?","?","?","R","E","?","T","R","M","R","M","E","R","BOSS","M","?","M","?","?","R","$","R","T","M","R","M","M","?"],"build_version":"2018-11-15","purchased_purges":1,"victory":false,"max_hp_per_floor":[80,80,80,80,80,80,80,80,80,80,80,80,80,80,80,80,80,80,80,80,80,80,80,80,80,80,80,80,80,80,80],"card_choices":[{"not_picked":["Exhume","Dark Embrace"],"picked":"Fiend Fire","floor":0},{"not_picked":["Flex","Shrug It Off"],"picked":"Clash","floor":1},{"not_picked":["Shockwave","Ghostly Armor"],"picked":"Spot Weakness","floor":2},{"not_picked":["Combust","Twin Strike","Metallicize"],"picked":"SKIP","floor":5},{"not_picked":["Evolve","Second Wind"],"picked":"Heavy Blade","floor":7},{"not_picked":["Inflame+1","Heavy Blade"],"picked":"Feel No Pain+1","floor":11},{"not_picked":["Rampage","Heavy Blade"],"picked":"Shrug It Off","floor":13},{"not_picked":["Sword Boomerang","Intimidate","Thunderclap"],"picked":"SKIP","floor":14},{"not_picked":["Feed","Double Tap"],"picked":"Juggernaut+1","floor":16},{"not_picked":["Heavy Blade","Flex"],"picked":"Warcry","floor":17},{"not_picked":["Heavy Blade","Twin Strike"],"picked":"Rupture+1","floor":17},{"not_picked":["Perfected Strike","Sword Boomerang"],"picked":"Dual Wield","floor":17},{"not_picked":["Warcry","Perfected Strike"],"picked":"Burning Pact+1","floor":18},{"not_picked":["Flex+1","Clash"],"picked":"Reckless Charge+1","floor":20},{"not_picked":["Thunderclap","Juggernaut+1"],"picked":"Seeing Red+1","floor":27},{"not_picked":["Second Wind","Dropkick+1"],"picked":"Evolve+1","floor":29},{"not_picked":["Anger+1","Infernal Blade"],"picked":"Bloodletting","floor":30}],"player_experience":295077,"relics_obtained":[{"floor":7,"key":"Frozen Egg 2"},{"floor":9,"key":"Matryoshka"},{"floor":14,"key":"FossilizedHelix"},{"floor":22,"key":"Dream Catcher"},{"floor":22,"key":"Bronze Scales"},{"floor":26,"key":"Art of War"},{"floor":26,"key":"Bottled Tornado"}],"event_choices":[{"damage_healed":0,"gold_gain":0,"player_choice":"Take Damage","damage_taken":20,"relics_obtained":["Golden Idol"],"max_hp_gain":0,"max_hp_loss":0,"event_name":"Golden Idol","floor":3,"gold_loss":0},{"damage_healed":0,"gold_gain":0,"player_choice":"1 cards matched","damage_taken":0,"max_hp_gain":0,"max_hp_loss":0,"event_name":"Match and Keep!","floor":4,"gold_loss":0,"cards_obtained":["Blind"]},{"damage_healed":0,"gold_gain":0,"player_choice":"Gave Idol","damage_taken":0,"relics_obtained":["Bloody Idol"],"max_hp_gain":0,"max_hp_loss":0,"event_name":"Forgotten Altar","floor":19,"relics_lost":["Golden Idol"],"gold_loss":0},{"damage_healed":0,"gold_gain":0,"player_choice":"Fight","damage_taken":0,"max_hp_gain":0,"max_hp_loss":0,"event_name":"Colosseum","floor":21,"gold_loss":0},{"damage_healed":0,"gold_gain":0,"player_choice":"Fled From Nobs","damage_taken":0,"max_hp_gain":0,"max_hp_loss":0,"event_name":"Colosseum","floor":21,"gold_loss":0}],"is_beta":false,"boss_relics":[{"not_picked":["Black Blood","Coffee Dripper"],"picked":"Orrery"}],"items_purged_floors":[24],"is_endless":false,"potions_floor_spawned":[5,11,13,16,21,29,30],"killed_by":"Snake Plant","ascension_level":5}