{"gold_per_floor":[119,137,60,60,80,108,108,140,140,140,110,128,128,151,151,270,270,283,216,216,107,123,154,154,174,174,199,235,235,254,254,254,349,349,365,365,365,91,103,103,36,49,97,97,127,141,168,182,182,182],"floor_reached":50,"playtime":4337,"items_purged":["Strike_G","Strike_G"],"score":600,"play_id":"fa77cc70-8795-430f-9763-7de184ae6d54","local_time":"20190610223739","is_ascension_mode":false,"campfire_choices":[{"floor":7,"key":"REST"},{"data":"Blade Dance","floor":13,"key":"SMITH"},{"floor":15,"key":"RECALL"},{"data":"Footwork","floor":24,"key":"SMITH"},{"data":"Accuracy","floor":29,"key":"SMITH"},{"floor":32,"key":"REST"},{"data":"Footwork","floor":40,"key":"SMITH"},{"data":"Dagger Spray","floor":49,"key":"SMITH"}],"neow_cost":"NONE","seed_source_timestamp":1943539912140800,"circlet_count":0,"master_deck":["Defend_G","Defend_G","Defend_G","Defend_G","Defend_G","Strike_G","Strike_G","Strike_G","Survivor","Neutralize","Unload","Deflect","Backflip","Die Die Die","Blade Dance+1","Deflect+1","Unload","Deflect+1","Dodge and Roll+1","Malaise+1","Skewer+1","Footwork+1","Accuracy+1","Dodge and Roll+1","Terror+1","Riddle With Holes+1","Dagger Spray+1","Leg Sweep+1","Dark Shackles+1","Panacea+1","Footwork+1","Dark Shackles+1","Footwork","Leg Sweep+1","Backflip+1","Dodge and Roll+1","Parasite"],"relics":["Ring of the Snake","Toxic Egg 2","Shuriken","Meat on the Bone","Bloody Idol","Black Star","Lantern","Blue Candle","Boot","Omamori","Calipers","Calling Bell","Vajra","Pear","Mango","Potion Belt","FossilizedHelix","Tingsha","Frozen Egg 2","Paper Crane"],"potions_floor_usage":[18,28,28,33,33,33,33],"damage_taken":[{"damage":0,"enemies":"Small Slimes","floor":1,"turns":3},{"damage":0,"enemies":"2 Louse","floor":2,"turns":2},{"damage":0,"enemies":"Cultist","floor":5,"turns":2},{"damage":42,"enemies":"Lagavulin","floor":6,"turns":8},{"damage":18,"enemies":"Gremlin Nob","floor":8,"turns":4},{"damage":0,"enemies":"Red Slaver","floor":12,"turns":3},{"damage":0,"enemies":"3 Louse","floor":14,"turns":2},{"damage":12,"enemies":"The Guardian","floor":16,"turns":13},{"damage":5,"enemies":"Spheric Guardian","floor":18,"turns":4},{"damage":0,"enemies":"3 Byrds","floor":22,"turns":6},{"damage":6,"enemies":"Book of Stabbing","floor":23,"turns":9},{"damage":6,"enemies":"3 Cultists","floor":25,"turns":7},{"damage":4,"enemies":"Centurion and Healer","floor":27,"turns":7},{"damage":11,"enemies":"Slavers","floor":28,"turns":7},{"damage":0,"enemies":"Snake Plant","floor":30,"turns":4},{"damage":57,"enemies":"Automaton","floor":33,"turns":20},{"damage":4,"enemies":"Orb Walker","floor":35,"turns":4},{"damage":3,"enemies":"3 Shapes","floor":39,"turns":7},{"damage":10,"enemies":"Jaw Worm Horde","floor":42,"turns":6},{"damage":4,"enemies":"Nemesis","floor":45,"turns":15},{"damage":0,"enemies":"Spire Growth","floor":46,"turns":7},{"damage":8,"enemies":"Reptomancer","floor":47,"turns":12},{"damage":0,"enemies":"Writhing Mass","floor":48,"turns":9},{"damage":93,"enemies":"Donu and Deca","floor":50,"turns":10}],"seed_played":"-8901640716686625164","potions_obtained":[{"floor":1,"key":"SpeedPotion"},{"floor":11,"key":"Regen Potion"},{"floor":11,"key":"SpeedPotion"},{"floor":14,"key":"Fire Potion"},{"floor":23,"key":"SpeedPotion"},{"floor":28,"key":"EntropicBrew"},{"floor":35,"key":"SpeedPotion"},{"floor":48,"key":"FearPotion"}],"is_trial":false,"path_per_floor":["M","M","$","?","M","E","R","E","T","?","?","M","R","M","R","B",null,"M","$","?","$","M","E","R","M","T","M","E","R","M","?","R","B",null,"M","?","?","$","M","R","$","M","T","?","E","M","E","M","R","B"],"character_chosen":"THE_SILENT","items_purchased":["Die Die Die","Footwork","Accuracy","Footwork","Dark Shackles+1","Footwork"],"campfire_rested":2,"item_purchase_floors":[3,19,21,38,38,41],"current_hp_per_floor":[70,70,70,70,70,28,49,31,31,31,31,43,43,43,43,43,65,60,60,60,60,60,54,54,48,48,44,33,33,33,33,52,27,89,89,84,84,84,86,86,86,81,86,85,85,85,82,85,85,0],"gold":182,"neow_bonus":"ONE_RANDOM_RARE_CARD","is_prod":false,"is_daily":false,"chose_seed":false,"campfire_upgraded":5,"win_rate":0,"timestamp":1560224259,"path_taken":["M","M","$","?","M","E","R","E","T","?","?","M","R","?","R","BOSS","M","$","?","$","M","E","R","M","T","M","E","R","M","?","R","BOSS","M","?","?","$","?","R","$","M","T","?","E","M","E","M","R","BOSS"],"build_version":"2019-01-23","purchased_purges":2,"victory":false,"max_hp_per_floor":[70,70,70,70,70,70,70,70,70,65,65,65,65,65,65,65,65,65,65,65,65,65,65,65,65,65,65,65,65,65,65,65,65,89,89,89,89,89,89,89,89,89,89,85,85,85,85,85,85,85],"card_choices":[{"not_picked":["Bane","Flying Knee"],"picked":"Deflect","floor":1},{"not_picked":["Concentrate","PiercingWail"],"picked":"Backflip","floor":2},{"not_picked":["Dagger Throw","Eviscerate"],"picked":"Blade Dance","floor":5},{"not_picked":["Terror","Tactician"],"picked":"Deflect","floor":6},{"not_picked":["Dagger Throw","Crippling Poison+1"],"picked":"Unload","floor":8},{"not_picked":["Flying Knee","Poisoned Stab"],"picked":"Deflect+1","floor":12},{"not_picked":["Dagger Throw","Dash"],"picked":"Dodge and Roll+1","floor":14},{"not_picked":["Venomology+1","Doppelganger+1"],"picked":"Malaise+1","floor":16},{"not_picked":["PiercingWail+1","Concentrate+1"],"picked":"Skewer+1","floor":18},{"not_picked":["Poisoned Stab+1","Concentrate+1"],"picked":"Dodge and Roll+1","floor":22},{"not_picked":["Poisoned Stab+1","Distraction+1","Prepared+1"],"picked":"SKIP","floor":23},{"not_picked":["Dodge and Roll+1","Bane+1"],"picked":"Terror+1","floor":25},{"not_picked":["Acrobatics+1","Tactician+1"],"picked":"Riddle With Holes+1","floor":27},{"not_picked":["Escape Plan+1","Dodge and Roll+1"],"picked":"Dagger Spray","floor":28},{"not_picked":["Underhanded Strike","Deadly Poison+1","Wraith Form v2"],"picked":"SKIP","floor":30},{"not_picked":["Flechettes+1","Catalyst+1"],"picked":"Leg Sweep+1","floor":35},{"not_picked":["Flash of Steel","Swift Strike"],"picked":"Dark Shackles+1","floor":36},{"not_picked":["HandOfGreed","Forethought+1"],"picked":"Panacea+1","floor":36},{"not_picked":["Calculated Gamble+1","Acrobatics+1","Flying Knee+1"],"picked":"SKIP","floor":39},{"not_picked":["Crippling Poison+1","Bouncing Flask+1"],"picked":"Leg Sweep+1","floor":42},{"not_picked":["Noxious Fumes+1","PiercingWail+1"],"picked":"Backflip+1","floor":45},{"not_picked":["Reflex+1","Slice+1"],"picked":"Dodge and Roll+1","floor":46},{"not_picked":["Deadly Poison+1","Dagger Throw+1","Catalyst+1"],"picked":"SKIP","floor":47},{"not_picked":["Noxious Fumes+1","Underhanded Strike+1","Choke"],"picked":"SKIP","floor":48}],"player_experience":757742,"relics_obtained":[{"floor":6,"key":"Toxic Egg 2"},{"floor":8,"key":"Shuriken"},{"floor":9,"key":"Meat on the Bone"},{"floor":23,"key":"Blue Candle"},{"floor":23,"key":"Boot"},{"floor":28,"key":"Omamori"},{"floor":28,"key":"Calipers"},{"floor":34,"key":"Vajra"},{"floor":34,"key":"Pear"},{"floor":34,"key":"Mango"},{"floor":43,"key":"Potion Belt"},{"floor":45,"key":"FossilizedHelix"},{"floor":45,"key":"Tingsha"},{"floor":47,"key":"Frozen Egg 2"},{"floor":47,"key":"Paper Crane"}],"event_choices":[{"damage_healed":0,"gold_gain":0,"player_choice":"Ignored","damage_taken":0,"max_hp_gain":0,"max_hp_loss":0,"event_name":"Liars Game","floor":4,"gold_loss":0},{"damage_healed":0,"gold_gain":0,"player_choice":"Lose Max HP","damage_taken":0,"relics_obtained":["Golden Idol"],"max_hp_gain":0,"max_hp_loss":5,"event_name":"Golden Idol","floor":10,"gold_loss":0},{"damage_healed":0,"gold_gain":0,"player_choice":"Bought 2 Potions","damage_taken":0,"max_hp_gain":0,"max_hp_loss":0,"event_name":"The Woman in Blue","floor":11,"gold_loss":0},{"damage_healed":0,"gold_gain":0,"player_choice":"Opened","damage_taken":0,"relics_obtained":["Lantern"],"max_hp_gain":0,"max_hp_loss":0,"event_name":"The Mausoleum","floor":20,"gold_loss":0},{"damage_healed":0,"gold_gain":0,"player_choice":"Gave Idol","damage_taken":0,"relics_obtained":["Bloody Idol"],"max_hp_gain":0,"max_hp_loss":0,"event_name":"Forgotten Altar","floor":31,"relics_lost":["Golden Idol"],"gold_loss":0},{"damage_healed":0,"gold_gain":0,"player_choice":"Memory 2","damage_taken":5,"max_hp_gain":0,"max_hp_loss":0,"event_name":"SensoryStone","floor":36,"gold_loss":0},{"cards_removed":["Writhe"],"damage_healed":0,"gold_gain":0,"player_choice":"Card Removal","damage_taken":0,"max_hp_gain":0,"max_hp_loss":0,"event_name":"Wheel of Change","floor":37,"gold_loss":0},{"damage_healed":0,"gold_gain":0,"player_choice":"Max HP","damage_taken":0,"max_hp_gain":0,"max_hp_loss":4,"event_name":"Winding Halls","floor":44,"gold_loss":0}],"is_beta":false,"boss_relics":[{"not_picked":["Astrolabe","Ectoplasm"],"picked":"Black Star"},{"not_picked":["Busted Crown","Runic Dome"],"picked":"Calling Bell"}],"items_purged_floors":[21,38],"is_endless":false,"potions_floor_spawned":[1,12,14,23,25,28,35,48],"killed_by":"Donu and Deca","ascension_level":0}