{"gold_per_floor":[118,134,134,134,134,159,159,190,190,190,200,200,220,231,231,333,333,343,353,69,69,80,80,80,94,162,182,82,82,94,94,94,94],"floor_reached":33,"playtime":2449,"items_purged":["Strike_G","Strike_G"],"score":257,"play_id":"1356f02d-e212-40f0-9354-8a2854a416de","local_time":"20180623195148","is_ascension_mode":false,"campfire_choices":[{"floor":7,"key":"REST"},{"floor":10,"key":"REST"},{"floor":12,"key":"REST"},{"floor":15,"key":"REST"},{"floor":23,"key":"REST"},{"floor":29,"key":"REST"},{"floor":32,"key":"REST"}],"neow_cost":"NONE","seed_source_timestamp":857314909464328,"circlet_count":0,"master_deck":["Defend_G","Defend_G","Defend_G","Defend_G","Defend_G","Strike_G","Strike_G","Strike_G","Survivor","Neutralize","PiercingWail","Backflip","PiercingWail","Terror","Riddle With Holes","Backflip","Crippling Poison","Burst","Prepared","Magnetism","Expertise+1","Glass Knife"],"special_seed":17705,"relics":["Philosopher\u0027s Stone","Vajra","Calipers","Dodecahedron","Snecko Eye","Paper Crane"],"potions_floor_usage":[13,16,16,25,25,30],"damage_taken":[{"damage":1,"enemies":"Small Slimes","floor":1,"turns":4},{"damage":0,"enemies":"Cultist","floor":2,"turns":4},{"damage":60,"enemies":"Lagavulin","floor":6,"turns":13},{"damage":29,"enemies":"3 Sentries","floor":8,"turns":11},{"damage":0,"enemies":"Jaw Worm","floor":11,"turns":2},{"damage":1,"enemies":"Exordium Thugs","floor":13,"turns":5},{"damage":1,"enemies":"3 Louse","floor":14,"turns":4},{"damage":14,"enemies":"The Guardian","floor":16,"turns":12},{"damage":25,"enemies":"3 Byrds","floor":18,"turns":6},{"damage":29,"enemies":"Chosen","floor":19,"turns":7},{"damage":2,"enemies":"Snecko","floor":22,"turns":5},{"damage":39,"enemies":"Centurion and Healer","floor":25,"turns":8},{"damage":22,"enemies":"Cultist and Chosen","floor":27,"turns":6},{"damage":7,"enemies":"Slaver and Parasite","floor":30,"turns":7},{"damage":45,"enemies":"Champ","floor":33,"turns":11}],"seed_played":"-4523291462778455079","potions_obtained":[{"floor":6,"key":"FearPotion"},{"floor":8,"key":"Regen Potion"},{"floor":14,"key":"GhostInAJar"},{"floor":18,"key":"SteroidPotion"},{"floor":22,"key":"Regen Potion"},{"floor":27,"key":"PowerPotion"}],"is_trial":false,"path_per_floor":["M","M","?","?","?","E","R","E","T","R","M","R","M","M","R","B",null,"M","M","$","?","M","R","?","M","T","M","$","R","M","?","R"],"character_chosen":"THE_SILENT","items_purchased":["Magnetism"],"campfire_rested":7,"item_purchase_floors":[20],"current_hp_per_floor":[69,69,69,69,69,9,30,1,1,22,22,43,56,55,70,56,70,45,16,16,3,1,23,48,24,24,2,2,24,17,17,39,0],"gold":94,"neow_bonus":"BOSS_RELIC","is_prod":false,"is_daily":false,"chose_seed":false,"campfire_upgraded":0,"win_rate":0,"timestamp":1529797908,"path_taken":["M","M","?","?","?","E","R","E","T","R","M","R","M","M","R","BOSS","M","M","$","?","M","R","?","M","T","M","$","R","?","?","R","BOSS"],"build_version":"2018-06-21v2","purchased_purges":2,"victory":false,"max_hp_per_floor":[70,70,70,70,70,70,70,70,70,70,70,70,70,70,70,70,70,70,70,70,75,75,75,75,75,75,75,75,75,75,75,75,75],"card_choices":[{"not_picked":["Flying Knee","Poisoned Stab"],"picked":"PiercingWail","floor":1},{"not_picked":["Dagger Spray","Bane"],"picked":"Backflip","floor":2},{"not_picked":["Deflect","Concentrate"],"picked":"PiercingWail","floor":6},{"not_picked":["Dagger Throw","Cloak And Dagger"],"picked":"Terror","floor":8},{"not_picked":["Flying Knee","Finisher"],"picked":"Riddle With Holes","floor":11},{"not_picked":["Concentrate","Bouncing Flask"],"picked":"Backflip","floor":13},{"not_picked":["Dagger Spray","Poisoned Stab"],"picked":"Crippling Poison","floor":14},{"not_picked":["Corpse Explosion","A Thousand Cuts"],"picked":"Burst","floor":16},{"not_picked":["Dagger Spray","Bane"],"picked":"Prepared","floor":18},{"not_picked":["Flying Knee","Deadly Poison","Backstab"],"picked":"SKIP","floor":19},{"not_picked":["Deadly Poison+1","Flying Knee"],"picked":"Expertise+1","floor":22},{"not_picked":["Sucker Punch","Poisoned Stab+1","Blur"],"picked":"SKIP","floor":25},{"not_picked":["Flying Knee","Outmaneuver","Cloak And Dagger"],"picked":"SKIP","floor":27},{"not_picked":["Outmaneuver","Flying Knee"],"picked":"Glass Knife","floor":30}],"player_experience":147088,"relics_obtained":[{"floor":6,"key":"Vajra"},{"floor":8,"key":"Calipers"},{"floor":9,"key":"Dodecahedron"},{"floor":26,"key":"Paper Crane"}],"event_choices":[{"event_name":"Wheel of Change","player_choice":"Curse","floor":3,"damage_taken":0},{"event_name":"The Woman in Blue","player_choice":"Bought 0 Potions","floor":4,"damage_taken":0},{"event_name":"Purifier","player_choice":"One Purge","floor":5,"damage_taken":0},{"event_name":"Forgotten Altar","player_choice":"Shed Blood","floor":21,"damage_taken":0},{"event_name":"The Library","player_choice":"Heal","floor":24,"damage_taken":0},{"event_name":"Drug Dealer","player_choice":"Ignored","floor":31,"damage_taken":0}],"boss_relics":[{"not_picked":["Ectoplasm","Eternal Feather"],"picked":"Snecko Eye"}],"items_purged_floors":[20,28],"is_endless":false,"potions_floor_spawned":[6,8,14,18,22,27],"killed_by":"Champ","ascension_level":0}