{"gold_per_floor":[210,210,222,240,240,267,267,34,34,34,61,61,61,74,74,74],"floor_reached":16,"playtime":1154,"items_purged":[],"score":108,"play_id":"cc1ce2bd-c74e-479b-8ba8-6d239ba2cb07","local_time":"20181013223605","is_ascension_mode":false,"campfire_choices":[{"data":"Clothesline","floor":7,"key":"SMITH"},{"data":"Feed","floor":10,"key":"SMITH"},{"floor":15,"key":"REST"}],"neow_cost":"NONE","seed_source_timestamp":346247660612860,"circlet_count":0,"master_deck":["Strike_R","Strike_R","Strike_R+1","Strike_R","Strike_R+1","Defend_R","Defend_R","Defend_R","Defend_R","Bash","Battle Trance","Clothesline+1","Feed+1","Shrug It Off+1"],"relics":["Burning Blood","WingedGreaves","Anchor","Ancient Tea Set","Toxic Egg 2","Blood Vial"],"potions_floor_usage":[6,6,11,16],"damage_taken":[{"damage":0,"enemies":"Small Slimes","floor":1,"turns":3},{"damage":5,"enemies":"2 Louse","floor":3,"turns":3},{"damage":3,"enemies":"Jaw Worm","floor":4,"turns":3},{"damage":38,"enemies":"3 Sentries","floor":6,"turns":12},{"damage":18,"enemies":"Gremlin Nob","floor":11,"turns":5},{"damage":0,"enemies":"3 Louse","floor":14,"turns":3},{"damage":68,"enemies":"Hexaghost","floor":16,"turns":14}],"seed_played":"-4346475551491923789","potions_obtained":[{"floor":1,"key":"PowerPotion"},{"floor":3,"key":"BloodPotion"},{"floor":4,"key":"Swift Potion"},{"floor":14,"key":"SteroidPotion"}],"is_trial":false,"path_per_floor":["M","?","M","M","?","E","R","$","T","R","E","?","?","M","R"],"character_chosen":"IRONCLAD","items_purchased":["Feed","Ancient Tea Set"],"campfire_rested":1,"item_purchase_floors":[8,8],"current_hp_per_floor":[80,73,74,77,77,53,53,53,53,53,45,28,28,40,66,0],"gold":74,"neow_bonus":"HUNDRED_GOLD","is_prod":false,"is_daily":false,"chose_seed":false,"campfire_upgraded":2,"win_rate":0,"timestamp":1539484565,"path_taken":["M","?","M","M","?","E","R","$","T","R","E","?","?","?","R","BOSS"],"build_version":"2018-10-11","purchased_purges":0,"victory":false,"max_hp_per_floor":[80,80,80,80,80,80,80,80,80,80,84,84,84,88,88,88],"card_choices":[{"not_picked":["Hemokinesis","Ghostly Armor"],"picked":"Battle Trance","floor":1},{"not_picked":["Havoc","Battle Trance"],"picked":"Clothesline","floor":3},{"not_picked":["Intimidate","Feel No Pain","Reckless Charge"],"picked":"SKIP","floor":4},{"not_picked":["Entrench","Clash","Burning Pact"],"picked":"SKIP","floor":6},{"not_picked":["Flex+1","Sentinel+1","Thunderclap"],"picked":"SKIP","floor":11},{"not_picked":["Spot Weakness+1","Armaments+1"],"picked":"Shrug It Off+1","floor":14}],"player_experience":373083,"relics_obtained":[{"floor":6,"key":"Anchor"},{"floor":9,"key":"Toxic Egg 2"},{"floor":11,"key":"Blood Vial"}],"event_choices":[{"event_name":"Scrap Ooze","player_choice":"success","floor":2,"damage_taken":7},{"event_name":"The Cleric","player_choice":"Leave","floor":5,"damage_taken":0},{"event_name":"Shining Light","player_choice":"Entered Light","floor":12,"damage_taken":0},{"event_name":"Liars Game","player_choice":"disagreed","floor":13,"damage_taken":0}],"is_beta":true,"boss_relics":[],"items_purged_floors":[],"is_endless":false,"potions_floor_spawned":[1,3,4,14],"killed_by":"Hexaghost","ascension_level":0}