{"gold_per_floor":[116,133,146,74,87,119,44,44,44,62,80,80,80,120,120,249,249,274,105,20,41,64,64,78,92,116,139,139,160,180,180,180,311,311],"floor_reached":34,"playtime":2022,"items_purged":["Normality","Strike_B"],"score":518,"play_id":"a92e491b-b29a-43e3-883b-28af6930efc6","local_time":"20190808192103","is_ascension_mode":false,"campfire_choices":[{"data":"Genetic Algorithm","floor":8,"key":"SMITH"},{"data":"Loop","floor":13,"key":"SMITH"},{"data":"Loop","floor":15,"key":"SMITH"},{"data":"Creative AI","floor":23,"key":"SMITH"},{"data":"Zap","floor":28,"key":"SMITH"},{"data":"Capacitor","floor":32,"key":"SMITH"}],"neow_cost":"CURSE","seed_source_timestamp":30698734183500,"circlet_count":0,"master_deck":["Strike_B","Strike_B","Strike_B","Defend_B","Defend_B","Defend_B","Defend_B","Zap+1","Dualcast","Self Repair","Go for the Eyes","Biased Cognition","Genetic Algorithm+1","Loop+1","Cold Snap","Compile Driver","Loop+1","Coolheaded","Creative AI+1","Glacier+1","Capacitor+1","Steam+1","Cold Snap","Pain","Hologram+1","Compile Driver","Ghostly","Ghostly","Ghostly","Ghostly","Ghostly"],"relics":["Cracked Core","Du-Vu Doll","Ancient Tea Set","DataDisk","Golden Idol","Symbiotic Virus","Cursed Key","Lantern","Pen Nib"],"potions_floor_usage":[16,30],"damage_taken":[{"damage":1,"enemies":"Cultist","floor":1,"turns":3},{"damage":0,"enemies":"2 Louse","floor":2,"turns":1},{"damage":0,"enemies":"Jaw Worm","floor":3,"turns":4},{"damage":2,"enemies":"Looter","floor":5,"turns":3},{"damage":25,"enemies":"Lagavulin","floor":6,"turns":7},{"damage":5,"enemies":"Lots of Slimes","floor":10,"turns":4},{"damage":16,"enemies":"Large Slime","floor":11,"turns":5},{"damage":7,"enemies":"Gremlin Nob","floor":14,"turns":4},{"damage":0,"enemies":"Slime Boss","floor":16,"turns":6},{"damage":4,"enemies":"Spheric Guardian","floor":18,"turns":3},{"damage":8,"enemies":"3 Byrds","floor":21,"turns":5},{"damage":10,"enemies":"Centurion and Healer","floor":22,"turns":6},{"damage":26,"enemies":"Cultist and Chosen","floor":24,"turns":6},{"damage":0,"enemies":"3 Cultists","floor":25,"turns":4},{"damage":5,"enemies":"Shelled Parasite and Fungi","floor":27,"turns":6},{"damage":4,"enemies":"Snecko","floor":29,"turns":6},{"damage":14,"enemies":"Centurion and Healer","floor":30,"turns":4},{"damage":2,"enemies":"Champ","floor":33,"turns":7}],"seed_played":"-8956836490845631031","potions_obtained":[{"floor":5,"key":"LiquidBronze"},{"floor":6,"key":"SteroidPotion"},{"floor":11,"key":"EssenceOfSteel"},{"floor":16,"key":"Energy Potion"},{"floor":29,"key":"Block Potion"},{"floor":30,"key":"Energy Potion"}],"is_trial":false,"path_per_floor":["M","M","M","$","M","E","$","R","T","M","M","?","R","E","R","B",null,"M","$","?","M","M","R","M","M","T","M","R","M","M","?","R","B",null],"character_chosen":"DEFECT","items_purchased":["Genetic Algorithm","Capacitor"],"campfire_rested":0,"item_purchase_floors":[4,19],"current_hp_per_floor":[74,74,75,75,75,57,57,57,57,59,50,50,50,50,50,50,69,69,69,69,61,58,58,39,46,46,48,48,51,44,34,34,32,32],"gold":311,"neow_bonus":"ONE_RARE_RELIC","is_prod":false,"is_daily":false,"chose_seed":false,"campfire_upgraded":6,"win_rate":0,"timestamp":1565306463,"path_taken":["M","?","M","$","M","E","$","R","T","M","M","?","R","E","R","BOSS","M","$","?","M","M","R","M","M","T","M","R","M","M","?","R","BOSS"],"build_version":"2019-07-17","purchased_purges":2,"victory":false,"max_hp_per_floor":[75,75,75,75,75,75,75,75,75,75,75,69,69,69,69,69,69,69,69,69,69,69,69,69,69,69,69,69,69,69,34,34,34,34],"card_choices":[{"not_picked":["Gash","Reinforced Body"],"picked":"Self Repair","floor":1},{"not_picked":["Sweeping Beam","Streamline"],"picked":"Go for the Eyes","floor":2},{"not_picked":["Redo","Heatsinks"],"picked":"Biased Cognition","floor":3},{"not_picked":["Steam","Hologram"],"picked":"Loop","floor":5},{"not_picked":["Chaos","Undo"],"picked":"Cold Snap","floor":6},{"not_picked":["Hologram","Redo"],"picked":"Compile Driver","floor":10},{"not_picked":["Rebound","Gash"],"picked":"Loop","floor":11},{"not_picked":["Multi-Cast","Blizzard"],"picked":"Coolheaded","floor":14},{"not_picked":["All For One","Core Surge"],"picked":"Creative AI","floor":16},{"not_picked":["Ball Lightning","Beam Cell"],"picked":"Glacier+1","floor":18},{"not_picked":["Hello World+1","Streamline","Sweeping Beam"],"picked":"SKIP","floor":21},{"not_picked":["Beam Cell+1","Rebound+1"],"picked":"Steam+1","floor":22},{"not_picked":["Steam","Rebound","Self Repair"],"picked":"SKIP","floor":24},{"not_picked":["Double Energy","Steam"],"picked":"Cold Snap","floor":25},{"not_picked":["Meteor Strike","Cold Snap"],"picked":"Hologram+1","floor":27},{"not_picked":["Chaos","FTL+1","Steam+1"],"picked":"SKIP","floor":29},{"not_picked":["Stack+1","Barrage"],"picked":"Compile Driver","floor":30}],"player_experience":2651529,"relics_obtained":[{"floor":6,"key":"Ancient Tea Set"},{"floor":9,"key":"DataDisk"},{"floor":14,"key":"Symbiotic Virus"},{"floor":26,"key":"Pen Nib"}],"event_choices":[{"damage_healed":0,"gold_gain":0,"player_choice":"Lose Max HP","damage_taken":0,"relics_obtained":["Golden Idol"],"max_hp_gain":0,"max_hp_loss":6,"event_name":"Golden Idol","floor":12,"gold_loss":0},{"damage_healed":0,"gold_gain":0,"player_choice":"Obtained Relic","damage_taken":0,"relics_obtained":["Lantern"],"max_hp_gain":0,"max_hp_loss":0,"event_name":"Addict","floor":20,"gold_loss":85},{"damage_healed":0,"gold_gain":0,"player_choice":"Became a Ghost","damage_taken":0,"max_hp_gain":0,"max_hp_loss":35,"event_name":"Ghosts","floor":31,"gold_loss":0,"cards_obtained":["Ghostly","Ghostly","Ghostly","Ghostly","Ghostly"]}],"is_beta":false,"boss_relics":[{"not_picked":["Runic Dome","Orrery"],"picked":"Cursed Key"}],"items_purged_floors":[7,19],"is_endless":false,"potions_floor_spawned":[5,6,11,16,18,21,27,29,30],"ascension_level":0}