{"gold_per_floor":[112,187,198,212,230,230,264,264,264,282,282,298,298,15,15,111,111,130,30,42,58,58,58,71,71,71,99,99,198,216,141,141,141],"floor_reached":33,"playtime":3815,"items_purged":["Strike_R","Pain"],"score":334,"play_id":"9676699f-fa31-49ca-94b2-78f88a4477d1","local_time":"20181125195336","is_ascension_mode":true,"campfire_choices":[{"data":"Body Slam","floor":6,"key":"SMITH"},{"floor":8,"key":"REST"},{"floor":11,"key":"REST"},{"data":"True Grit","floor":15,"key":"SMITH"},{"data":"Body Slam","floor":23,"key":"SMITH"},{"floor":25,"key":"REST"},{"data":"Ghostly Armor","floor":28,"key":"SMITH"},{"floor":32,"key":"REST"}],"neow_cost":"NONE","seed_source_timestamp":257379630156650,"circlet_count":0,"master_deck":["Strike_R","Strike_R","Strike_R","Defend_R","Defend_R","Defend_R","Defend_R","Bash","Body Slam+1","Cleave","True Grit+1","Ghostly Armor+1","Infernal Blade+1","Shockwave+1","Dark Embrace+1","Doubt","Shame","Body Slam+1","Ghostly Armor+1","Bloodletting+1","Headbutt","Shrug It Off+1","Shrug It Off+1"],"relics":["Burning Blood","Centennial Puzzle","Frozen Egg 2","Toxic Egg 2","Lee\u0027s Waffle","Calling Bell","PreservedInsect","Shuriken","Ice Cream","Letter Opener","Molten Egg 2"],"potions_floor_usage":[7,7,16,20,21,24,24,27,33],"damage_taken":[{"damage":2,"enemies":"2 Louse","floor":1,"turns":3},{"damage":1,"enemies":"Cultist","floor":3,"turns":3},{"damage":4,"enemies":"Small Slimes","floor":4,"turns":3},{"damage":10,"enemies":"Exordium Wildlife","floor":5,"turns":5},{"damage":61,"enemies":"Lagavulin","floor":7,"turns":12},{"damage":20,"enemies":"Exordium Thugs","floor":10,"turns":6},{"damage":0,"enemies":"2 Fungi Beasts","floor":12,"turns":2},{"damage":48,"enemies":"The Guardian","floor":16,"turns":15},{"damage":22,"enemies":"3 Byrds","floor":18,"turns":8},{"damage":17,"enemies":"Shell Parasite","floor":20,"turns":11},{"damage":12,"enemies":"3 Cultists","floor":21,"turns":5},{"damage":26,"enemies":"Cultist and Chosen","floor":24,"turns":6},{"damage":23,"enemies":"Slavers","floor":27,"turns":4},{"damage":18,"enemies":"Chosen and Byrds","floor":30,"turns":7},{"damage":63,"enemies":"Champ","floor":33,"turns":13}],"seed_played":"-2437326590953363568","potions_obtained":[{"floor":1,"key":"FearPotion"},{"floor":4,"key":"Fire Potion"},{"floor":13,"key":"AttackPotion"},{"floor":13,"key":"Regen Potion"},{"floor":13,"key":"Ancient Potion"},{"floor":16,"key":"Weak Potion"},{"floor":20,"key":"Explosive Potion"},{"floor":21,"key":"Fire Potion"},{"floor":30,"key":"Energy Potion"}],"is_trial":false,"path_per_floor":["M","?","M","M","M","R","E","R","T","M","R","M","?","$","R","B",null,"M","$","M","M","?","R","M","R","T","E","R","?","M","?","R","B"],"character_chosen":"IRONCLAD","items_purchased":["Lee\u0027s Waffle"],"campfire_rested":4,"item_purchase_floors":[14],"current_hp_per_floor":[80,69,74,76,72,72,17,41,41,27,51,57,57,87,87,45,77,61,61,65,59,59,59,39,65,65,48,48,48,36,36,62,0],"gold":141,"neow_bonus":"RANDOM_COMMON_RELIC","is_prod":false,"is_daily":false,"chose_seed":false,"campfire_upgraded":4,"win_rate":0,"timestamp":1543172016,"path_taken":["M","?","M","M","M","R","E","R","T","M","R","M","?","$","R","BOSS","M","$","M","M","?","R","M","R","T","E","R","?","M","?","R","BOSS"],"build_version":"2018-11-15","purchased_purges":2,"victory":false,"max_hp_per_floor":[80,80,80,80,80,80,80,80,80,80,80,80,80,87,87,87,87,87,87,87,87,87,87,87,87,87,87,87,87,87,87,87,87],"card_choices":[{"not_picked":["Reckless Charge","Fire Breathing"],"picked":"Body Slam","floor":1},{"not_picked":["Perfected Strike","True Grit"],"picked":"Cleave","floor":3},{"not_picked":["Second Wind","Uppercut"],"picked":"True Grit","floor":4},{"not_picked":["Entrench","Twin Strike"],"picked":"Ghostly Armor","floor":5},{"not_picked":["Uppercut","Anger","Rupture"],"picked":"SKIP","floor":7},{"not_picked":["Anger","Twin Strike"],"picked":"Infernal Blade+1","floor":10},{"not_picked":["Havoc+1","Hemokinesis"],"picked":"Shockwave+1","floor":12},{"not_picked":["Brutality+1","Berserk+1"],"picked":"Dark Embrace+1","floor":16},{"not_picked":["Iron Wave","Cleave"],"picked":"Body Slam","floor":18},{"not_picked":["Anger","Blood for Blood"],"picked":"Ghostly Armor+1","floor":20},{"not_picked":["Anger","Iron Wave"],"picked":"Bloodletting+1","floor":21},{"not_picked":["Bloodletting+1","Flex+1"],"picked":"Headbutt","floor":24},{"not_picked":["Clothesline","Body Slam"],"picked":"Shrug It Off+1","floor":27},{"not_picked":["Metallicize+1","Headbutt+1"],"picked":"Shrug It Off+1","floor":30}],"player_experience":299064,"relics_obtained":[{"floor":7,"key":"Frozen Egg 2"},{"floor":9,"key":"Toxic Egg 2"},{"floor":17,"key":"PreservedInsect"},{"floor":17,"key":"Shuriken"},{"floor":17,"key":"Ice Cream"},{"floor":26,"key":"Letter Opener"},{"floor":27,"key":"Molten Egg 2"}],"event_choices":[{"damage_healed":0,"gold_gain":75,"player_choice":"Gather Gold","damage_taken":11,"max_hp_gain":0,"max_hp_loss":0,"event_name":"World of Goop","floor":2,"gold_loss":0},{"damage_healed":0,"gold_gain":0,"player_choice":"Got Potions","damage_taken":0,"max_hp_gain":0,"max_hp_loss":0,"event_name":"Lab","floor":13,"gold_loss":0},{"damage_healed":0,"gold_gain":0,"player_choice":"Ignored","damage_taken":0,"max_hp_gain":0,"max_hp_loss":0,"event_name":"Ghosts","floor":22,"gold_loss":0},{"damage_healed":0,"gold_gain":99,"player_choice":"Stole From Cult","damage_taken":0,"max_hp_gain":0,"max_hp_loss":0,"event_name":"Nest","floor":29,"gold_loss":0},{"cards_removed":["Strike_R"],"damage_healed":0,"gold_gain":0,"player_choice":"Gave Gold","damage_taken":0,"max_hp_gain":0,"max_hp_loss":0,"event_name":"Beggar","floor":31,"gold_loss":75}],"is_beta":false,"boss_relics":[{"not_picked":["Ectoplasm","Snecko Eye"],"picked":"Calling Bell"}],"items_purged_floors":[14,19],"is_endless":false,"potions_floor_spawned":[1,4,16,20,21,30],"killed_by":"Champ","ascension_level":5}