{"gold_per_floor":[213,1,14,28,28,28,42,42,114,139,39,39,73,87,87,189,189,205,205,9,9,29,29,29],"floor_reached":24,"playtime":2878,"items_purged":["Strike_R","Strike_R","Strike_R"],"score":235,"play_id":"d79fc705-118e-4063-9200-77a9673619b0","local_time":"20181016010313","is_ascension_mode":true,"campfire_choices":[{"data":"Body Slam","floor":6,"key":"SMITH"},{"data":"Armaments","floor":8,"key":"SMITH"},{"floor":12,"key":"REST"},{"floor":15,"key":"REST"},{"data":"Barricade","floor":23,"key":"SMITH"}],"neow_cost":"NONE","seed_source_timestamp":448693654644951,"circlet_count":0,"master_deck":["Strike_R","Defend_R","Defend_R","Defend_R","Defend_R","Bash","Body Slam+1","Body Slam+1","Trip","Heavy Blade","Feel No Pain","Armaments+1","Barricade+1","Seeing Red","Double Tap","Entrench","Metallicize"],"relics":["Burning Blood","Dodecahedron","Anchor","Juzu Bracelet","Coffee Dripper"],"potions_floor_usage":[10,16],"damage_taken":[{"damage":9,"enemies":"Jaw Worm","floor":1,"turns":4},{"damage":1,"enemies":"Cultist","floor":3,"turns":4},{"damage":3,"enemies":"Small Slimes","floor":4,"turns":3},{"damage":42,"enemies":"Exordium Thugs","floor":7,"turns":6},{"damage":46,"enemies":"Lagavulin","floor":10,"turns":6},{"damage":20,"enemies":"3 Sentries","floor":13,"turns":9},{"damage":0,"enemies":"2 Fungi Beasts","floor":14,"turns":3},{"damage":35,"enemies":"Slime Boss","floor":16,"turns":18},{"damage":35,"enemies":"Spheric Guardian","floor":18,"turns":7},{"damage":22,"enemies":"3 Byrds","floor":22,"turns":8},{"damage":44,"enemies":"Slavers","floor":24,"turns":3}],"seed_played":"2933069688383770472","potions_obtained":[{"floor":7,"key":"BloodPotion"},{"floor":14,"key":"GamblersBrew"},{"floor":22,"key":"SpeedPotion"}],"is_trial":false,"path_per_floor":["M","$","M","M","?","R","M","R","T","E","$","R","E","M","R","B",null,"M","?","$","?","M","R"],"character_chosen":"IRONCLAD","items_purchased":["Body Slam","Trip","Metallicize"],"campfire_rested":2,"item_purchase_floors":[2,2,20],"current_hp_per_floor":[77,77,80,80,80,80,44,44,44,12,12,36,22,28,52,23,80,51,51,51,51,35,35,0],"gold":29,"neow_bonus":"HUNDRED_GOLD","is_prod":false,"is_daily":false,"chose_seed":false,"campfire_upgraded":3,"win_rate":0,"timestamp":1539644593,"path_taken":["M","$","M","M","?","R","M","R","T","E","?","R","E","M","R","BOSS","M","?","?","?","M","R","E"],"build_version":"2018-10-11","purchased_purges":3,"victory":false,"max_hp_per_floor":[80,80,80,80,80,80,80,80,80,80,80,80,80,80,80,80,80,80,80,80,80,80,80,80],"card_choices":[{"not_picked":["Iron Wave","Havoc"],"picked":"Body Slam","floor":1},{"not_picked":["Headbutt","Pummel"],"picked":"Heavy Blade","floor":3},{"not_picked":["True Grit","Pummel"],"picked":"Feel No Pain","floor":4},{"not_picked":["Body Slam","Infernal Blade"],"picked":"Armaments","floor":7},{"not_picked":["Clash","Havoc"],"picked":"Barricade","floor":10},{"not_picked":["Body Slam","Clothesline","Heavy Blade"],"picked":"SKIP","floor":13},{"not_picked":["Clash","Heavy Blade"],"picked":"Seeing Red","floor":14},{"not_picked":["Berserk","Feed"],"picked":"Double Tap","floor":16},{"not_picked":["Armaments+1","Intimidate+1"],"picked":"Entrench","floor":18},{"not_picked":["Evolve","Cleave","Battle Trance"],"picked":"SKIP","floor":22}],"player_experience":271162,"relics_obtained":[{"floor":9,"key":"Dodecahedron"},{"floor":10,"key":"Anchor"},{"floor":13,"key":"Juzu Bracelet"}],"event_choices":[{"event_name":"Upgrade Shrine","player_choice":"Upgraded","floor":5,"damage_taken":0},{"event_name":"Purifier","player_choice":"One Purge","floor":19,"damage_taken":0},{"event_name":"Ghosts","player_choice":"Ignored","floor":21,"damage_taken":0}],"is_beta":false,"boss_relics":[{"not_picked":["Lizard Tail","Black Blood"],"picked":"Coffee Dripper"}],"items_purged_floors":[2,11,20],"is_endless":false,"potions_floor_spawned":[7,14,22],"killed_by":"Slavers","ascension_level":3}