{"gold_per_floor":[111,211,229,249,260,285,13,13,13,13,45,23,36,53,53,155,155,173,201,212,247,346,346,403,403],"floor_reached":25,"playtime":1479,"items_purged":[],"score":326,"play_id":"2ccce805-f161-448d-b3a7-65c9d8f6ca5e","local_time":"20190712203530","is_ascension_mode":false,"campfire_choices":[{"data":"Apotheosis","floor":8,"key":"SMITH"},{"data":"beaked:Foresight","floor":15,"key":"SMITH"},{"data":"beaked:KnowThyFoe","floor":23,"key":"SMITH"}],"neow_cost":"NONE","seed_source_timestamp":0,"circlet_count":0,"master_deck":["beaked:Strike_Y","beaked:Strike_Y","beaked:Strike_Y","beaked:Strike_Y","beaked:Strike_Y","beaked:Strike_Y","beaked:Defend_Y","beaked:Defend_Y","beaked:Defend_Y","beaked:Defend_Y","beaked:Ceremony","beaked:Ceremony","beaked:Ceremony","beaked:CursingBlood","beaked:FeelMyPain","beaked:Tweet","beaked:Evade","beaked:Foresight+1","Dramatic Entrance","Apotheosis+1","Bandage Up","beaked:Flinch","beaked:WindBringer","beaked:KnowThyFoe+1","beaked:Insight","beaked:Flinch","beaked:CrazyRituals"],"special_seed":0,"relics":["beaked:MendingPlumage","NeowsBlessing","Ancient Tea Set","Bag of Preparation","Shuriken","beaked:MawFillet","Pen Nib","Red Mask","Tiny Chest"],"potions_floor_usage":[16,19,24,24],"damage_taken":[{"damage":0,"enemies":"Cultist","floor":1,"turns":1},{"damage":0,"enemies":"Small Slimes","floor":3,"turns":2},{"damage":0,"enemies":"Jaw Worm","floor":4,"turns":1},{"damage":12,"enemies":"Large Slime","floor":5,"turns":7},{"damage":26,"enemies":"Gremlin Nob","floor":6,"turns":6},{"damage":21,"enemies":"Lagavulin","floor":11,"turns":5},{"damage":0,"enemies":"Exordium Wildlife","floor":13,"turns":3},{"damage":8,"enemies":"Blue Slaver","floor":14,"turns":3},{"damage":42,"enemies":"Hexaghost","floor":16,"turns":7},{"damage":13,"enemies":"3 Byrds","floor":18,"turns":5},{"damage":47,"enemies":"Slavers","floor":19,"turns":5},{"damage":28,"enemies":"Shell Parasite","floor":20,"turns":6},{"damage":37,"enemies":"Masked Bandits","floor":21,"turns":4},{"damage":38,"enemies":"Book of Stabbing","floor":24,"turns":6},{"damage":66,"enemies":"Slavers","floor":25,"turns":4}],"seed_played":"1856023229750953856","potions_obtained":[{"floor":1,"key":"SkillPotion"},{"floor":3,"key":"beaked:MendingBrew"},{"floor":11,"key":"AttackPotion"},{"floor":18,"key":"Regen Potion"},{"floor":21,"key":"FearPotion"}],"is_trial":false,"path_per_floor":["M","?","M","M","M","E","$","R","T","?","E","$","M","M","R","B",null,"M","E","M","?","?","R","E","E"],"character_chosen":"BEAKED_THE_CULTIST","items_purchased":["Dramatic Entrance","Apotheosis","beaked:Flinch"],"campfire_rested":0,"item_purchase_floors":[7,7,12],"current_hp_per_floor":[50,50,50,50,50,35,35,35,35,35,34,34,50,50,50,27,50,46,30,31,17,17,17,38,0],"gold":403,"neow_bonus":"THREE_ENEMY_KILL","is_prod":false,"is_daily":false,"chose_seed":false,"campfire_upgraded":3,"win_rate":0.0,"timestamp":1562931330,"path_taken":["M","?","M","M","?","E","$","R","T","?","E","$","M","?","R","BOSS","M","E","M","?","?","R","E","E"],"build_version":"2019-07-05","purchased_purges":0,"victory":false,"max_hp_per_floor":[50,50,50,50,50,50,50,50,50,50,50,50,50,50,50,50,50,50,50,50,50,50,50,50,50],"card_choices":[{"not_picked":["beaked:StunningBlow","beaked:Tradeoff"],"picked":"beaked:CursingBlood","floor":1},{"not_picked":["beaked:Overexert","beaked:Pecker"],"picked":"beaked:FeelMyPain","floor":3},{"not_picked":["beaked:Replenish","beaked:MimicMachine"],"picked":"beaked:Tweet","floor":4},{"not_picked":["beaked:FeelMyPain","beaked:Resilience"],"picked":"beaked:Evade","floor":5},{"not_picked":["beaked:MimicHuntress","beaked:Brace"],"picked":"beaked:Foresight","floor":6},{"not_picked":["beaked:BloodRitual","beaked:Brace","beaked:Evade"],"picked":"SKIP","floor":11},{"not_picked":["beaked:Redirect","beaked:DesperateSwing"],"picked":"beaked:WindBringer","floor":13},{"not_picked":["beaked:Tradeoff","beaked:MimicHuntress","beaked:FeelMyPain"],"picked":"SKIP","floor":14},{"not_picked":["beaked:Caw","beaked:Sacrifice"],"picked":"beaked:KnowThyFoe","floor":16},{"not_picked":["beaked:FeelMyPain","beaked:MachineSpirit","beaked:MimicMachine"],"picked":"SKIP","floor":18},{"not_picked":["beaked:DigDeep","beaked:Windmill"],"picked":"beaked:Insight","floor":19},{"not_picked":["beaked:BloodForTheGods","beaked:TuckingFeathers"],"picked":"beaked:Flinch","floor":20},{"not_picked":["beaked:Caw","beaked:Replenish"],"picked":"beaked:CrazyRituals","floor":24}],"player_experience":110918,"relics_obtained":[{"floor":6,"key":"Ancient Tea Set"},{"floor":9,"key":"Bag of Preparation"},{"floor":11,"key":"Shuriken"},{"floor":19,"key":"Pen Nib"},{"floor":21,"key":"Red Mask"},{"floor":24,"key":"Tiny Chest"}],"event_choices":[{"damage_healed":0,"gold_gain":100,"player_choice":"Pray","damage_taken":0,"max_hp_gain":0,"max_hp_loss":0,"event_name":"Golden Shrine","floor":2,"gold_loss":0},{"damage_healed":0,"gold_gain":0,"player_choice":"1 cards matched","damage_taken":0,"max_hp_gain":0,"max_hp_loss":0,"event_name":"Match and Keep!","floor":10,"gold_loss":0,"cards_obtained":["Bandage Up"]},{"damage_healed":0,"gold_gain":0,"player_choice":"Fought Bandits","damage_taken":0,"max_hp_gain":0,"max_hp_loss":0,"event_name":"Masked Bandits","floor":21,"gold_loss":0},{"damage_healed":0,"gold_gain":99,"player_choice":"Stole From Cult","damage_taken":0,"max_hp_gain":0,"max_hp_loss":0,"event_name":"Nest","floor":22,"gold_loss":0}],"is_beta":false,"boss_relics":[{"not_picked":["beaked:SacredDeck","Runic Dome"],"picked":"beaked:MawFillet"}],"items_purged_floors":[],"is_endless":false,"potions_floor_spawned":[1,3,11,13,14,18,21],"killed_by":"Slavers","ascension_level":0}