{"gold_per_floor":[111,122,197,212,238,271,33,33,33,33,47,75,25,57,57,130,130,142,156,174,188,206,206,217,243,243,243,243,243,243,43,43,117,117,130,147,147,167,184,215,215,231,306,324,324,343,20,40,40,40],"floor_reached":51,"playtime":4549,"items_purged":["Strike_G","Decay"],"score":1157,"play_id":"c42810b1-98b0-4199-877c-a1a6d8b56d4f","local_time":"20190825020556","is_ascension_mode":true,"campfire_choices":[{"floor":8.0,"key":"REST"},{"floor":10.0,"key":"REST"},{"data":"Glass Knife","floor":15.0,"key":"SMITH"},{"data":"Footwork","floor":23.0,"key":"SMITH"},{"floor":30.0,"key":"REST"},{"floor":32.0,"key":"REST"},{"floor":41.0,"key":"REST"},{"floor":49,"key":"REST"}],"neow_cost":"NONE","seed_source_timestamp":53338287446612,"circlet_count":0,"master_deck":["AscendersBane","Strike_G+1","Strike_G+1","Defend_G+1","Defend_G+1","Defend_G+1","Defend_G+1","Defend_G+1","Survivor+1","Neutralize","Tools of the Trade","Poisoned Stab","Well Laid Plans","Riddle With Holes","Dagger Spray","Noxious Fumes","Backstab","Glass Knife+1","Bane","Calculated Gamble","Malaise+1","Well Laid Plans","Noxious Fumes","Cloak And Dagger","Deadly Poison","Footwork+1","Cloak And Dagger","Parasite","Adrenaline","Deflect+1","Dodge and Roll+1","Bouncing Flask","Acrobatics","Catalyst","Footwork"],"special_seed":0,"relics":["Ring of the Snake","War Paint","The Specimen","Anchor","Odd Mushroom","Bronze Scales","Cursed Key","Art of War","Bag of Preparation","Nilry\u0027s Codex","Letter Opener","Toolbox","Busted Crown","Question Card","Mummified Hand","Regal Pillow"],"potions_floor_usage":[44,50,50],"damage_taken":[{"damage":9.0,"enemies":"Jaw Worm","floor":1.0,"turns":6.0},{"damage":0.0,"enemies":"2 Louse","floor":2.0,"turns":3.0},{"damage":13.0,"enemies":"Small Slimes","floor":4.0,"turns":5.0},{"damage":23.0,"enemies":"Gremlin Nob","floor":6.0,"turns":5.0},{"damage":0.0,"enemies":"3 Louse","floor":11.0,"turns":3.0},{"damage":1.0,"enemies":"The Mushroom Lair","floor":12.0,"turns":4.0},{"damage":0.0,"enemies":"3 Sentries","floor":14.0,"turns":6.0},{"damage":17.0,"enemies":"The Guardian","floor":16.0,"turns":7.0},{"damage":1.0,"enemies":"3 Byrds","floor":18.0,"turns":4.0},{"damage":14.0,"enemies":"Spheric Guardian","floor":19.0,"turns":4.0},{"damage":13.0,"enemies":"Shelled Parasite and Fungi","floor":20.0,"turns":6.0},{"damage":0.0,"enemies":"Centurion and Healer","floor":21.0,"turns":5.0},{"damage":2.0,"enemies":"Cultist and Chosen","floor":22.0,"turns":5.0},{"damage":0.0,"enemies":"Snake Plant","floor":24.0,"turns":4.0},{"damage":8.0,"enemies":"Slavers","floor":25.0,"turns":6.0},{"damage":11.0,"enemies":"Champ","floor":33.0,"turns":10.0},{"damage":8.0,"enemies":"3 Darklings","floor":35.0,"turns":6.0},{"damage":7.0,"enemies":"3 Shapes","floor":36.0,"turns":3.0},{"damage":8.0,"enemies":"Spire Growth","floor":38.0,"turns":5.0},{"damage":4.0,"enemies":"Sphere and 2 Shapes","floor":39.0,"turns":4.0},{"damage":28.0,"enemies":"Nemesis","floor":40.0,"turns":9.0},{"damage":0.0,"enemies":"4 Shapes","floor":42.0,"turns":5.0},{"damage":12,"enemies":"Transient","floor":44,"turns":5},{"damage":3,"enemies":"Writhing Mass","floor":46,"turns":8},{"damage":0,"enemies":"Sphere and 2 Shapes","floor":48,"turns":4},{"damage":28,"enemies":"Awakened One","floor":50,"turns":10}],"seed_played":"-4296520947181851109","potions_obtained":[{"floor":4.0,"key":"Block Potion"},{"floor":11.0,"key":"PowerPotion"},{"floor":12.0,"key":"SpeedPotion"},{"floor":18.0,"key":"EssenceOfSteel"},{"floor":20.0,"key":"Block Potion"},{"floor":21.0,"key":"GhostInAJar"},{"floor":40.0,"key":"FearPotion"},{"floor":42.0,"key":"Weak Potion"},{"floor":46,"key":"GamblersBrew"}],"is_trial":false,"path_per_floor":["M","M","?","M","T","E","$","R","T","R","M","?","?","E","R","B",null,"M","M","M","M","M","R","M","E","T","?","?","?","R","$","R","B",null,"M","M","?","M","M","E","R","M","T","M","?","M","$","M","R","B",null],"character_chosen":"THE_SILENT","items_purchased":["Noxious Fumes","Backstab","Fire Potion","Toolbox","Regal Pillow","Footwork"],"campfire_rested":6,"item_purchase_floors":[7,7,7,31,47,47],"current_hp_per_floor":[54,54,43,30,30,7,7,28,28,49,49,48,48,48,48,31,60,59,45,32,32,30,30,30,22,22,6,6,6,27,27,48,37,62,54,47,47,39,35,7,28,28,28,16,16,13,13,13,49,21],"gold":40,"neow_bonus":"ONE_RANDOM_RARE_CARD","is_prod":false,"is_daily":false,"chose_seed":false,"campfire_upgraded":2,"win_rate":0,"timestamp":1566723956,"path_taken":["M","M","?","M","?","E","$","R","T","R","M","?","?","E","R","BOSS","M","M","M","M","M","R","M","E","T","?","?","?","R","$","R","BOSS","M","M","?","?","M","E","R","M","T","M","?","M","$","M","R","BOSS"],"build_version":"2019-07-17","purchased_purges":2,"victory":true,"max_hp_per_floor":[70,70,70,70,70,70,70,70,70,70,70,70,70,70,70,70,70,70,70,70,70,70,70,70,70,70,70,70,70,70,70,70,70,70,70,70,70,70,70,70,70,70,70,70,70,70,70,70,70,70],"card_choices":[{"not_picked":["Prepared","Cloak And Dagger"],"picked":"Poisoned Stab","floor":1.0},{"not_picked":["Backflip","Setup"],"picked":"Well Laid Plans","floor":2.0},{"not_picked":["Blade Dance","Dodge and Roll"],"picked":"Riddle With Holes","floor":4.0},{"not_picked":["Dagger Throw","Accuracy"],"picked":"Dagger Spray","floor":6.0},{"not_picked":["Dagger Spray","Cloak And Dagger"],"picked":"Glass Knife","floor":11.0},{"not_picked":["Backflip","Underhanded Strike"],"picked":"Bane","floor":12.0},{"not_picked":["Cloak And Dagger","Concentrate"],"picked":"Calculated Gamble","floor":14.0},{"not_picked":["Tools of the Trade","Burst"],"picked":"Malaise","floor":16.0},{"not_picked":["Dagger Throw+1","Poisoned Stab"],"picked":"Well Laid Plans","floor":18.0},{"not_picked":["Flying Knee","Reflex"],"picked":"Noxious Fumes","floor":19.0},{"not_picked":["Flying Knee","Reflex"],"picked":"Cloak And Dagger","floor":20.0},{"not_picked":["Blur","Storm of Steel"],"picked":"Deadly Poison","floor":21.0},{"not_picked":["Bouncing Flask","Underhanded Strike"],"picked":"Footwork","floor":22.0},{"not_picked":["Quick Slash","Prepared"],"picked":"Cloak And Dagger","floor":24.0},{"not_picked":["Infinite Blades+1","Prepared","Poisoned Stab"],"picked":"SKIP","floor":25.0},{"not_picked":["Malaise","Grand Finale"],"picked":"Adrenaline","floor":33.0},{"not_picked":["Tactician"],"picked":"SKIP","floor":35.0},{"not_picked":[],"picked":"Deflect+1","floor":36.0},{"not_picked":[],"picked":"Dodge and Roll+1","floor":38.0},{"not_picked":[],"picked":"Bouncing Flask","floor":39.0},{"not_picked":[],"picked":"Acrobatics","floor":40.0},{"not_picked":["Dagger Throw+1","Slice"],"picked":"SKIP","floor":42.0},{"not_picked":["Deflect","Slice+1"],"picked":"SKIP","floor":44},{"not_picked":["Envenom"],"picked":"Catalyst","floor":46},{"not_picked":["Noxious Fumes","Sucker Punch"],"picked":"SKIP","floor":48}],"player_experience":704508,"relics_obtained":[{"floor":5.0,"key":"War Paint"},{"floor":6.0,"key":"The Specimen"},{"floor":9.0,"key":"Anchor"},{"floor":12.0,"key":"Odd Mushroom"},{"floor":14.0,"key":"Bronze Scales"},{"floor":25.0,"key":"Art of War"},{"floor":26.0,"key":"Bag of Preparation"},{"floor":27.0,"key":"Nilry\u0027s Codex"},{"floor":40.0,"key":"Question Card"},{"floor":43.0,"key":"Mummified Hand"}],"event_choices":[{"damage_healed":0.0,"max_hp_gain":0.0,"max_hp_loss":0.0,"gold_gain":75.0,"event_name":"World of Goop","player_choice":"Gather Gold","floor":3.0,"gold_loss":0.0,"damage_taken":11.0},{"damage_healed":0.0,"max_hp_gain":0.0,"max_hp_loss":0.0,"gold_gain":0.0,"event_name":"Mushrooms","player_choice":"Fought Mushrooms","floor":12.0,"gold_loss":0.0,"damage_taken":0.0},{"cards_removed":["Strike_G"],"damage_healed":0.0,"max_hp_gain":0.0,"max_hp_loss":0.0,"gold_gain":0.0,"event_name":"The Cleric","player_choice":"Card Removal","floor":13.0,"gold_loss":50.0,"damage_taken":0.0},{"damage_healed":0.0,"max_hp_gain":0.0,"max_hp_loss":0.0,"gold_gain":0.0,"event_name":"Cursed Tome","player_choice":"Obtained Book","floor":27.0,"gold_loss":0.0,"damage_taken":16.0},{"damage_healed":0.0,"max_hp_gain":0.0,"max_hp_loss":0.0,"gold_gain":0.0,"event_name":"The Mausoleum","player_choice":"Opened","floor":28.0,"gold_loss":0.0,"damage_taken":0.0,"relics_obtained":["Letter Opener"]},{"damage_healed":0.0,"max_hp_gain":0.0,"max_hp_loss":0.0,"gold_gain":0.0,"event_name":"Back to Basics","player_choice":"Simplicity","floor":29.0,"gold_loss":0.0,"damage_taken":0.0,"cards_upgraded":["Strike_G","Strike_G","Strike_G","Defend_G","Defend_G","Defend_G","Defend_G"]},{"damage_healed":0.0,"max_hp_gain":0.0,"max_hp_loss":0.0,"gold_gain":0.0,"event_name":"Upgrade Shrine","player_choice":"Upgraded","floor":37.0,"gold_loss":0.0,"damage_taken":0.0,"cards_upgraded":["Malaise"]},{"cards_removed":["Strike_G"],"damage_healed":0,"gold_gain":0,"player_choice":"Removed Attack","damage_taken":0,"max_hp_gain":0,"max_hp_loss":0,"event_name":"Falling","floor":45,"gold_loss":0}],"is_beta":false,"boss_relics":[{"not_picked":["Pandora\u0027s Box","Empty Cage"],"picked":"Cursed Key"},{"not_picked":["HoveringKite","Calling Bell"],"picked":"Busted Crown"}],"items_purged_floors":[7,47],"is_endless":false,"potions_floor_spawned":[4,11,12,14,18,20,21,40,42,46],"ascension_level":13}