{"gold_per_floor":[110,11,27,1,1,1,30,30,56,84,84,95,112,132,132,231,231,249,249,269,14,31,31,7,7,7,7,23,23,56,72,72,72],"floor_reached":33,"playtime":1931,"items_purged":["Strike_R","Defend_R"],"score":300,"play_id":"91b51ee7-36eb-4496-9c9d-32d0167270ce","local_time":"20190727202834","is_ascension_mode":false,"campfire_choices":[{"data":"Bash","floor":6,"key":"SMITH"},{"data":"Dropkick","floor":8,"key":"SMITH"},{"data":"Flame Barrier","floor":11,"key":"SMITH"},{"data":"Seeing Red","floor":15,"key":"SMITH"},{"data":"Second Wind","floor":23,"key":"SMITH"},{"data":"Dropkick","floor":29,"key":"SMITH"},{"data":"Cleave","floor":32,"key":"SMITH"}],"neow_cost":"NONE","seed_source_timestamp":1521913282104764,"circlet_count":0,"master_deck":["Strike_R","Strike_R","Strike_R","Defend_R","Defend_R","Defend_R","Bash+1","Seeing Red+1","Shrug It Off","Dropkick+1","Shrug It Off","Second Wind+1","Flame Barrier+1","Offering","Dropkick+1","Cleave+1"],"relics":["Burning Blood","NeowsBlessing","Art of War","Oddly Smooth Stone","Bottled Lightning","Black Star","MutagenicStrength","Membership Card","Meat on the Bone","Molten Egg 2","Ancient Tea Set","Darkstone Periapt"],"potions_floor_usage":[30,33,33,33],"damage_taken":[{"damage":0,"enemies":"Jaw Worm","floor":1,"turns":1},{"damage":0,"enemies":"2 Louse","floor":3,"turns":1},{"damage":0,"enemies":"Lagavulin","floor":7,"turns":1},{"damage":23,"enemies":"Gremlin Nob","floor":10,"turns":5},{"damage":1,"enemies":"Small Slimes","floor":12,"turns":3},{"damage":0,"enemies":"Exordium Thugs","floor":13,"turns":6},{"damage":1,"enemies":"Blue Slaver","floor":14,"turns":4},{"damage":72,"enemies":"The Guardian","floor":16,"turns":15},{"damage":6,"enemies":"3 Byrds","floor":18,"turns":6},{"damage":6,"enemies":"Shell Parasite","floor":20,"turns":4},{"damage":40,"enemies":"Shelled Parasite and Fungi","floor":22,"turns":7},{"damage":6,"enemies":"Centurion and Healer","floor":28,"turns":4},{"damage":13,"enemies":"Gremlin Leader","floor":30,"turns":6},{"damage":6,"enemies":"Snake Plant","floor":31,"turns":2},{"damage":64,"enemies":"Automaton","floor":33,"turns":6}],"seed_played":"-5927411491505099405","potions_obtained":[{"floor":1,"key":"Dexterity Potion"},{"floor":7,"key":"Strength Potion"},{"floor":10,"key":"Fire Potion"},{"floor":20,"key":"FearPotion"},{"floor":30,"key":"Fire Potion"}],"is_trial":false,"path_per_floor":["M","$","M","$","?","R","E","R","T","E","R","M","M","M","R","B",null,"M","?","M","$","M","R","$","?","T","T","M","R","E","M","R","B"],"character_chosen":"IRONCLAD","items_purchased":["Shrug It Off","Shrug It Off","Membership Card","Cleave"],"campfire_rested":0,"item_purchase_floors":[2,4,21,24],"current_hp_per_floor":[80,80,80,80,73,73,79,79,79,62,62,67,73,78,78,12,80,80,80,80,80,46,46,46,46,46,46,58,58,51,51,51,0],"gold":72,"neow_bonus":"THREE_ENEMY_KILL","is_prod":false,"is_daily":false,"chose_seed":false,"campfire_upgraded":7,"win_rate":0,"timestamp":1564277314,"path_taken":["M","$","M","$","?","R","E","R","T","E","R","M","M","M","R","BOSS","M","?","M","$","M","R","$","?","T","?","M","R","E","M","R","BOSS"],"build_version":"2019-07-17","purchased_purges":2,"victory":false,"max_hp_per_floor":[80,80,80,80,80,80,80,80,80,80,80,80,80,80,80,80,80,80,80,80,80,80,80,80,80,80,80,80,80,80,80,80,80],"card_choices":[{"not_picked":["Battle Trance","Wild Strike"],"picked":"Seeing Red","floor":1},{"not_picked":["Second Wind","Wild Strike"],"picked":"Dropkick","floor":3},{"not_picked":["Clash","Warcry"],"picked":"Second Wind","floor":7},{"not_picked":["Heavy Blade","Sword Boomerang"],"picked":"Flame Barrier","floor":10},{"not_picked":["Headbutt","Perfected Strike","Sword Boomerang"],"picked":"SKIP","floor":12},{"not_picked":["Clash","Shockwave","Body Slam"],"picked":"SKIP","floor":13},{"not_picked":["Iron Wave","Anger","Sentinel"],"picked":"SKIP","floor":14},{"not_picked":["Feed","Bludgeon"],"picked":"Offering","floor":16},{"not_picked":["Pommel Strike","Combust","Clothesline"],"picked":"SKIP","floor":18},{"not_picked":["Disarm","Warcry","Flex"],"picked":"SKIP","floor":20},{"not_picked":["Shrug It Off","Battle Trance"],"picked":"Dropkick","floor":22},{"not_picked":["Perfected Strike+1","Sword Boomerang+1","Clash+1"],"picked":"SKIP","floor":28},{"not_picked":["Bloodletting","Entrench","Armaments"],"picked":"SKIP","floor":30},{"not_picked":["Flex","Iron Wave+1","Anger+1"],"picked":"SKIP","floor":31}],"player_experience":912340,"relics_obtained":[{"floor":7,"key":"Art of War"},{"floor":9,"key":"Oddly Smooth Stone"},{"floor":10,"key":"Bottled Lightning"},{"floor":26,"key":"Meat on the Bone"},{"floor":27,"key":"Molten Egg 2"},{"floor":30,"key":"Ancient Tea Set"},{"floor":30,"key":"Darkstone Periapt"}],"event_choices":[{"cards_removed":["Strike_R"],"damage_healed":0,"gold_gain":0,"player_choice":"Card Removal","damage_taken":7,"max_hp_gain":0,"max_hp_loss":0,"event_name":"Golden Wing","floor":5,"gold_loss":0},{"damage_healed":0,"gold_gain":0,"player_choice":"Inject Mutagens","damage_taken":0,"relics_obtained":["MutagenicStrength"],"max_hp_gain":0,"max_hp_loss":0,"event_name":"Drug Dealer","floor":19,"gold_loss":0}],"is_beta":false,"boss_relics":[{"not_picked":["Eternal Feather","Calling Bell"],"picked":"Black Star"}],"items_purged_floors":[2,21],"is_endless":false,"potions_floor_spawned":[1,7,10,12,20,30,31],"killed_by":"Automaton","ascension_level":0}