{"gold_per_floor":[116,136,136,136,146,146,181,192,192,253,276,276,296,296,296,372,372,385,300,319,130,130,156,156,185,185,46,46,59,59,72,72,144,144,154,166,184,41,54,54,67,67,93,0,14,29,42,42,42,42],"floor_reached":51,"playtime":1941,"items_purged":["Regret"],"score":1186,"play_id":"0cbb2343-c5ab-4f06-8559-166966abdfae","local_time":"20190818182206","is_ascension_mode":true,"campfire_choices":[{"data":"Zap","floor":6.0,"key":"SMITH"},{"floor":12.0,"key":"REST"},{"floor":15.0,"key":"REST"},{"floor":24,"key":"REST"},{"floor":30,"key":"REST"},{"data":"Defragment","floor":32,"key":"SMITH"},{"data":"Echo Form","floor":40,"key":"SMITH"},{"floor":42,"key":"REST"},{"data":"Echo Form","floor":49,"key":"SMITH"}],"neow_cost":"NONE","seed_source_timestamp":248045235088100,"circlet_count":0,"master_deck":["AscendersBane","Strike_B","Strike_B","Strike_B","Strike_B","Defend_B","Defend_B","Defend_B+1","Defend_B","Zap+1","Dualcast","Sunder+1","Coolheaded+1","Reinforced Body","Go for the Eyes","Ball Lightning","Defragment","Echo Form+1","Leap+1","Self Repair","White Noise+1","Coolheaded+1","Defragment+1","Go for the Eyes+1","Cold Snap","Echo Form+1","Ball Lightning+1","Ball Lightning","Recycle+1","Conserve Battery+1","Compile Driver"],"special_seed":0,"relics":["Cracked Core","Shuriken","Matryoshka","Strawberry","Toxic Egg 2","Tiny Chest","PreservedInsect","Bronze Scales","Snecko Eye","Ice Cream","Dodecahedron","Cables","Ancient Tea Set","Sundial","Lizard Tail","Anchor","Dream Catcher","Red Mask","Frozen Egg 2"],"potions_floor_usage":[25,29,33,39,50,50],"damage_taken":[{"damage":7.0,"enemies":"Jaw Worm","floor":1.0,"turns":3.0},{"damage":2.0,"enemies":"2 Louse","floor":2.0,"turns":2.0},{"damage":0.0,"enemies":"Small Slimes","floor":5.0,"turns":1.0},{"damage":24.0,"enemies":"Gremlin Nob","floor":7.0,"turns":4.0},{"damage":2.0,"enemies":"Exordium Thugs","floor":8.0,"turns":3.0},{"damage":23.0,"enemies":"Lagavulin","floor":10.0,"turns":5.0},{"damage":3.0,"enemies":"Blue Slaver","floor":13.0,"turns":3.0},{"damage":11.0,"enemies":"Slime Boss","floor":16.0,"turns":9.0},{"damage":12.0,"enemies":"Chosen","floor":18.0,"turns":3.0},{"damage":23.0,"enemies":"2 Thieves","floor":20.0,"turns":4.0},{"damage":35,"enemies":"Book of Stabbing","floor":23,"turns":4},{"damage":15,"enemies":"Gremlin Leader","floor":25,"turns":5},{"damage":23,"enemies":"Centurion and Healer","floor":29,"turns":6},{"damage":4,"enemies":"Sentry and Sphere","floor":31,"turns":4},{"damage":15,"enemies":"Automaton","floor":33,"turns":10},{"damage":16,"enemies":"Orb Walker","floor":35,"turns":4},{"damage":8,"enemies":"3 Shapes","floor":36,"turns":4},{"damage":36,"enemies":"Transient","floor":37,"turns":5},{"damage":15,"enemies":"Sphere and 2 Shapes","floor":39,"turns":8},{"damage":2,"enemies":"Spire Growth","floor":41,"turns":4},{"damage":0,"enemies":"4 Shapes","floor":45,"turns":3},{"damage":11,"enemies":"3 Darklings","floor":46,"turns":5},{"damage":20,"enemies":"Sphere and 2 Shapes","floor":47,"turns":4},{"damage":9,"enemies":"Donu and Deca","floor":50,"turns":9}],"seed_played":"-8812942526985973518","potions_obtained":[{"floor":1.0,"key":"FocusPotion"},{"floor":5.0,"key":"Block Potion"},{"floor":10.0,"key":"Explosive Potion"},{"floor":23,"key":"GamblersBrew"},{"floor":29,"key":"SteroidPotion"},{"floor":33,"key":"Weak Potion"},{"floor":36,"key":"Block Potion"},{"floor":45,"key":"Energy Potion"},{"floor":46,"key":"SkillPotion"}],"is_trial":false,"path_per_floor":["M","M","?","?","M","R","E","M","T","E","T","R","M","?","R","B",null,"M","?","M","$","T","E","R","E","T","$","?","M","R","M","R","B",null,"M","M","M","$","M","R","M","R","T","?","M","M","M","T","R","B",null],"character_chosen":"DEFECT","items_purchased":["Self Repair","White Noise+1","Regen Potion","Defragment","Anchor"],"campfire_rested":5,"item_purchase_floors":[21,21,27,27,38],"current_hp_per_floor":[64,62,62,62,62,62,38,36,43,20,20,45,42,16,41,30,71,59,59,36,36,36,15,40,32,32,32,32,38,63,66,66,58,78,69,68,39,39,38,38,43,68,68,68,82,71,65,65,65,56],"gold":42,"neow_bonus":"TEN_PERCENT_HP_BONUS","is_prod":false,"is_daily":false,"chose_seed":false,"campfire_upgraded":4,"win_rate":0,"timestamp":1566120126,"path_taken":["M","M","?","?","M","R","E","M","T","E","?","R","M","?","R","BOSS","M","?","M","$","?","E","R","E","T","?","?","M","R","M","R","BOSS","M","M","M","$","M","R","M","R","T","?","M","M","M","?","R","BOSS"],"build_version":"2019-07-17","purchased_purges":1,"victory":true,"max_hp_per_floor":[78,78,78,78,78,78,78,78,85,85,85,85,85,85,85,85,85,85,85,85,85,85,85,85,85,85,85,85,85,85,85,85,85,85,85,85,85,85,85,85,85,85,85,85,85,85,85,85,85,85],"card_choices":[{"not_picked":["Reprogram","Turbo","Gash"],"picked":"SKIP","floor":1.0},{"not_picked":["Defragment","Go for the Eyes"],"picked":"Sunder","floor":2.0},{"not_picked":["Stack","Tempest"],"picked":"Coolheaded","floor":5.0},{"not_picked":["Reprogram","Redo"],"picked":"Reinforced Body","floor":7.0},{"not_picked":["Barrage","Rebound"],"picked":"Go for the Eyes","floor":8.0},{"not_picked":["Barrage","Beam Cell"],"picked":"Ball Lightning","floor":10.0},{"not_picked":["Streamline","Rebound"],"picked":"Defragment","floor":13.0},{"not_picked":["Reboot+1","Multi-Cast+1"],"picked":"Echo Form","floor":16.0},{"not_picked":["Aggregate+1","Compile Driver"],"picked":"Leap+1","floor":18.0},{"not_picked":["Sweeping Beam","Heatsinks","Genetic Algorithm+1"],"picked":"SKIP","floor":20.0},{"not_picked":["Stack+1","FTL","Streamline"],"picked":"SKIP","floor":23},{"not_picked":["All For One","Turbo+1"],"picked":"Coolheaded+1","floor":25},{"not_picked":["Barrage+1","Rebound"],"picked":"Go for the Eyes+1","floor":29},{"not_picked":["Scrape","Compile Driver"],"picked":"Cold Snap","floor":31},{"not_picked":["Biased Cognition","Core Surge"],"picked":"Echo Form","floor":33},{"not_picked":["Loop","Go for the Eyes+1","Hologram+1"],"picked":"SKIP","floor":35},{"not_picked":["Chaos+1","Loop"],"picked":"Ball Lightning+1","floor":36},{"not_picked":["Steam Power+1","Turbo+1","Gash"],"picked":"SKIP","floor":37},{"not_picked":["Steam+1","Heatsinks"],"picked":"Ball Lightning","floor":39},{"not_picked":["Turbo+1","Auto Shields+1"],"picked":"Recycle+1","floor":41},{"not_picked":["Coolheaded+1","Turbo+1"],"picked":"Conserve Battery+1","floor":45},{"not_picked":["Steam+1","Hologram+1","Turbo+1"],"picked":"SKIP","floor":46},{"not_picked":["Barrage","Force Field+1"],"picked":"Compile Driver","floor":47}],"player_experience":194648,"relics_obtained":[{"floor":7.0,"key":"Matryoshka"},{"floor":9.0,"key":"Strawberry"},{"floor":9.0,"key":"Toxic Egg 2"},{"floor":10.0,"key":"Tiny Chest"},{"floor":11.0,"key":"PreservedInsect"},{"floor":11.0,"key":"Bronze Scales"},{"floor":22.0,"key":"Dodecahedron"},{"floor":23,"key":"Cables"},{"floor":25,"key":"Ancient Tea Set"},{"floor":26,"key":"Sundial"},{"floor":43,"key":"Dream Catcher"},{"floor":48,"key":"Frozen Egg 2"}],"event_choices":[{"damage_healed":0.0,"max_hp_gain":0.0,"max_hp_loss":0.0,"gold_gain":0.0,"event_name":"Living Wall","player_choice":"Grow","floor":3.0,"gold_loss":0.0,"damage_taken":0.0,"cards_upgraded":["Sunder"]},{"damage_healed":0.0,"max_hp_gain":0.0,"max_hp_loss":0.0,"gold_gain":0.0,"event_name":"Big Fish","player_choice":"Box","floor":4.0,"gold_loss":0.0,"damage_taken":0.0,"relics_obtained":["Shuriken"],"cards_obtained":["Regret"]},{"damage_healed":0.0,"max_hp_gain":0.0,"max_hp_loss":0.0,"gold_gain":0.0,"event_name":"Shining Light","player_choice":"Entered Light","floor":14.0,"gold_loss":0.0,"damage_taken":26.0,"cards_upgraded":["Defend_B","Coolheaded"]},{"damage_healed":0.0,"max_hp_gain":0.0,"max_hp_loss":0.0,"gold_gain":0.0,"event_name":"Addict","player_choice":"Obtained Relic","floor":19.0,"gold_loss":85.0,"damage_taken":0.0,"relics_obtained":["Ice Cream"]},{"damage_healed":0,"gold_gain":0,"player_choice":"Ignored","damage_taken":0,"max_hp_gain":0,"max_hp_loss":0,"event_name":"Ghosts","floor":28,"gold_loss":0},{"damage_healed":0,"gold_gain":0,"player_choice":"Paid","damage_taken":0,"relics_obtained":["Red Mask"],"max_hp_gain":0,"max_hp_loss":0,"event_name":"Tomb of Lord Red Mask","floor":44,"gold_loss":93}],"is_beta":false,"boss_relics":[{"not_picked":["Coffee Dripper","Ectoplasm"],"picked":"Snecko Eye"},{"not_picked":["White Beast Statue","Empty Cage"],"picked":"Lizard Tail"}],"items_purged_floors":[21],"is_endless":false,"potions_floor_spawned":[1,5,10,23,29,33,36,45,46],"ascension_level":15}