{"gold_per_floor":[111,130,55,20,31,31,31,60,60,77,91,91,121,71,71,145,145,162,38,52,69,83,83,83,115,115,40,40,40,40,57,57,128,128,142,92,92,42,42,42,57,72,72,85,85],"floor_reached":45,"playtime":2368,"items_purged":["Strike_G","Defend_G","Strike_G","Decay","Catalyst+1"],"score":887,"play_id":"ad140fd9-8ec4-44ca-b0ef-d323ab92e1c4","local_time":"20190712194055","is_ascension_mode":true,"campfire_choices":[{"data":"Flechettes","floor":6,"key":"SMITH"},{"data":"Dagger Spray","floor":12,"key":"SMITH"},{"data":"Flechettes","floor":15,"key":"SMITH"},{"data":"Footwork","floor":23,"key":"SMITH"},{"data":"RitualDagger","floor":28,"key":"SMITH"},{"floor":32,"key":"REST"},{"data":"Glass Knife","floor":40,"key":"SMITH"}],"neow_cost":"NONE","seed_source_timestamp":222612753945175,"circlet_count":0,"master_deck":["AscendersBane","Defend_G","Defend_G","Survivor","Neutralize","Flechettes+1","Dagger Spray+1","PiercingWail","Concentrate","PiercingWail","Flechettes+1","Bullet Time","Footwork+1","Poisoned Stab","RitualDagger+1","Predator","Glass Knife+1","Glass Knife+1","Terror+1","Bouncing Flask","Deflect+1"],"relics":["Runic Pyramid","Pear","Pen Nib","Mercury Hourglass","Smiling Mask","Busted Crown","Paper Crane","Sundial","Astrolabe","Bronze Scales"],"potions_floor_usage":[11,21,25,25,33],"damage_taken":[{"damage":2,"enemies":"Jaw Worm","floor":1,"turns":5},{"damage":7,"enemies":"2 Louse","floor":2,"turns":3},{"damage":1,"enemies":"Cultist","floor":5,"turns":4},{"damage":24,"enemies":"Gremlin Nob","floor":8,"turns":4},{"damage":0,"enemies":"Large Slime","floor":10,"turns":3},{"damage":7,"enemies":"Exordium Wildlife","floor":11,"turns":3},{"damage":9,"enemies":"Lagavulin","floor":13,"turns":7},{"damage":0,"enemies":"Slime Boss","floor":16,"turns":6},{"damage":1,"enemies":"Spheric Guardian","floor":18,"turns":3},{"damage":0,"enemies":"3 Byrds","floor":20,"turns":4},{"damage":0,"enemies":"Sentry and Sphere","floor":21,"turns":3},{"damage":21,"enemies":"Centurion and Healer","floor":22,"turns":7},{"damage":8,"enemies":"Gremlin Leader","floor":25,"turns":6},{"damage":2,"enemies":"3 Cultists","floor":31,"turns":4},{"damage":44,"enemies":"Collector","floor":33,"turns":9},{"damage":43,"enemies":"3 Darklings","floor":35,"turns":5},{"damage":0,"enemies":"Orb Walker","floor":41,"turns":2},{"damage":39,"enemies":"Sphere and 2 Shapes","floor":42,"turns":9},{"damage":30,"enemies":"4 Shapes","floor":44,"turns":3},{"damage":22,"enemies":"Writhing Mass","floor":45,"turns":1}],"seed_played":"8571153284607108734","potions_obtained":[{"floor":2,"key":"Explosive Potion"},{"floor":5,"key":"SneckoOil"},{"floor":10,"key":"Block Potion"},{"floor":20,"key":"LiquidBronze"},{"floor":21,"key":"EssenceOfSteel"},{"floor":25,"key":"GamblersBrew"},{"floor":41,"key":"Ancient Potion"},{"floor":44,"key":"SpeedPotion"}],"is_trial":false,"path_per_floor":["M","M","$","?","M","R","T","E","T","M","M","R","E","$","R","B",null,"M","$","M","M","M","R","?","E","T","?","R","?","$","M","R","B",null,"M","$","?","$","?","R","M","M","T","M","M"],"character_chosen":"THE_SILENT","items_purchased":["Footwork"],"campfire_rested":1,"item_purchase_floors":[19],"current_hp_per_floor":[57,50,50,66,65,65,75,51,51,51,44,44,35,35,35,35,66,65,65,65,65,44,44,38,30,30,30,30,30,30,28,50,6,59,16,16,16,16,76,76,76,37,37,7,0],"gold":85,"neow_bonus":"BOSS_RELIC","is_prod":false,"is_daily":false,"chose_seed":false,"campfire_upgraded":6,"win_rate":0,"timestamp":1562978455,"path_taken":["M","M","$","?","M","R","?","E","T","M","M","R","E","$","R","BOSS","M","$","M","M","M","R","?","E","T","?","R","?","?","M","R","BOSS","M","$","?","$","?","R","M","?","T","M","M"],"build_version":"2019-07-05","purchased_purges":5,"victory":false,"max_hp_per_floor":[66,66,66,66,66,66,76,76,76,76,76,76,76,76,76,76,76,76,76,76,76,76,76,76,76,76,76,76,76,76,76,76,76,76,76,76,76,76,76,76,76,76,76,76,76],"card_choices":[{"not_picked":["Slice","Bane"],"picked":"Flechettes","floor":1},{"not_picked":["Well Laid Plans","Quick Slash"],"picked":"Dagger Spray","floor":2},{"not_picked":["Slice","Underhanded Strike"],"picked":"PiercingWail","floor":5},{"not_picked":["Quick Slash","Wraith Form v2"],"picked":"Concentrate","floor":8},{"not_picked":["PiercingWail","Endless Agony","Deadly Poison"],"picked":"SKIP","floor":10},{"not_picked":["Prepared","Acrobatics"],"picked":"PiercingWail","floor":11},{"not_picked":["Sucker Punch","All Out Attack"],"picked":"Flechettes","floor":13},{"not_picked":["Tools of the Trade","Corpse Explosion"],"picked":"Bullet Time","floor":16},{"not_picked":["Escape Plan"],"picked":"SKIP","floor":18},{"not_picked":["Noxious Fumes"],"picked":"SKIP","floor":20},{"not_picked":["Cloak And Dagger"],"picked":"SKIP","floor":21},{"not_picked":[],"picked":"Poisoned Stab","floor":22},{"not_picked":["Quick Slash"],"picked":"SKIP","floor":25},{"not_picked":[],"picked":"Predator","floor":31},{"not_picked":[],"picked":"Glass Knife","floor":33},{"not_picked":["Flying Knee+1"],"picked":"SKIP","floor":35},{"not_picked":["Sucker Punch+1"],"picked":"SKIP","floor":41},{"not_picked":[],"picked":"Bouncing Flask","floor":42},{"not_picked":[],"picked":"Deflect+1","floor":44}],"player_experience":854333,"relics_obtained":[{"floor":7,"key":"Pear"},{"floor":8,"key":"Pen Nib"},{"floor":9,"key":"Mercury Hourglass"},{"floor":13,"key":"Smiling Mask"},{"floor":25,"key":"Paper Crane"},{"floor":26,"key":"Sundial"},{"floor":43,"key":"Bronze Scales"}],"event_choices":[{"damage_healed":16,"gold_gain":0,"player_choice":"Healed","damage_taken":0,"max_hp_gain":0,"max_hp_loss":0,"event_name":"The Cleric","floor":4,"gold_loss":35},{"damage_healed":0,"gold_gain":0,"player_choice":"Joined the Cult","damage_taken":6,"max_hp_gain":0,"max_hp_loss":0,"event_name":"Nest","floor":24,"gold_loss":0,"cards_obtained":["RitualDagger"]},{"cards_removed":["Strike_G"],"damage_healed":0,"gold_gain":0,"player_choice":"Gave Gold","damage_taken":0,"max_hp_gain":0,"max_hp_loss":0,"event_name":"Beggar","floor":27,"gold_loss":75},{"damage_healed":0,"gold_gain":0,"player_choice":"Smashed Altar","damage_taken":0,"max_hp_gain":0,"max_hp_loss":0,"event_name":"Forgotten Altar","floor":29,"gold_loss":0,"cards_obtained":["Decay"]},{"cards_removed":["Defend_G"],"damage_healed":0,"gold_gain":0,"player_choice":"Removed Skill","damage_taken":0,"max_hp_gain":0,"max_hp_loss":0,"event_name":"Falling","floor":37,"gold_loss":0},{"damage_healed":60,"gold_gain":0,"player_choice":"Full Heal","damage_taken":0,"max_hp_gain":0,"max_hp_loss":0,"event_name":"Wheel of Change","floor":39,"gold_loss":0}],"is_beta":false,"boss_relics":[{"not_picked":["White Beast Statue","Pandora\u0027s Box"],"picked":"Busted Crown"},{"not_picked":["Cursed Key","Tiny House"],"picked":"Astrolabe"}],"items_purged_floors":[3,14,19,36,38],"is_endless":false,"potions_floor_spawned":[2,5,10,20,21,25,41,44],"killed_by":"Writhing Mass","ascension_level":16}