{"gold_per_floor":[115,125,26,40,58,58,32,32,83,83,112,125,160,229,229,325,325,341,46,66,66,76,76,107,107,134,154,154,164,164,164,164,266,266,277,277,277,59,73,73,0,25,72,72,100,154,84,84,84,84],"floor_reached":51,"playtime":1982,"items_purged":["Defend_B"],"score":1166,"play_id":"1145a200-f9e9-469e-bfb7-f95a2d38ea9f","local_time":"20180704011000","is_ascension_mode":true,"campfire_choices":[{"data":"Doom and Gloom","floor":6.0,"key":"SMITH"},{"data":"Ball Lightning","floor":8.0,"key":"SMITH"},{"data":"Coolheaded","floor":10.0,"key":"SMITH"},{"data":"Go for the Eyes","floor":15.0,"key":"SMITH"},{"data":"Hello World","floor":23.0,"key":"SMITH"},{"floor":28.0,"key":"REST"},{"data":"Ghostly","floor":30.0,"key":"SMITH"},{"data":"Ghostly","floor":32.0,"key":"SMITH"},{"data":"Ghostly","floor":40,"key":"SMITH"},{"data":"Ghostly","floor":44,"key":"SMITH"},{"floor":49,"key":"REST"}],"neow_cost":"","seed_source_timestamp":84959698635815,"circlet_count":0,"master_deck":["Strike_B","Strike_B","Strike_B","Strike_B","Defend_B","Defend_B","Zap","Dualcast","AscendersBane","Coolheaded+1","Leap","Redo","Doom and Gloom+1","Ball Lightning+1","Go for the Eyes+1","Seek","Hello World+1","Doom and Gloom","Chill","Ghostly+1","Ghostly+1","Ghostly+1","Ghostly+1","Ghostly","Echo Form","Meteor Strike","Creative AI","Skim","Loop","Sweeping Beam","Finesse","Coolheaded","Force Field+1","Defragment"],"special_seed":0,"relics":["Runic Dome","Potion Belt","Anchor","Juzu Bracelet","Inserter","Cables","Ancient Tea Set","Omamori","Orichalcum","Busted Crown","Boot","Red Mask","Dream Catcher","Pen Nib","Blood Vial","Tiny Chest"],"potions_floor_usage":[50,50,50,50],"damage_taken":[{"damage":10.0,"enemies":"2 Louse","floor":1.0,"turns":2.0},{"damage":5.0,"enemies":"Jaw Worm","floor":2.0,"turns":4.0},{"damage":7.0,"enemies":"Small Slimes","floor":4.0,"turns":4.0},{"damage":3.0,"enemies":"Red Slaver","floor":5.0,"turns":5.0},{"damage":9.0,"enemies":"3 Sentries","floor":11.0,"turns":5.0},{"damage":0.0,"enemies":"3 Louse","floor":12.0,"turns":2.0},{"damage":1.0,"enemies":"Gremlin Nob","floor":13.0,"turns":3.0},{"damage":11.0,"enemies":"Hexaghost","floor":16.0,"turns":9.0},{"damage":2.0,"enemies":"Chosen","floor":18.0,"turns":4.0},{"damage":5.0,"enemies":"2 Thieves","floor":20.0,"turns":4.0},{"damage":10.0,"enemies":"Centurion and Healer","floor":22.0,"turns":7.0},{"damage":18.0,"enemies":"Slavers","floor":24.0,"turns":4.0},{"damage":6.0,"enemies":"Chosen and Byrds","floor":27.0,"turns":8.0},{"damage":0.0,"enemies":"3 Cultists","floor":29.0,"turns":5.0},{"damage":17.0,"enemies":"Collector","floor":33.0,"turns":14.0},{"damage":3.0,"enemies":"3 Darklings","floor":35.0,"turns":5.0},{"damage":1,"enemies":"3 Shapes","floor":39,"turns":3},{"damage":7,"enemies":"Nemesis","floor":42,"turns":9},{"damage":5,"enemies":"Giant Head","floor":45,"turns":9},{"damage":15,"enemies":"Donu and Deca","floor":50,"turns":12}],"seed_played":"7902628479558468661","potions_obtained":[{"floor":2.0,"key":"GamblersBrew"},{"floor":11.0,"key":"Strength Potion"},{"floor":13.0,"key":"GamblersBrew"},{"floor":24.0,"key":"Ancient Potion"},{"floor":27.0,"key":"LiquidBronze"}],"is_trial":false,"path_per_floor":["M","M","$","M","M","R","$","R","T","R","E","M","E","?","R","B",null,"M","$","M","T","M","R","E","?","T","M","R","M","R","?","R","B",null,"M","?","?","$","M","R","?","E","T","R","E","T","$","?","R","B"],"character_chosen":"DEFECT","items_purchased":["Leap","Ball Lightning","Cables","Doom and Gloom","Loop","Sweeping Beam","Finesse","Defragment"],"campfire_rested":2,"item_purchase_floors":[],"current_hp_per_floor":[58,53,53,46,43,43,43,43,43,43,34,34,33,33,33,22,62,60,60,55,55,45,45,27,27,27,21,32,32,32,32,32,15,32,29,29,29,29,28,28,28,21,21,21,16,16,16,16,27,14],"gold":84,"neow_bonus":"","is_prod":false,"is_daily":false,"chose_seed":false,"campfire_upgraded":9,"win_rate":0,"timestamp":1530691800,"path_taken":["M","M","$","M","M","R","$","R","T","R","E","M","E","?","R","BOSS","M","$","M","?","M","R","E","?","T","M","R","M","R","?","R","BOSS","M","?","?","?","M","R","?","E","T","R","E","?","$","?","R","BOSS"],"build_version":"2018-07-02","purchased_purges":1,"victory":true,"max_hp_per_floor":[75,75,75,75,75,75,75,75,75,75,75,75,75,75,75,75,75,75,75,75,75,75,75,75,37,37,37,37,37,37,37,37,37,37,37,37,37,37,37,37,37,37,37,37,37,37,37,37,37,37],"card_choices":[{"not_picked":["Barrage","Steam"],"picked":"Cold Snap","floor":1.0},{"not_picked":["Barrage","Stack"],"picked":"Coolheaded","floor":2.0},{"not_picked":["Undo","Beam Cell"],"picked":"Redo","floor":4.0},{"not_picked":["Ball Lightning","Go for the Eyes"],"picked":"Doom and Gloom","floor":5.0},{"not_picked":["Steam","Beam Cell"],"picked":"Go for the Eyes","floor":12.0},{"not_picked":["Amplify","Biased Cognition"],"picked":"Seek","floor":16.0},{"not_picked":["Double Energy","Steam"],"picked":"Hello World","floor":18.0},{"not_picked":["Sweeping Beam","Cold Snap"],"picked":"Chill","floor":24.0},{"not_picked":["Turbo","Beam Cell"],"picked":"Echo Form","floor":27.0},{"not_picked":["Biased Cognition","Meteor Strike"],"picked":"Creative AI","floor":33.0},{"not_picked":[],"picked":"Skim","floor":35.0},{"not_picked":[],"picked":"Coolheaded","floor":39},{"not_picked":["Fusion"],"picked":"SKIP","floor":42},{"not_picked":[],"picked":"Force Field+1","floor":45}],"player_experience":487548,"relics_obtained":[{"floor":9.0,"key":"Potion Belt"},{"floor":11.0,"key":"Anchor"},{"floor":13.0,"key":"Juzu Bracelet"},{"floor":21.0,"key":"Ancient Tea Set"},{"floor":24.0,"key":"Omamori"},{"floor":26.0,"key":"Orichalcum"},{"floor":42,"key":"Dream Catcher"},{"floor":43,"key":"Pen Nib"},{"floor":45,"key":"Blood Vial"},{"floor":46,"key":"Tiny Chest"}],"event_choices":[{"event_name":"Golden Wing","player_choice":"Gained Gold","floor":14.0,"damage_taken":0.0},{"event_name":"Ghosts","player_choice":"Became a Ghost","floor":25.0,"damage_taken":0.0},{"event_name":"Transmorgrifier","player_choice":"Transform","floor":31.0,"damage_taken":0.0},{"event_name":"Wheel of Change","player_choice":"Relic","floor":36.0,"damage_taken":0.0},{"event_name":"Falling","player_choice":"Removed Attack","floor":37.0,"damage_taken":0.0},{"event_name":"Tomb of Lord Red Mask","player_choice":"Paid","floor":41,"damage_taken":0},{"event_name":"The Woman in Blue","player_choice":"Bought 0 Potions","floor":48,"damage_taken":0}],"boss_relics":[{"not_picked":["Eternal Feather","Velvet Choker"],"picked":"Inserter"},{"not_picked":["Empty Cage","White Beast Statue"],"picked":"Busted Crown"}],"items_purged_floors":[],"is_endless":false,"potions_floor_spawned":[2,11,13,24,27,33,42],"ascension_level":11}