{"gold_per_floor":[117,34,34,34,34,34,62,95,95,95],"floor_reached":10,"playtime":304,"items_purged":[],"score":124,"play_id":"596993d6-d481-4d20-8f72-6617b68f65ec","local_time":"20190219202359","is_ascension_mode":true,"campfire_choices":[{"data":"Neutralize","floor":6,"key":"SMITH"}],"neow_cost":"TEN_PERCENT_HP_LOSS","seed_source_timestamp":9488963187360,"circlet_count":0,"master_deck":["AscendersBane","Defend_G","Defend_G","Defend_G","Defend_G","Defend_G","Strike_G","Strike_G","Strike_G+1","Strike_G","Strike_G","Survivor+1","Neutralize+1","Panacea","Panacea","Dagger Spray","Backstab","Quick Slash","Dagger Throw"],"relics":["Ring of the Snake","Golden Idol","Odd Mushroom","Omamori","Incense Burner"],"potions_floor_usage":[7,7,8],"damage_taken":[{"damage":2,"enemies":"Small Slimes","floor":1,"turns":4},{"damage":10,"enemies":"The Mushroom Lair","floor":7,"turns":6},{"damage":25,"enemies":"3 Sentries","floor":8,"turns":7},{"damage":20,"enemies":"Lagavulin","floor":10,"turns":3}],"seed_played":"765251884998236489","potions_obtained":[{"floor":1,"key":"EntropicBrew"},{"floor":8,"key":"SpeedPotion"}],"is_trial":false,"path_per_floor":["M","$","?","?","?","R","?","E","T","E"],"character_chosen":"THE_SILENT","items_purchased":["Backstab"],"campfire_rested":0,"item_purchase_floors":[2],"current_hp_per_floor":[57,57,57,39,39,39,29,19,19,0],"gold":95,"neow_bonus":"RANDOM_COLORLESS_2","is_prod":false,"is_daily":false,"chose_seed":false,"campfire_upgraded":1,"win_rate":0,"timestamp":1550636639,"path_taken":["M","$","?","?","?","R","?","E","T","E"],"build_version":"2019-02-06","purchased_purges":0,"victory":false,"max_hp_per_floor":[60,60,60,60,54,54,54,54,54,54],"card_choices":[{"not_picked":["Underhanded Strike","Accuracy"],"picked":"Dagger Spray","floor":1},{"not_picked":["Blade Dance","Outmaneuver"],"picked":"Quick Slash","floor":7},{"not_picked":["Infinite Blades","Doppelganger"],"picked":"Dagger Throw","floor":8}],"player_experience":1183156,"relics_obtained":[{"floor":7,"key":"Odd Mushroom"},{"floor":8,"key":"Omamori"},{"floor":9,"key":"Incense Burner"}],"event_choices":[{"damage_healed":0,"gold_gain":0,"player_choice":"Leave","damage_taken":0,"max_hp_gain":0,"max_hp_loss":0,"event_name":"The Cleric","floor":3,"gold_loss":0},{"damage_healed":0,"gold_gain":0,"player_choice":"Entered Light","damage_taken":18,"max_hp_gain":0,"max_hp_loss":0,"event_name":"Shining Light","floor":4,"gold_loss":0,"cards_upgraded":["Survivor","Strike_G"]},{"damage_healed":0,"gold_gain":0,"player_choice":"Lose Max HP","damage_taken":0,"relics_obtained":["Golden Idol"],"max_hp_gain":0,"max_hp_loss":6,"event_name":"Golden Idol","floor":5,"gold_loss":0},{"damage_healed":0,"gold_gain":0,"player_choice":"Fought Mushrooms","damage_taken":0,"max_hp_gain":0,"max_hp_loss":0,"event_name":"Mushrooms","floor":7,"gold_loss":0}],"is_beta":true,"boss_relics":[],"items_purged_floors":[],"is_endless":false,"potions_floor_spawned":[1,8],"killed_by":"Lagavulin","ascension_level":20}