{"gold_per_floor":[114,264,264,264,264,264,293,293,293,324,249,249,260,278,278,356,356,366,377,377,391,2,2,12,62,86,86,0,0,0],"floor_reached":30,"playtime":574,"items_purged":["Strike_B"],"score":568,"play_id":"6ce1cda2-3299-4827-bc22-397731c7964d","local_time":"20190228181435","is_ascension_mode":true,"campfire_choices":[{"data":"Streamline","floor":6,"key":"SMITH"},{"data":"Hello World","floor":8,"key":"SMITH"},{"data":"Dualcast","floor":15,"key":"SMITH"},{"data":"Hologram","floor":23,"key":"SMITH"},{"data":"Beam Cell","floor":27,"key":"SMITH"},{"data":"Coolheaded","floor":29,"key":"SMITH"}],"neow_cost":"NONE","seed_source_timestamp":3613192880313,"circlet_count":0,"master_deck":["AscendersBane","Strike_B","Strike_B","Strike_B","Defend_B+1","Defend_B","Defend_B","Defend_B","Zap+1","Dualcast+1","Hello World+1","Stack","Gash","Gash","Echo Form","Hologram+1","Glacier","Coolheaded","Capacitor","Leap","White Noise","Steam Power","Stack","Conserve Battery","Beam Cell+1","Coolheaded+1"],"relics":["Cracked Core","NeowsBlessing","Meat on the Bone","The Courier","Dodecahedron","PreservedInsect","Pear","Philosopher\u0027s Stone","Happy Flower","Boot"],"potions_floor_usage":[16,16,21,30],"damage_taken":[{"damage":0,"enemies":"Small Slimes","floor":1,"turns":1},{"damage":0,"enemies":"3 Sentries","floor":7,"turns":1},{"damage":0,"enemies":"Gremlin Nob","floor":10,"turns":1},{"damage":9,"enemies":"2 Louse","floor":13,"turns":2},{"damage":4,"enemies":"Jaw Worm","floor":14,"turns":2},{"damage":18,"enemies":"Slime Boss","floor":16,"turns":7},{"damage":47,"enemies":"3 Byrds","floor":18,"turns":5},{"damage":24,"enemies":"2 Thieves","floor":19,"turns":4},{"damage":27,"enemies":"Snake Plant","floor":21,"turns":4},{"damage":1,"enemies":"Centurion and Healer","floor":24,"turns":9},{"damage":23,"enemies":"Slavers","floor":30,"turns":4}],"seed_played":"603648477851274844","potions_obtained":[{"floor":13,"key":"Fire Potion"},{"floor":14,"key":"Poison Potion"},{"floor":16,"key":"Regen Potion"},{"floor":18,"key":"Dexterity Potion"}],"is_trial":false,"path_per_floor":["M","?","?","?","T","R","E","R","T","E","?","?","M","M","R","B",null,"M","M","?","M","$","R","M","?","T","R","?","R","E"],"character_chosen":"DEFECT","items_purchased":["Capacitor","Leap","White Noise","Steam Power","Stack","Conserve Battery","Beam Cell"],"campfire_rested":0,"item_purchase_floors":[22,22,22,22,22,22,22],"current_hp_per_floor":[64,64,69,46,46,46,46,46,46,46,46,51,54,50,50,44,76,41,29,29,26,26,26,37,37,37,37,37,37,14],"gold":0,"neow_bonus":"THREE_ENEMY_KILL","is_prod":false,"is_daily":false,"chose_seed":false,"campfire_upgraded":6,"win_rate":0,"timestamp":1551406475,"path_taken":["M","?","?","?","?","R","E","R","T","E","?","?","M","M","R","BOSS","M","M","?","?","$","R","M","?","T","R","?","R","E"],"build_version":"2019-02-06","purchased_purges":1,"victory":false,"max_hp_per_floor":[71,71,76,76,76,76,76,76,76,76,76,86,86,86,86,86,86,86,86,86,86,86,86,86,86,86,86,86,86,86],"card_choices":[{"not_picked":["Compile Driver","Redo"],"picked":"Streamline","floor":1},{"not_picked":["Skim","Beam Cell"],"picked":"Hello World","floor":7},{"not_picked":["Static Discharge","Machine Learning"],"picked":"Stack","floor":10},{"not_picked":["Static Discharge","Turbo"],"picked":"Gash","floor":13},{"not_picked":["Beam Cell","FTL"],"picked":"Gash","floor":14},{"not_picked":["Multi-Cast","All For One"],"picked":"Echo Form","floor":16},{"not_picked":["Doom and Gloom","Scrape"],"picked":"Hologram","floor":18},{"not_picked":["Lockon","Barrage"],"picked":"Glacier","floor":19},{"not_picked":["FTL","Sunder"],"picked":"Coolheaded","floor":21},{"not_picked":["Leap","Redo"],"picked":"Coolheaded","floor":24}],"player_experience":1230165,"relics_obtained":[{"floor":5,"key":"Meat on the Bone"},{"floor":7,"key":"The Courier"},{"floor":9,"key":"Dodecahedron"},{"floor":10,"key":"PreservedInsect"},{"floor":26,"key":"Boot"}],"event_choices":[{"damage_healed":0,"gold_gain":150,"player_choice":"AGREE","damage_taken":0,"max_hp_gain":0,"max_hp_loss":0,"event_name":"Liars Game","floor":2,"gold_loss":0,"cards_obtained":["Doubt"]},{"damage_healed":0,"gold_gain":0,"player_choice":"Donut","damage_taken":0,"max_hp_gain":5,"max_hp_loss":0,"event_name":"Big Fish","floor":3,"gold_loss":0},{"damage_healed":0,"gold_gain":0,"player_choice":"Entered Light","damage_taken":23,"max_hp_gain":0,"max_hp_loss":0,"event_name":"Shining Light","floor":4,"gold_loss":0,"cards_upgraded":["Defend_B","Zap"]},{"cards_removed":["Doubt"],"damage_healed":0,"gold_gain":0,"player_choice":"Card Removal","damage_taken":0,"max_hp_gain":0,"max_hp_loss":0,"event_name":"The Cleric","floor":11,"gold_loss":75},{"damage_healed":0,"gold_gain":0,"player_choice":"Success","damage_taken":5,"relics_obtained":["Pear"],"max_hp_gain":0,"max_hp_loss":0,"event_name":"Scrap Ooze","floor":12,"gold_loss":0},{"cards_removed":["Streamline"],"damage_healed":0,"gold_gain":0,"player_choice":"Gave Card","damage_taken":0,"relics_obtained":["Happy Flower"],"max_hp_gain":0,"max_hp_loss":0,"event_name":"WeMeetAgain","floor":20,"gold_loss":0},{"damage_healed":0,"gold_gain":50,"player_choice":"Stole From Cult","damage_taken":0,"max_hp_gain":0,"max_hp_loss":0,"event_name":"Nest","floor":25,"gold_loss":0},{"damage_healed":0,"gold_gain":0,"player_choice":"Paid Fearfully","damage_taken":0,"max_hp_gain":0,"max_hp_loss":0,"event_name":"Masked Bandits","floor":28,"gold_loss":86}],"is_beta":true,"boss_relics":[{"not_picked":["Empty Cage","Orrery"],"picked":"Philosopher\u0027s Stone"}],"items_purged_floors":[22],"is_endless":false,"potions_floor_spawned":[13,14,16,18],"killed_by":"Slavers","ascension_level":20}