{"gold_per_floor":[116,133,133,7,23,23,56,68,107,148,11,26,26,46,46,121,121,137,148,198,198,213,213,241,241,241,275,27,41,41,41,41,113,113,126,49,49,10,22,22,33,33,33,46,46,46,46,46],"floor_reached":48,"playtime":1618,"items_purged":["Strike_R"],"score":833,"play_id":"34bb533c-1d41-4aa1-a999-0e950dc45bf7","local_time":"20180812135926","is_ascension_mode":true,"campfire_choices":[{"data":"Armaments","floor":6.0,"key":"SMITH"},{"data":"Inflame","floor":8.0,"key":"SMITH"},{"data":"True Grit","floor":13.0,"key":"SMITH"},{"data":"Metallicize","floor":15.0,"key":"SMITH"},{"data":"Shockwave","floor":23.0,"key":"SMITH"},{"floor":25.0,"key":"REST"},{"floor":30.0,"key":"REST"},{"floor":32.0,"key":"REST"},{"data":"Inflame","floor":40,"key":"SMITH"},{"floor":46,"key":"REST"}],"neow_cost":"NONE","seed_source_timestamp":0,"circlet_count":0,"master_deck":["Strike_R","Defend_R","Defend_R","Defend_R","Defend_R","Bash","AscendersBane","Shockwave+1","Whirlwind+1","Inflame+1","Armaments+1","True Grit+1","Anger","Metallicize+1","Shrug It Off","Ghostly Armor","Decay","Flex","Disarm+1","Second Wind+1","Armaments+1","Iron Wave+1","Inflame+1","Dual Wield","Evolve","Headbutt+1"],"special_seed":0,"relics":["Busted Crown","MawBank","Strawberry","Pen Nib","Runic Pyramid","Potion Belt","Question Card","Art of War","Chemical X","Astrolabe","Dodecahedron"],"potions_floor_usage":[44],"damage_taken":[{"damage":0.0,"enemies":"2 Louse","floor":1.0,"turns":2.0},{"damage":2.0,"enemies":"Small Slimes","floor":2.0,"turns":3.0},{"damage":7.0,"enemies":"Jaw Worm","floor":5.0,"turns":3.0},{"damage":16.0,"enemies":"Gremlin Nob","floor":7.0,"turns":3.0},{"damage":17.0,"enemies":"Lagavulin","floor":10.0,"turns":8.0},{"damage":0.0,"enemies":"Exordium Wildlife","floor":12.0,"turns":3.0},{"damage":1.0,"enemies":"Large Slime","floor":14.0,"turns":6.0},{"damage":21.0,"enemies":"The Guardian","floor":16.0,"turns":8.0},{"damage":13.0,"enemies":"2 Thieves","floor":18.0,"turns":4.0},{"damage":5.0,"enemies":"Shell Parasite","floor":19.0,"turns":5.0},{"damage":0.0,"enemies":"Cultist and Chosen","floor":22.0,"turns":4.0},{"damage":28.0,"enemies":"Slavers","floor":24.0,"turns":7.0},{"damage":16.0,"enemies":"Book of Stabbing","floor":27.0,"turns":6.0},{"damage":0.0,"enemies":"Centurion and Healer","floor":29.0,"turns":3.0},{"damage":22.0,"enemies":"Champ","floor":33.0,"turns":8.0},{"damage":11.0,"enemies":"3 Darklings","floor":35.0,"turns":5.0},{"damage":4,"enemies":"Orb Walker","floor":39,"turns":4},{"damage":2,"enemies":"Maw","floor":41,"turns":8},{"damage":16,"enemies":"3 Darklings","floor":44,"turns":4},{"damage":67,"enemies":"Sphere and 2 Shapes","floor":48,"turns":3}],"seed_played":"3015637320222652839","potions_obtained":[{"floor":1.0,"key":"SkillPotion"},{"floor":2.0,"key":"SteroidPotion"},{"floor":10.0,"key":"SkillPotion"},{"floor":22.0,"key":"EssenceOfSteel"},{"floor":27.0,"key":"FearPotion"},{"floor":33.0,"key":"SkillPotion"},{"floor":39,"key":"Energy Potion"}],"is_trial":false,"path_per_floor":["M","M","?","$","M","R","E","R","T","E","$","M","R","M","R","B",null,"M","M","?","?","M","R","E","R","T","E","$","M","R","?","R","B",null,"M","$","?","$","M","R","M","$","T","M","$","R","$"],"character_chosen":"IRONCLAD","items_purchased":["Inflame","Armaments","Metallicize","Chemical X","Flex","Inflame","Dual Wield"],"campfire_rested":4,"item_purchase_floors":[4,4,11,28,28,36,38],"current_hp_per_floor":[68,66,66,66,59,59,43,43,50,33,33,33,33,32,32,11,64,51,46,46,46,46,46,18,42,42,26,26,26,50,50,74,52,75,64,64,64,64,60,60,58,58,58,42,42,66,66,0],"gold":46,"neow_bonus":"BOSS_RELIC","is_prod":false,"is_daily":false,"chose_seed":false,"campfire_upgraded":6,"win_rate":0,"timestamp":1534107566,"path_taken":["M","M","?","$","M","R","E","R","T","E","$","M","R","M","R","BOSS","M","M","?","?","M","R","E","R","T","E","$","M","R","?","R","BOSS","M","$","?","$","?","R","M","$","T","M","?","R","?","M"],"build_version":"2018-08-08","purchased_purges":1,"victory":false,"max_hp_per_floor":[75,75,75,75,75,75,75,75,82,82,82,82,82,82,82,82,82,82,82,82,82,82,82,82,82,82,82,82,82,82,82,82,82,82,82,82,82,82,82,82,82,82,82,82,82,82,82,82],"card_choices":[{"not_picked":[],"picked":"Shockwave","floor":1.0},{"not_picked":[],"picked":"Whirlwind","floor":2.0},{"not_picked":[],"picked":"True Grit","floor":5.0},{"not_picked":[],"picked":"Anger","floor":7.0},{"not_picked":[],"picked":"Shrug It Off","floor":12.0},{"not_picked":["Armaments"],"picked":"SKIP","floor":14.0},{"not_picked":[],"picked":"Ghostly Armor","floor":18.0},{"not_picked":["Second Wind+1"],"picked":"Disarm+1","floor":29.0},{"not_picked":["Clothesline+1"],"picked":"Evolve","floor":39},{"not_picked":["True Grit"],"picked":"Headbutt+1","floor":41}],"player_experience":806650,"relics_obtained":[{"floor":7.0,"key":"MawBank"},{"floor":9.0,"key":"Strawberry"},{"floor":10.0,"key":"Pen Nib"},{"floor":24.0,"key":"Potion Belt"},{"floor":26.0,"key":"Question Card"},{"floor":27.0,"key":"Art of War"},{"floor":43,"key":"Dodecahedron"}],"event_choices":[{"event_name":"Living Wall","player_choice":"Grow","floor":3.0,"damage_taken":0.0},{"event_name":"Nest","player_choice":"Stole From Cult","floor":20.0,"damage_taken":0.0},{"event_name":"Forgotten Altar","player_choice":"Smashed Altar","floor":21.0,"damage_taken":0.0},{"event_name":"Beggar","player_choice":"Ignored","floor":31.0,"damage_taken":0.0},{"event_name":"Mysterious Sphere","player_choice":"Ignore","floor":37,"damage_taken":0}],"is_beta":true,"boss_relics":[{"not_picked":["Runic Cube","Eternal Feather"],"picked":"Runic Pyramid"},{"not_picked":["White Beast Statue","Coffee Dripper"],"picked":"Astrolabe"}],"items_purged_floors":[11],"is_endless":false,"potions_floor_spawned":[1,2,10,14,22,27,33,39],"killed_by":"Sphere and 2 Shapes","ascension_level":15}