{"gold_per_floor":[117,133,147,147,3,3,26,60,109,121,121,46,46,46],"floor_reached":14,"playtime":307,"items_purged":[],"score":176,"play_id":"0ca47e45-d329-465d-9692-c57cf0640b2a","local_time":"20190102001431","is_ascension_mode":true,"campfire_choices":[{"data":"Noxious Fumes","floor":6,"key":"SMITH"},{"data":"Dagger Spray","floor":11,"key":"SMITH"},{"data":"Infinite Blades","floor":13,"key":"SMITH"}],"neow_cost":"NONE","seed_source_timestamp":0,"circlet_count":0,"master_deck":["AscendersBane","Defend_G","Defend_G","Defend_G","Defend_G","Defend_G","Strike_G","Strike_G","Strike_G","Strike_G","Survivor","Neutralize+1","Flying Knee","Flying Knee","Backflip+1","Noxious Fumes+1","Dagger Spray+1","Blur+1","Infinite Blades+1","Deadly Poison"],"special_seed":0,"relics":["Ring of the Snake","NeowsBlessing","Odd Mushroom","War Paint","Lantern"],"potions_floor_usage":[8],"damage_taken":[{"damage":0,"enemies":"Small Slimes","floor":1,"turns":1},{"damage":0,"enemies":"Jaw Worm","floor":2,"turns":1},{"damage":0,"enemies":"2 Louse","floor":3,"turns":1},{"damage":12,"enemies":"The Mushroom Lair","floor":7,"turns":4},{"damage":26,"enemies":"Lagavulin","floor":8,"turns":8},{"damage":0,"enemies":"Large Slime","floor":10,"turns":5},{"damage":19,"enemies":"3 Sentries","floor":14,"turns":4}],"seed_played":"-2347066417118548181","potions_obtained":[{"floor":2,"key":"Energy Potion"},{"floor":10,"key":"SmokeBomb"}],"is_trial":false,"path_per_floor":["M","M","M","?","$","R","?","E","T","M","R","?","R","E"],"character_chosen":"THE_SILENT","items_purchased":["Noxious Fumes","Dagger Spray"],"campfire_rested":0,"item_purchase_floors":[5,5],"current_hp_per_floor":[59,59,59,59,59,59,47,21,21,21,21,21,21,2],"gold":46,"neow_bonus":"THREE_ENEMY_KILL","is_prod":false,"is_daily":false,"chose_seed":false,"campfire_upgraded":3,"win_rate":0,"timestamp":1546416871,"path_taken":["M","M","M","?","$","R","?","E","T","M","R","?","R","E"],"build_version":"2018-12-25","purchased_purges":0,"victory":false,"max_hp_per_floor":[66,66,66,66,66,66,66,66,66,66,66,66,66,66],"card_choices":[{"not_picked":["Slice","Acrobatics"],"picked":"Flying Knee","floor":1},{"not_picked":["Skewer","Underhanded Strike"],"picked":"Flying Knee","floor":2},{"not_picked":["PiercingWail","Blade Dance"],"picked":"Backflip","floor":3},{"not_picked":["Underhanded Strike","Cloak And Dagger"],"picked":"Blur","floor":7},{"not_picked":["Well Laid Plans","Phantasmal Killer"],"picked":"Infinite Blades","floor":8},{"not_picked":["Acrobatics","Tactician"],"picked":"Deadly Poison","floor":10}],"player_experience":1011495,"relics_obtained":[{"floor":7,"key":"Odd Mushroom"},{"floor":8,"key":"War Paint"},{"floor":9,"key":"Lantern"}],"event_choices":[{"damage_healed":0,"gold_gain":0,"player_choice":"Grow","damage_taken":0,"max_hp_gain":0,"max_hp_loss":0,"event_name":"Living Wall","floor":4,"gold_loss":0,"cards_upgraded":["Neutralize"]},{"damage_healed":0,"gold_gain":0,"player_choice":"Fought Mushrooms","damage_taken":0,"max_hp_gain":0,"max_hp_loss":0,"event_name":"Mushrooms","floor":7,"gold_loss":0},{"cards_removed":["Strike_G"],"damage_healed":0,"gold_gain":0,"player_choice":"Card Removal","damage_taken":0,"max_hp_gain":0,"max_hp_loss":0,"event_name":"The Cleric","floor":12,"gold_loss":75}],"is_beta":true,"boss_relics":[],"items_purged_floors":[],"is_endless":false,"potions_floor_spawned":[2,10],"killed_by":"3 Sentries","ascension_level":20}