{"gold_per_floor":[114,39,114,114,114,114,149,149,149,149,149,180,180,190,190,262,262,277,277,287,299,319,319,319],"floor_reached":24,"playtime":497,"items_purged":[],"score":529,"play_id":"ea53bba6-8969-4c6a-9c2a-daa12138e220","local_time":"20190301212905","is_ascension_mode":true,"campfire_choices":[{"data":"Neutralize","floor":6,"key":"SMITH"},{"data":"Bane","floor":8,"key":"SMITH"},{"data":"Deadly Poison","floor":11,"key":"SMITH"},{"data":"Prepared","floor":13,"key":"SMITH"},{"data":"Survivor","floor":15,"key":"SMITH"},{"data":"Bane","floor":23,"key":"SMITH"}],"neow_cost":"NONE","seed_source_timestamp":1461826406699,"circlet_count":0,"master_deck":["AscendersBane","Defend_G","Defend_G","Defend_G","Defend_G","Strike_G","Strike_G","Strike_G","Strike_G","Survivor+1","Neutralize+1","Deadly Poison+1","Bane+1","Prepared+1","Die Die Die","Poisoned Stab+1","Bane+1","Bane+1","Bane"],"relics":["Ring of the Snake","NeowsBlessing","Meat on the Bone","Tough Bandages","Sundial","Letter Opener","Sozu"],"potions_floor_usage":[],"damage_taken":[{"damage":0,"enemies":"Small Slimes","floor":1,"turns":1},{"damage":0,"enemies":"Lagavulin","floor":7,"turns":1},{"damage":0,"enemies":"Gremlin Nob","floor":12,"turns":1},{"damage":0,"enemies":"Jaw Worm","floor":14,"turns":3},{"damage":3,"enemies":"The Guardian","floor":16,"turns":9},{"damage":5,"enemies":"Shell Parasite","floor":18,"turns":3},{"damage":14,"enemies":"2 Thieves","floor":20,"turns":3},{"damage":7,"enemies":"Cultist and Chosen","floor":21,"turns":4},{"damage":20,"enemies":"3 Cultists","floor":22,"turns":5},{"damage":39,"enemies":"Book of Stabbing","floor":24,"turns":4}],"seed_played":"-4725685941738962081","potions_obtained":[{"floor":16,"key":"FearPotion"}],"is_trial":false,"path_per_floor":["M","?","?","?","?","R","E","R","T","T","R","E","R","M","R","B",null,"M","?","M","M","M","R","E"],"character_chosen":"THE_SILENT","items_purchased":[],"campfire_rested":0,"item_purchase_floors":[],"current_hp_per_floor":[59,59,48,41,41,41,41,41,41,41,41,41,41,41,41,38,59,54,54,40,45,37,37,0],"gold":319,"neow_bonus":"THREE_ENEMY_KILL","is_prod":false,"is_daily":false,"chose_seed":false,"campfire_upgraded":6,"win_rate":0,"timestamp":1551504545,"path_taken":["M","?","?","?","?","R","E","R","T","?","R","E","R","M","R","BOSS","M","?","?","M","M","R","E"],"build_version":"2019-02-06","purchased_purges":0,"victory":false,"max_hp_per_floor":[66,66,66,66,66,66,66,66,66,66,66,66,66,66,66,66,66,66,66,66,66,66,66,66],"card_choices":[{"not_picked":["Underhanded Strike","Blade Dance"],"picked":"Deadly Poison","floor":1},{"not_picked":["Night Terror","Dagger Throw"],"picked":"Bane","floor":7},{"not_picked":["Distraction","Heel Hook"],"picked":"Prepared","floor":12},{"not_picked":["Envenom","Doppelganger"],"picked":"Die Die Die","floor":16},{"not_picked":["Deflect","Prepared"],"picked":"Poisoned Stab+1","floor":18},{"not_picked":["Deflect","Underhanded Strike+1"],"picked":"Bane","floor":20},{"not_picked":["Deflect","Prepared"],"picked":"Bane","floor":21},{"not_picked":["Sucker Punch","Slice","Heel Hook+1"],"picked":"SKIP","floor":22}],"player_experience":1258420,"relics_obtained":[{"floor":7,"key":"Meat on the Bone"},{"floor":9,"key":"Tough Bandages"},{"floor":10,"key":"Sundial"},{"floor":12,"key":"Letter Opener"}],"event_choices":[{"cards_removed":["Defend_G"],"damage_healed":0,"gold_gain":0,"player_choice":"Card Removal","damage_taken":0,"max_hp_gain":0,"max_hp_loss":0,"event_name":"The Cleric","floor":2,"gold_loss":75},{"damage_healed":0,"gold_gain":75,"player_choice":"Gather Gold","damage_taken":11,"max_hp_gain":0,"max_hp_loss":0,"event_name":"World of Goop","floor":3,"gold_loss":0},{"cards_removed":["Strike_G"],"damage_healed":0,"gold_gain":0,"player_choice":"Card Removal","damage_taken":7,"max_hp_gain":0,"max_hp_loss":0,"event_name":"Golden Wing","floor":4,"gold_loss":0},{"damage_healed":0,"gold_gain":0,"player_choice":"Ignored","damage_taken":0,"max_hp_gain":0,"max_hp_loss":0,"event_name":"Liars Game","floor":5,"gold_loss":0},{"damage_healed":0,"gold_gain":0,"player_choice":"Copied","damage_taken":0,"max_hp_gain":0,"max_hp_loss":0,"event_name":"Duplicator","floor":19,"gold_loss":0,"cards_obtained":["Bane"]}],"is_beta":true,"boss_relics":[{"not_picked":["Lizard Tail","Orrery"],"picked":"Sozu"}],"items_purged_floors":[],"is_endless":false,"potions_floor_spawned":[16,20],"killed_by":"Book of Stabbing","ascension_level":20}