{"gold_per_floor":[114,114,114,64,81,112,126,126,126,126,126,146,65,131,131,131],"floor_reached":16,"playtime":651,"items_purged":[],"score":108,"play_id":"30bca5ec-1bae-4757-ab7a-30ad66701b7a","local_time":"20190708171838","is_ascension_mode":false,"campfire_choices":[{"data":"Barricade","floor":8,"key":"SMITH"},{"data":"Iron Wave","floor":10,"key":"SMITH"},{"floor":15,"key":"REST"}],"neow_cost":"NONE","seed_source_timestamp":619354107254311,"circlet_count":0,"master_deck":["Strike_R","Strike_R","Strike_R","Defend_R","Defend_R","Defend_R","Defend_R","Bash+1","Finesse+1","Iron Wave+1","Barricade+1","Sever Soul","Burning Pact","Injury","Body Slam","Seeing Red","Metallicize"],"relics":["Burning Blood","Question Card","Bag of Preparation","Golden Idol","Tiny Chest"],"potions_floor_usage":[14,16,16],"damage_taken":[{"damage":1,"enemies":"Jaw Worm","floor":1,"turns":4},{"damage":3,"enemies":"2 Louse","floor":5,"turns":3},{"damage":28,"enemies":"Lagavulin","floor":6,"turns":8},{"damage":0,"enemies":"Small Slimes","floor":7,"turns":3},{"damage":2,"enemies":"Blue Slaver","floor":12,"turns":4},{"damage":28,"enemies":"Gremlin Nob","floor":14,"turns":4},{"damage":57,"enemies":"Slime Boss","floor":16,"turns":11}],"seed_played":"-9164134756452932976","potions_obtained":[{"floor":1,"key":"LiquidBronze"},{"floor":6,"key":"Energy Potion"},{"floor":12,"key":"GamblersBrew"}],"is_trial":false,"path_per_floor":["M","?","?","?","M","E","M","R","T","R","?","M","$","E","R","B"],"character_chosen":"IRONCLAD","items_purchased":["Seeing Red"],"campfire_rested":1,"item_purchase_floors":[13],"current_hp_per_floor":[80,73,57,57,60,38,44,44,44,44,44,48,48,26,50,0],"gold":131,"neow_bonus":"RANDOM_COLORLESS","is_prod":false,"is_daily":false,"chose_seed":false,"campfire_upgraded":2,"win_rate":0,"timestamp":1562573918,"path_taken":["M","?","?","?","?","E","M","R","T","R","?","M","$","E","R","BOSS"],"build_version":"2019-07-05","purchased_purges":0,"victory":false,"max_hp_per_floor":[80,80,80,80,80,80,80,80,80,80,80,80,80,80,80,80],"card_choices":[{"not_picked":["Wild Strike","Havoc"],"picked":"Iron Wave","floor":1},{"not_picked":["Wild Strike","Body Slam"],"picked":"Barricade","floor":5},{"not_picked":["Cleave","Twin Strike"],"picked":"Sever Soul","floor":6},{"not_picked":["Rupture","Twin Strike","Sword Boomerang"],"picked":"Burning Pact","floor":7},{"not_picked":["Pommel Strike","Rage","Fire Breathing"],"picked":"Body Slam","floor":12},{"not_picked":["Iron Wave","Second Wind","Ghostly Armor"],"picked":"Metallicize","floor":14}],"player_experience":89533,"relics_obtained":[{"floor":6,"key":"Question Card"},{"floor":9,"key":"Bag of Preparation"},{"floor":14,"key":"Tiny Chest"}],"event_choices":[{"cards_removed":["Strike_R"],"damage_healed":0,"gold_gain":0,"player_choice":"Card Removal","damage_taken":7,"max_hp_gain":0,"max_hp_loss":0,"event_name":"Golden Wing","floor":2,"gold_loss":0},{"damage_healed":0,"gold_gain":0,"player_choice":"Entered Light","damage_taken":16,"max_hp_gain":0,"max_hp_loss":0,"event_name":"Shining Light","floor":3,"gold_loss":0,"cards_upgraded":["Finesse","Bash"]},{"cards_removed":["Strike_R"],"damage_healed":0,"gold_gain":0,"player_choice":"Card Removal","damage_taken":0,"max_hp_gain":0,"max_hp_loss":0,"event_name":"The Cleric","floor":4,"gold_loss":50},{"damage_healed":0,"gold_gain":0,"player_choice":"Take Wound","damage_taken":0,"relics_obtained":["Golden Idol"],"max_hp_gain":0,"max_hp_loss":0,"event_name":"Golden Idol","floor":11,"gold_loss":0,"cards_obtained":["Injury"]}],"is_beta":false,"boss_relics":[],"items_purged_floors":[],"is_endless":false,"potions_floor_spawned":[1,6,12],"killed_by":"Slime Boss","ascension_level":0}