{"gold_per_floor":[117,24,38,38,38,64,6,36,36,36,55,75,75,91,91,170,170,188,50,50,68,87,87,101,158,183,202,39,39,53,153,153,230,230,250,301,47,60,60,60,95,95,95,108,69,69,84,104,104,104],"floor_reached":50,"playtime":1518,"items_purged":["Shame"],"score":1154,"play_id":"ebd1afe8-8c27-47e7-9109-45b8c753b1fa","local_time":"20190330140544","is_ascension_mode":true,"campfire_choices":[{"data":"Armaments","floor":10.0,"key":"SMITH"},{"data":"True Grit","floor":15.0,"key":"SMITH"},{"data":"Dual Wield","floor":23.0,"key":"SMITH"},{"floor":29.0,"key":"REST"},{"floor":32.0,"key":"REST"},{"data":"Bloodletting","floor":40.0,"key":"SMITH"},{"floor":42.0,"key":"REST"},{"floor":46,"key":"REST"},{"floor":49,"key":"REST"}],"neow_cost":"NONE","seed_source_timestamp":8206907869312,"circlet_count":0,"master_deck":["AscendersBane","Strike_R","Strike_R","Strike_R","Strike_R","Strike_R","Defend_R","Defend_R","Defend_R","Defend_R","Bash","Anger","Dual Wield","True Grit+1","Battle Trance","Thunderclap","Armaments+1","Flame Barrier","Double Tap","Sword Boomerang","Spot Weakness","Immolate","Feel No Pain","Anger","Dropkick","Armaments+1","Dual Wield+1","Immolate","Power Through","Iron Wave","Body Slam","Uppercut","Disarm","Armaments+1","Double Tap","Pommel Strike+1","Armaments+1","Disarm","Bloodletting+1","Clash","Rage"],"special_seed":0,"relics":["Burning Blood","NeowsBlessing","Kunai","PreservedInsect","Vajra","Red Skull","Cursed Key","Tiny Chest","Potion Belt","Unceasing Top","Dodecahedron","Philosopher\u0027s Stone","Du-Vu Doll","Lee\u0027s Waffle","Blood Vial"],"potions_floor_usage":[],"damage_taken":[{"damage":0.0,"enemies":"Jaw Worm","floor":1.0,"turns":1.0},{"damage":0.0,"enemies":"Small Slimes","floor":3.0,"turns":2.0},{"damage":0.0,"enemies":"3 Sentries","floor":6.0,"turns":2.0},{"damage":0.0,"enemies":"Lagavulin","floor":8.0,"turns":6.0},{"damage":0.0,"enemies":"Cultist","floor":11.0,"turns":4.0},{"damage":0.0,"enemies":"Large Slime","floor":12.0,"turns":5.0},{"damage":29.0,"enemies":"Gremlin Gang","floor":14.0,"turns":6.0},{"damage":20.0,"enemies":"Slime Boss","floor":16.0,"turns":8.0},{"damage":24.0,"enemies":"Shell Parasite","floor":18.0,"turns":3.0},{"damage":5.0,"enemies":"2 Thieves","floor":21.0,"turns":3.0},{"damage":11.0,"enemies":"Snecko","floor":22.0,"turns":4.0},{"damage":18.0,"enemies":"Centurion and Healer","floor":24.0,"turns":2.0},{"damage":4.0,"enemies":"Slavers","floor":25.0,"turns":2.0},{"damage":0.0,"enemies":"Sentry and Sphere","floor":27.0,"turns":3.0},{"damage":25.0,"enemies":"Cultist and Chosen","floor":30.0,"turns":4.0},{"damage":13.0,"enemies":"Colosseum Slavers","floor":31.0,"turns":2.0},{"damage":0.0,"enemies":"Colosseum Nobs","floor":31.0,"turns":2.0},{"damage":58.0,"enemies":"Champ","floor":33.0,"turns":12.0},{"damage":19.0,"enemies":"3 Shapes","floor":35.0,"turns":3.0},{"damage":37.0,"enemies":"2 Orb Walkers","floor":36.0,"turns":3.0},{"damage":27.0,"enemies":"3 Darklings","floor":38.0,"turns":5.0},{"damage":34.0,"enemies":"Giant Head","floor":41.0,"turns":5.0},{"damage":47,"enemies":"Jaw Worm Horde","floor":44,"turns":4},{"damage":27,"enemies":"Spire Growth","floor":47,"turns":4},{"damage":5,"enemies":"Maw","floor":48,"turns":6},{"damage":32,"enemies":"Time Eater","floor":50,"turns":4}],"seed_played":"1630648701658222481","potions_obtained":[{"floor":3.0,"key":"SkillPotion"},{"floor":8.0,"key":"SpeedPotion"},{"floor":12.0,"key":"Ancient Potion"},{"floor":25.0,"key":"GamblersBrew"},{"floor":27.0,"key":"FearPotion"},{"floor":31.0,"key":"LiquidBronze"},{"floor":33.0,"key":"Fire Potion"},{"floor":35.0,"key":"BloodPotion"},{"floor":36.0,"key":"AttackPotion"}],"is_trial":false,"path_per_floor":["M","$","M","?","?","E","$","E","T","R","M","M","?","M","R","B",null,"M","$","?","M","M","R","M","E","T","M","$","R","M","?","R","B",null,"M","?","$","M","?","R","E","R","T","M","$","R","M","M","R","B"],"character_chosen":"IRONCLAD","items_purchased":["Dual Wield","True Grit","Armaments","Anger","Dropkick","Uppercut","Lee\u0027s Waffle","Disarm","Rage"],"campfire_rested":5,"item_purchase_floors":[2,2,7,19,19,28,37,37,45],"current_hp_per_floor":[74,74,75,70,75,75,75,75,75,75,75,75,75,52,52,38,66,48,48,48,49,44,44,32,34,34,40,40,62,43,42,64,12,59,46,22,82,61,61,61,33,56,56,17,17,40,21,24,47,17],"gold":104,"neow_bonus":"THREE_ENEMY_KILL","is_prod":false,"is_daily":false,"chose_seed":false,"campfire_upgraded":4,"win_rate":0,"timestamp":1553979944,"path_taken":["M","$","M","?","?","E","$","E","T","R","?","M","?","M","R","BOSS","M","$","?","M","M","R","?","E","T","M","$","R","M","?","R","BOSS","M","?","$","M","?","R","E","R","T","M","?","R","M","?","R","BOSS"],"build_version":"2019-03-15","purchased_purges":1,"victory":false,"max_hp_per_floor":[75,75,75,75,75,75,75,75,75,75,75,75,75,75,75,75,75,75,75,75,75,75,75,75,75,75,75,75,75,75,75,75,75,75,75,75,82,82,78,78,78,78,78,78,78,78,78,78,78,78],"card_choices":[{"not_picked":["Dual Wield","Rage"],"picked":"Anger","floor":1.0},{"not_picked":["Clothesline","Headbutt"],"picked":"Battle Trance","floor":3.0},{"not_picked":["Body Slam","Searing Blow"],"picked":"Thunderclap","floor":6.0},{"not_picked":["Second Wind","Clothesline"],"picked":"Flame Barrier","floor":8.0},{"not_picked":["Headbutt","Thunderclap"],"picked":"Double Tap","floor":11.0},{"not_picked":["Power Through","Entrench"],"picked":"Sword Boomerang","floor":12.0},{"not_picked":["Perfected Strike","Sentinel"],"picked":"Spot Weakness","floor":14.0},{"not_picked":["Limit Break","Dark Embrace"],"picked":"Immolate","floor":16.0},{"not_picked":["Havoc","True Grit"],"picked":"Feel No Pain","floor":18.0},{"not_picked":["Pommel Strike","Sever Soul"],"picked":"Dual Wield","floor":21.0},{"not_picked":["Armaments","Sword Boomerang"],"picked":"Immolate","floor":22.0},{"not_picked":["Perfected Strike","Carnage"],"picked":"Power Through","floor":24.0},{"not_picked":["Flex","Power Through"],"picked":"Iron Wave","floor":25.0},{"not_picked":["Clash","Twin Strike"],"picked":"Body Slam","floor":27.0},{"not_picked":["Burning Pact","Havoc"],"picked":"Disarm","floor":30.0},{"not_picked":["Whirlwind+1","Evolve"],"picked":"Armaments+1","floor":31.0},{"not_picked":["Exhume","Berserk"],"picked":"Double Tap","floor":33.0},{"not_picked":["Twin Strike+1","Armaments"],"picked":"Pommel Strike+1","floor":35.0},{"not_picked":["Warcry+1","Wild Strike+1"],"picked":"Armaments+1","floor":36.0},{"not_picked":["Blood for Blood","Sword Boomerang"],"picked":"Bloodletting","floor":38.0},{"not_picked":["Armaments","Brutality"],"picked":"Clash","floor":41.0},{"not_picked":["Perfected Strike+1","Clothesline","Flex"],"picked":"SKIP","floor":44},{"not_picked":["Sword Boomerang","Sever Soul","Pommel Strike"],"picked":"SKIP","floor":47},{"not_picked":["Reckless Charge","Carnage","Pommel Strike"],"picked":"SKIP","floor":48}],"player_experience":1390479,"relics_obtained":[{"floor":6.0,"key":"PreservedInsect"},{"floor":8.0,"key":"Vajra"},{"floor":9.0,"key":"Red Skull"},{"floor":25.0,"key":"Tiny Chest"},{"floor":26.0,"key":"Potion Belt"},{"floor":31.0,"key":"Unceasing Top"},{"floor":31.0,"key":"Dodecahedron"},{"floor":36.0,"key":"Du-Vu Doll"},{"floor":41.0,"key":"Blood Vial"}],"event_choices":[{"damage_healed":0.0,"max_hp_gain":0.0,"max_hp_loss":0.0,"gold_gain":0.0,"event_name":"Scrap Ooze","player_choice":"Success","floor":4.0,"gold_loss":0.0,"damage_taken":5.0,"relics_obtained":["Kunai"]},{"damage_healed":5.0,"max_hp_gain":0.0,"max_hp_loss":0.0,"gold_gain":0.0,"event_name":"Wheel of Change","player_choice":"Full Heal","floor":5.0,"gold_loss":0.0,"damage_taken":0.0},{"damage_healed":0.0,"max_hp_gain":0.0,"max_hp_loss":0.0,"gold_gain":0.0,"event_name":"Liars Game","player_choice":"Ignored","floor":13.0,"gold_loss":0.0,"damage_taken":0.0},{"damage_healed":0.0,"max_hp_gain":0.0,"max_hp_loss":0.0,"gold_gain":0.0,"event_name":"Duplicator","player_choice":"Copied","floor":20.0,"gold_loss":0.0,"damage_taken":0.0,"cards_obtained":["Armaments"]},{"damage_healed":0.0,"max_hp_gain":0.0,"max_hp_loss":0.0,"gold_gain":0.0,"event_name":"Colosseum","player_choice":"Fight","floor":31.0,"gold_loss":0.0,"damage_taken":0.0},{"damage_healed":0.0,"max_hp_gain":0.0,"max_hp_loss":0.0,"gold_gain":0.0,"event_name":"Colosseum","player_choice":"Fought Nobs","floor":31.0,"gold_loss":0.0,"damage_taken":0.0},{"damage_healed":0.0,"max_hp_gain":0.0,"max_hp_loss":0.0,"gold_gain":0.0,"event_name":"Mysterious Sphere","player_choice":"Fight","floor":36.0,"gold_loss":0.0,"damage_taken":0.0},{"damage_healed":0.0,"max_hp_gain":0.0,"max_hp_loss":4.0,"gold_gain":0.0,"event_name":"Winding Halls","player_choice":"Max HP","floor":39.0,"gold_loss":0.0,"damage_taken":0.0}],"is_beta":true,"boss_relics":[{"not_picked":["Black Star","Sozu"],"picked":"Cursed Key"},{"not_picked":["Runic Cube","Tiny House"],"picked":"Philosopher\u0027s Stone"}],"items_purged_floors":[28],"is_endless":false,"potions_floor_spawned":[3,8,12,16,25,27,31,31,33,35,36],"killed_by":"Time Eater","ascension_level":20}