{"gold_per_floor":[162,177,227,227,241,241,251,251,274,332,366,366,394,25,25,104,104,117,44,63,82,82,82,95,121,146,146,2,12,26,46,46,123,123,134,148,111,111,111,111,143,7,34,48,64,64,75,85,85,85],"floor_reached":51,"playtime":2306,"items_purged":["Strike_B"],"score":1478,"play_id":"62d7aec7-1fb0-4d29-9560-2ab2683a6128","local_time":"20180808004139","is_ascension_mode":true,"campfire_choices":[{"data":"Rainbow","floor":6.0,"key":"SMITH"},{"data":"Zap","floor":8.0,"key":"SMITH"},{"floor":12.0,"key":"REST"},{"data":"Enlightenment","floor":15.0,"key":"SMITH"},{"data":"Defragment","floor":23.0,"key":"SMITH"},{"floor":27.0,"key":"REST"},{"data":"Hologram","floor":32.0,"key":"SMITH"},{"data":"Capacitor","floor":40,"key":"SMITH"},{"data":"Blizzard","floor":46,"key":"SMITH"},{"data":"Seek","floor":49,"key":"SMITH"}],"neow_cost":"NONE","seed_source_timestamp":0,"circlet_count":0,"master_deck":["Strike_B","Defend_B+1","Defend_B","Defend_B","Defend_B","Zap+1","Dualcast","AscendersBane","Doom and Gloom","Rainbow+1","Glacier","Enlightenment+1","Hologram+1","Seek+1","FTL","Defragment+1","Capacitor+1","White Noise","Lockon","Blizzard+1"],"special_seed":0,"relics":["Tiny House","Bag of Preparation","Ancient Tea Set","Torii","Potion Belt","Snecko Eye","Strawberry","DataDisk","Coffee Dripper","Matryoshka","Anchor","Orichalcum"],"potions_floor_usage":[44,44,45,50,50,50],"damage_taken":[{"damage":2.0,"enemies":"2 Louse","floor":1.0,"turns":2.0},{"damage":0.0,"enemies":"Cultist","floor":2.0,"turns":3.0},{"damage":9.0,"enemies":"Small Slimes","floor":5.0,"turns":4.0},{"damage":8.0,"enemies":"Blue Slaver","floor":7.0,"turns":3.0},{"damage":6.0,"enemies":"Gremlin Nob","floor":10.0,"turns":4.0},{"damage":19.0,"enemies":"3 Sentries","floor":11.0,"turns":6.0},{"damage":9.0,"enemies":"Lagavulin","floor":13.0,"turns":6.0},{"damage":0.0,"enemies":"Slime Boss","floor":16.0,"turns":6.0},{"damage":0.0,"enemies":"Chosen","floor":18.0,"turns":3.0},{"damage":7.0,"enemies":"Shell Parasite","floor":20.0,"turns":6.0},{"damage":0.0,"enemies":"Centurion and Healer","floor":21.0,"turns":6.0},{"damage":13.0,"enemies":"Sentry and Sphere","floor":24.0,"turns":4.0},{"damage":14.0,"enemies":"Slavers","floor":25.0,"turns":5.0},{"damage":0.0,"enemies":"Snecko","floor":29.0,"turns":4.0},{"damage":1.0,"enemies":"Cultist and Chosen","floor":30.0,"turns":6.0},{"damage":0.0,"enemies":"Snake Plant","floor":31.0,"turns":4.0},{"damage":25.0,"enemies":"Champ","floor":33.0,"turns":24.0},{"damage":0,"enemies":"Orb Walker","floor":35,"turns":4},{"damage":0,"enemies":"3 Shapes","floor":36,"turns":4},{"damage":0,"enemies":"Nemesis","floor":41,"turns":9},{"damage":10,"enemies":"Flame Bruiser 2 Orb","floor":44,"turns":5},{"damage":13,"enemies":"Sphere and 2 Shapes","floor":45,"turns":7},{"damage":1,"enemies":"Spire Growth","floor":47,"turns":5},{"damage":1,"enemies":"Transient","floor":48,"turns":5},{"damage":1,"enemies":"Donu and Deca","floor":50,"turns":8}],"seed_played":"861194558117193719","potions_obtained":[{"floor":0.0,"key":"Block Potion"},{"floor":2.0,"key":"Weak Potion"},{"floor":7.0,"key":"EssenceOfSteel"},{"floor":10.0,"key":"Poison Potion"},{"floor":13.0,"key":"Fire Potion"},{"floor":16.0,"key":"PowerPotion"},{"floor":18.0,"key":"Explosive Potion"},{"floor":24.0,"key":"PowerPotion"},{"floor":25.0,"key":"Explosive Potion"},{"floor":30.0,"key":"Regen Potion"},{"floor":33.0,"key":"SteroidPotion"},{"floor":36,"key":"SpeedPotion"},{"floor":47,"key":"LiquidBronze"},{"floor":48,"key":"EssenceOfSteel"}],"is_trial":false,"path_per_floor":["M","M","?","?","M","R","M","R","T","?","E","R","E","$","R","B",null,"M","$","M","M","?","R","M","E","T","R","$","M","M","M","R","B",null,"M","M","$","?","?","R","E","$","T","M","M","R","M","M","R","B"],"character_chosen":"DEFECT","items_purchased":["Enlightenment","Hologram","Seek","FTL","Defragment","Capacitor","White Noise","Lockon","Blizzard"],"campfire_rested":2,"item_purchase_floors":[14,14,14,14,19,28,37,42,42],"current_hp_per_floor":[67,67,67,67,58,58,50,50,50,44,25,47,38,38,38,38,67,67,67,60,60,60,60,47,40,40,64,64,64,63,63,63,38,72,72,72,72,72,72,72,72,72,72,62,64,64,63,62,62,61],"gold":85,"neow_bonus":"BOSS_RELIC","is_prod":false,"is_daily":false,"chose_seed":false,"campfire_upgraded":8,"win_rate":0,"timestamp":1533714099,"path_taken":["M","M","?","?","?","R","M","R","T","?","E","R","E","$","R","BOSS","M","$","M","?","?","R","M","E","T","R","$","M","M","M","R","BOSS","M","M","$","?","?","R","E","$","T","M","M","R","M","M","R","BOSS"],"build_version":"2018-08-07v2","purchased_purges":1,"victory":true,"max_hp_per_floor":[76,76,76,76,76,76,76,76,76,76,76,76,76,76,76,76,76,76,76,76,76,76,76,76,83,83,83,83,83,83,83,83,83,83,83,83,83,83,83,83,83,83,83,83,83,83,83,83,83,83],"card_choices":[{"not_picked":["Sweeping Beam","Leap"],"picked":"Doom and Gloom","floor":0.0},{"not_picked":["Turbo","Reinforced Body"],"picked":"Glacier","floor":10.0}],"player_experience":759932,"relics_obtained":[{"floor":9.0,"key":"Bag of Preparation"},{"floor":10.0,"key":"Ancient Tea Set"},{"floor":11.0,"key":"Torii"},{"floor":13.0,"key":"Potion Belt"},{"floor":25.0,"key":"Strawberry"},{"floor":26.0,"key":"DataDisk"},{"floor":41,"key":"Matryoshka"},{"floor":43,"key":"Anchor"},{"floor":43,"key":"Orichalcum"}],"event_choices":[{"event_name":"Golden Shrine","player_choice":"Pray","floor":3.0,"damage_taken":0.0},{"event_name":"Living Wall","player_choice":"Change","floor":4.0,"damage_taken":0.0},{"event_name":"Dead Adventurer","player_choice":"Searched \u00271\u0027 times","floor":10.0,"damage_taken":0.0},{"event_name":"Beggar","player_choice":"Ignored","floor":22.0,"damage_taken":0.0},{"event_name":"Bonfire Elementals","player_choice":"BASIC","floor":38,"damage_taken":0},{"event_name":"SensoryStone","player_choice":"Memory 1","floor":39,"damage_taken":0}],"is_beta":true,"boss_relics":[{"not_picked":["Ectoplasm","Orrery"],"picked":"Snecko Eye"},{"not_picked":["Astrolabe","Calling Bell"],"picked":"Coffee Dripper"}],"items_purged_floors":[28],"is_endless":false,"potions_floor_spawned":[2,7,10,13,16,18,24,25,30,33,36,41,47,48],"ascension_level":15}