{"gold_per_floor":[99,24,24,24,24,24,24,24,24,24,24,24,24,24,24,24],"floor_reached":16,"playtime":295,"items_purged":[],"score":216,"play_id":"a360e59a-ebdd-4077-a83b-661701583d97","local_time":"20190214165329","is_ascension_mode":true,"campfire_choices":[{"data":"Bash","floor":6,"key":"SMITH"},{"floor":11,"key":"REST"},{"data":"Pommel Strike","floor":15,"key":"SMITH"}],"neow_cost":"NONE","seed_source_timestamp":852340875095,"circlet_count":0,"master_deck":["AscendersBane","Strike_R","Strike_R","Strike_R","Strike_R","Defend_R+1","Defend_R+1","Defend_R+1","Bash+1","Clash","True Grit+1","Pommel Strike+1","Rampage","Metallicize"],"relics":["Ectoplasm","Gremlin Horn","Juzu Bracelet","War Paint"],"potions_floor_usage":[14,16],"damage_taken":[{"damage":9,"enemies":"Small Slimes","floor":1,"turns":3},{"damage":2,"enemies":"Jaw Worm","floor":3,"turns":2},{"damage":31,"enemies":"Gremlin Nob","floor":8,"turns":4},{"damage":0,"enemies":"2 Louse","floor":10,"turns":1},{"damage":2,"enemies":"Gremlin Gang","floor":13,"turns":3},{"damage":17,"enemies":"3 Sentries","floor":14,"turns":8},{"damage":6,"enemies":"The Guardian","floor":16,"turns":5}],"seed_played":"-7241324140475967883","potions_obtained":[{"floor":3,"key":"LiquidBronze"},{"floor":13,"key":"Fire Potion"}],"is_trial":false,"path_per_floor":["M","?","M","$","?","R","?","E","T","M","R","$","M","E","R","B"],"character_chosen":"IRONCLAD","items_purchased":[],"campfire_rested":1,"item_purchase_floors":[],"current_hp_per_floor":[59,59,57,57,34,34,34,3,3,3,25,25,23,6,6,0],"gold":24,"neow_bonus":"BOSS_RELIC","is_prod":false,"is_daily":false,"chose_seed":false,"campfire_upgraded":2,"win_rate":0,"timestamp":1550192009,"path_taken":["M","?","M","$","?","R","?","E","T","M","R","$","M","E","R","BOSS"],"build_version":"2019-02-06","purchased_purges":0,"victory":false,"max_hp_per_floor":[75,75,75,75,75,75,75,75,75,75,75,75,75,75,75,75],"card_choices":[{"not_picked":["Twin Strike","Corruption"],"picked":"Clash","floor":1},{"not_picked":["Headbutt","Whirlwind"],"picked":"True Grit","floor":3},{"not_picked":["Cleave","Iron Wave"],"picked":"Pommel Strike","floor":8},{"not_picked":["Wild Strike","Headbutt"],"picked":"Rampage","floor":10},{"not_picked":["Bloodletting","Warcry"],"picked":"Metallicize","floor":14}],"player_experience":1163894,"relics_obtained":[{"floor":8,"key":"Gremlin Horn"},{"floor":9,"key":"Juzu Bracelet"},{"floor":14,"key":"War Paint"}],"event_choices":[{"cards_removed":["Defend_R"],"damage_healed":0,"gold_gain":0,"player_choice":"Card Removal","damage_taken":0,"max_hp_gain":0,"max_hp_loss":0,"event_name":"The Cleric","floor":2,"gold_loss":75},{"damage_healed":0,"gold_gain":0,"player_choice":"Entered Light","damage_taken":23,"max_hp_gain":0,"max_hp_loss":0,"event_name":"Shining Light","floor":5,"gold_loss":0,"cards_upgraded":["Defend_R","True Grit"]},{"cards_removed":["Strike_R"],"damage_healed":0,"gold_gain":0,"player_choice":"Purged","damage_taken":0,"max_hp_gain":0,"max_hp_loss":0,"event_name":"Purifier","floor":7,"gold_loss":0}],"is_beta":true,"boss_relics":[],"items_purged_floors":[],"is_endless":false,"potions_floor_spawned":[3,13],"killed_by":"The Guardian","ascension_level":20}