{"gold_per_floor":[112,112,126,126,126,126,159,159,159,171,189,218,238,255,255,332,332,350,350,361,378,378],"floor_reached":22,"playtime":532,"items_purged":[],"score":396,"play_id":"ab66829b-1f3c-483b-bd72-33d39ad9c904","local_time":"20190327102839","is_ascension_mode":true,"campfire_choices":[{"floor":6,"key":"REST"},{"data":"Havoc","floor":8,"key":"SMITH"},{"floor":15,"key":"REST"}],"neow_cost":"NONE","seed_source_timestamp":2781184325407,"circlet_count":0,"master_deck":["AscendersBane","Bash+1","Carnage","Sword Boomerang","Rupture","Fire Breathing","Sever Soul","Havoc+1","Immolate+1","Brutality","Dual Wield","Shrug It Off+1","Clothesline","Headbutt","True Grit","Anger","Flame Barrier","Bloodletting","Limit Break","Fire Breathing","Power Through","Armaments"],"relics":["Pandora\u0027s Box","Omamori","Matryoshka","Potion Belt","Runic Dome","SsserpentHead"],"potions_floor_usage":[12,12,13,18],"damage_taken":[{"damage":13,"enemies":"Jaw Worm","floor":1,"turns":2},{"damage":1,"enemies":"Small Slimes","floor":3,"turns":2},{"damage":8,"enemies":"Gremlin Nob","floor":7,"turns":3},{"damage":0,"enemies":"Cultist","floor":10,"turns":2},{"damage":0,"enemies":"Lots of Slimes","floor":11,"turns":1},{"damage":30,"enemies":"Lagavulin","floor":12,"turns":5},{"damage":14,"enemies":"Red Slaver","floor":13,"turns":2},{"damage":0,"enemies":"2 Fungi Beasts","floor":14,"turns":1},{"damage":25,"enemies":"Hexaghost","floor":16,"turns":5},{"damage":12,"enemies":"2 Thieves","floor":18,"turns":3},{"damage":24,"enemies":"3 Byrds","floor":20,"turns":4},{"damage":39,"enemies":"Shelled Parasite and Fungi","floor":21,"turns":3},{"damage":9,"enemies":"Snecko","floor":22,"turns":3}],"seed_played":"-6198253549411769078","potions_obtained":[{"floor":7,"key":"BloodPotion"},{"floor":10,"key":"EssenceOfSteel"},{"floor":12,"key":"AttackPotion"},{"floor":13,"key":"Energy Potion"},{"floor":16,"key":"FairyPotion"},{"floor":20,"key":"Poison Potion"}],"is_trial":false,"path_per_floor":["M","?","M","?","?","R","E","R","T","M","M","E","M","M","R","B",null,"M","?","M","M","M"],"character_chosen":"IRONCLAD","items_purchased":[],"campfire_rested":2,"item_purchase_floors":[],"current_hp_per_floor":[55,32,31,31,31,53,45,45,45,45,45,22,8,8,30,5,58,46,46,22,7,0],"gold":378,"neow_bonus":"BOSS_RELIC","is_prod":false,"is_daily":false,"chose_seed":false,"campfire_upgraded":1,"win_rate":0,"timestamp":1553707719,"path_taken":["M","?","M","?","?","R","E","R","T","M","M","E","M","M","R","BOSS","M","?","M","M","M"],"build_version":"2019-03-15","purchased_purges":0,"victory":false,"max_hp_per_floor":[75,75,75,75,75,75,75,75,75,75,75,75,75,75,75,75,75,75,75,75,75,75],"card_choices":[{"not_picked":["Reckless Charge","Headbutt"],"picked":"Shrug It Off","floor":1},{"not_picked":["Body Slam","Havoc"],"picked":"Clothesline","floor":3},{"not_picked":["Intimidate","Pummel"],"picked":"Headbutt","floor":7},{"not_picked":["Evolve","Carnage"],"picked":"True Grit","floor":10},{"not_picked":["Second Wind","Carnage"],"picked":"Anger","floor":12},{"not_picked":["Fire Breathing","Dropkick"],"picked":"Flame Barrier","floor":13},{"not_picked":["Flex","Carnage"],"picked":"Bloodletting","floor":14},{"not_picked":["Impervious","Fiend Fire"],"picked":"Limit Break","floor":16},{"not_picked":["Headbutt","Cleave"],"picked":"Fire Breathing","floor":18},{"not_picked":["Corruption","Clothesline"],"picked":"Power Through","floor":20},{"not_picked":["Feed","Body Slam"],"picked":"Armaments","floor":21}],"player_experience":1369068,"relics_obtained":[{"floor":7,"key":"Omamori"},{"floor":9,"key":"Matryoshka"},{"floor":12,"key":"Potion Belt"}],"event_choices":[{"damage_healed":0,"gold_gain":0,"player_choice":"Entered Light","damage_taken":23,"max_hp_gain":0,"max_hp_loss":0,"event_name":"Shining Light","floor":2,"gold_loss":0,"cards_upgraded":["Bash","Shrug It Off"]},{"damage_healed":0,"gold_gain":0,"player_choice":"Ignored","damage_taken":0,"max_hp_gain":0,"max_hp_loss":0,"event_name":"Liars Game","floor":4,"gold_loss":0},{"damage_healed":0,"gold_gain":0,"player_choice":"Upgraded","damage_taken":0,"max_hp_gain":0,"max_hp_loss":0,"event_name":"Upgrade Shrine","floor":5,"gold_loss":0,"cards_upgraded":["Immolate"]},{"damage_healed":0,"gold_gain":0,"player_choice":"Trade","damage_taken":0,"relics_obtained":["SsserpentHead"],"max_hp_gain":0,"max_hp_loss":0,"event_name":"FaceTrader","floor":19,"gold_loss":0}],"is_beta":true,"boss_relics":[{"not_picked":["Black Star","Runic Pyramid"],"picked":"Runic Dome"}],"items_purged_floors":[],"is_endless":false,"potions_floor_spawned":[7,10,12,13,16,20],"killed_by":"Snecko","ascension_level":20}