{"gold_per_floor":[117,132,4,19,39,73,93,108,158,158],"floor_reached":10,"playtime":309,"items_purged":[],"score":126,"play_id":"d3405f2e-46c5-45de-a3c5-1dfbe7fcc68f","local_time":"20180714133022","is_ascension_mode":true,"campfire_choices":[],"neow_cost":"NONE","seed_source_timestamp":305050179227043,"circlet_count":0,"master_deck":["Strike_R","Strike_R","Strike_R","Strike_R","Strike_R","Defend_R","Defend_R","Defend_R","Defend_R","Bash","AscendersBane","Twin Strike","Evolve","Metallicize","Shrug It Off","Headbutt","Shockwave","Ghostly Armor","Wild Strike","Disarm"],"relics":["Sozu","Blood Vial","Red Skull"],"potions_floor_usage":[],"damage_taken":[{"damage":1,"enemies":"Cultist","floor":1,"turns":3},{"damage":2,"enemies":"Jaw Worm","floor":2,"turns":3},{"damage":4,"enemies":"2 Louse","floor":4,"turns":3},{"damage":0,"enemies":"2 Fungi Beasts","floor":5,"turns":4},{"damage":16,"enemies":"Lagavulin","floor":6,"turns":5},{"damage":29,"enemies":"Gremlin Gang","floor":7,"turns":6},{"damage":10,"enemies":"Lots of Slimes","floor":8,"turns":6},{"damage":0,"enemies":"Exordium Thugs","floor":10,"turns":1}],"seed_played":"-2555788944996438018","potions_obtained":[],"is_trial":false,"path_per_floor":["M","M","$","M","M","E","M","M","T"],"character_chosen":"IRONCLAD","items_purchased":["Metallicize","Shrug It Off"],"campfire_rested":0,"item_purchase_floors":[3,3],"current_hp_per_floor":[67,65,65,61,61,45,18,10,10,12],"gold":158,"neow_bonus":"BOSS_RELIC","is_prod":false,"is_daily":false,"chose_seed":false,"campfire_upgraded":0,"win_rate":0,"timestamp":1531600222,"path_taken":["M","M","$","M","M","E","M","M","T","M"],"build_version":"2018-07-13","purchased_purges":0,"victory":false,"max_hp_per_floor":[75,75,75,75,75,75,75,75,75,75],"card_choices":[{"not_picked":["Hemokinesis","Sentinel"],"picked":"Twin Strike","floor":1},{"not_picked":["Body Slam","Thunderclap"],"picked":"Evolve","floor":2},{"not_picked":["Armaments","Thunderclap"],"picked":"Headbutt","floor":4},{"not_picked":["Dropkick","Iron Wave"],"picked":"Shockwave","floor":5},{"not_picked":["Reaper","Sentinel"],"picked":"Ghostly Armor","floor":6},{"not_picked":["Combust","Armaments"],"picked":"Wild Strike","floor":7},{"not_picked":["Headbutt","Armaments"],"picked":"Disarm","floor":8}],"player_experience":639669,"relics_obtained":[{"floor":6,"key":"Blood Vial"},{"floor":9,"key":"Red Skull"}],"event_choices":[],"boss_relics":[],"items_purged_floors":[],"is_endless":false,"potions_floor_spawned":[1,2,5],"killed_by":"Exordium Thugs","ascension_level":15}