{"gold_per_floor":[113,16,16,83,103,103,113,113,113,113,263,263,298,8,8,79,79,89,123,135,64,79,79,97,113,113,113,113,113,143,143,143,143],"floor_reached":33,"playtime":822,"items_purged":["Doubt","Strike_R"],"score":572,"play_id":"2049cdc2-4566-4cad-9f74-1b939157ed9d","local_time":"20190811003015","is_ascension_mode":true,"campfire_choices":[{"data":"Searing Blow","floor":6.0,"key":"SMITH"},{"data":"Searing Blow+1","floor":8.0,"key":"SMITH"},{"data":"Searing Blow+2","floor":10.0,"key":"SMITH"},{"data":"Searing Blow+3","floor":12.0,"key":"SMITH"},{"data":"Searing Blow+4","floor":15.0,"key":"SMITH"},{"data":"Searing Blow+5","floor":23.0,"key":"SMITH"},{"data":"Searing Blow+6","floor":29,"key":"SMITH"},{"data":"Searing Blow+7","floor":32,"key":"SMITH"}],"neow_cost":"NONE","seed_source_timestamp":4252436379094,"circlet_count":0,"master_deck":["AscendersBane","Strike_R","Strike_R","Defend_R","Defend_R","Defend_R","Defend_R","Bash","Flame Barrier","Uppercut","Armaments","Searing Blow+8","Armaments","Armaments","Offering","Ghostly Armor","Thunderclap","Second Wind","Disarm","Headbutt","Double Tap","Whirlwind"],"special_seed":0,"relics":["Burning Blood","NeowsBlessing","Pantograph","Juzu Bracelet","Membership Card","Runic Pyramid","Red Mask","Singing Bowl","Orichalcum","Bag of Marbles"],"potions_floor_usage":[33,33],"damage_taken":[{"damage":0.0,"enemies":"Small Slimes","floor":1.0,"turns":1.0},{"damage":0.0,"enemies":"Jaw Worm","floor":5.0,"turns":1.0},{"damage":0.0,"enemies":"2 Louse","floor":7.0,"turns":1.0},{"damage":31.0,"enemies":"3 Sentries","floor":13.0,"turns":10.0},{"damage":57.0,"enemies":"Hexaghost","floor":16.0,"turns":11.0},{"damage":0.0,"enemies":"Spheric Guardian","floor":18.0,"turns":1.0},{"damage":28.0,"enemies":"Masked Bandits","floor":19.0,"turns":5.0},{"damage":5.0,"enemies":"3 Byrds","floor":20.0,"turns":3.0},{"damage":14.0,"enemies":"Snake Plant","floor":22.0,"turns":2.0},{"damage":7.0,"enemies":"Centurion and Healer","floor":24.0,"turns":5.0},{"damage":9.0,"enemies":"Sentry and Sphere","floor":25.0,"turns":5.0},{"damage":24,"enemies":"Book of Stabbing","floor":30,"turns":6},{"damage":64,"enemies":"Collector","floor":33,"turns":6}],"seed_played":"-8379643698478617259","potions_obtained":[{"floor":1.0,"key":"Dexterity Potion"},{"floor":7.0,"key":"Weak Potion"},{"floor":16.0,"key":"Fire Potion"},{"floor":19.0,"key":"LiquidBronze"},{"floor":22.0,"key":"Dexterity Potion"},{"floor":24.0,"key":"Swift Potion"},{"floor":30,"key":"Ancient Potion"}],"is_trial":false,"path_per_floor":["M","$","?","?","M","R","M","R","T","R","?","R","E","$","R","B",null,"M","?","M","$","M","R","M","M","T","?","?","R","E","?","R","B"],"character_chosen":"IRONCLAD","items_purchased":["Uppercut","Armaments","Membership Card","Armaments","Second Wind"],"campfire_rested":0,"item_purchase_floors":[2,2,14,14,21],"current_hp_per_floor":[74,74,79,79,80,80,80,80,80,80,80,80,55,55,55,29,67,73,51,52,52,44,44,43,40,40,40,40,40,24,24,24,0],"gold":143,"neow_bonus":"THREE_ENEMY_KILL","is_prod":false,"is_daily":false,"chose_seed":false,"campfire_upgraded":8,"win_rate":0,"timestamp":1565508615,"path_taken":["M","$","?","?","M","R","M","R","T","R","?","R","E","$","R","BOSS","M","?","M","$","M","R","M","M","T","?","?","R","E","?","R","BOSS"],"build_version":"2019-07-18","purchased_purges":2,"victory":false,"max_hp_per_floor":[75,75,80,80,80,80,80,80,80,80,80,80,80,80,80,80,80,80,80,80,80,80,80,80,80,80,80,80,80,82,82,82,82],"card_choices":[{"not_picked":["True Grit","Flex"],"picked":"Flame Barrier","floor":1.0},{"not_picked":["Ghostly Armor","Perfected Strike"],"picked":"Searing Blow","floor":5.0},{"not_picked":["Warcry","Infernal Blade"],"picked":"Armaments","floor":7.0},{"not_picked":["Power Through","Seeing Red","Entrench"],"picked":"SKIP","floor":13.0},{"not_picked":["Exhume","Juggernaut"],"picked":"Offering","floor":16.0},{"not_picked":["Rupture","Sword Boomerang"],"picked":"Ghostly Armor","floor":18.0},{"not_picked":["Clash","Anger"],"picked":"Thunderclap","floor":19.0},{"not_picked":["Bludgeon","Sentinel","Armaments"],"picked":"SKIP","floor":20.0},{"not_picked":["Warcry","Searing Blow"],"picked":"Disarm","floor":22.0},{"not_picked":["Shrug It Off","Cleave"],"picked":"Headbutt","floor":24.0},{"not_picked":["Spot Weakness","Anger","Demon Form"],"picked":"SKIP","floor":25.0},{"not_picked":["Spot Weakness","Rampage","Infernal Blade"],"picked":"Singing Bowl","floor":30}],"player_experience":1397999,"relics_obtained":[{"floor":9.0,"key":"Pantograph"},{"floor":13.0,"key":"Juzu Bracelet"},{"floor":19.0,"key":"Red Mask"},{"floor":26.0,"key":"Singing Bowl"},{"floor":30,"key":"Bag of Marbles"}],"event_choices":[{"damage_healed":0.0,"max_hp_gain":5.0,"max_hp_loss":0.0,"gold_gain":0.0,"event_name":"Big Fish","player_choice":"Donut","floor":3.0,"gold_loss":0.0,"damage_taken":0.0},{"damage_healed":0.0,"max_hp_gain":0.0,"max_hp_loss":0.0,"gold_gain":67.0,"event_name":"Golden Wing","player_choice":"Gained Gold","floor":4.0,"gold_loss":0.0,"damage_taken":0.0},{"damage_healed":0.0,"max_hp_gain":0.0,"max_hp_loss":0.0,"gold_gain":150.0,"event_name":"Liars Game","player_choice":"AGREE","floor":11.0,"gold_loss":0.0,"damage_taken":0.0,"cards_obtained":["Doubt"]},{"damage_healed":0.0,"max_hp_gain":0.0,"max_hp_loss":0.0,"gold_gain":0.0,"event_name":"Masked Bandits","player_choice":"Fought Bandits","floor":19.0,"gold_loss":0.0,"damage_taken":0.0},{"damage_healed":0,"gold_gain":0,"player_choice":"Ignored","damage_taken":0,"max_hp_gain":0,"max_hp_loss":0,"event_name":"The Mausoleum","floor":27,"gold_loss":0},{"damage_healed":0,"gold_gain":0,"player_choice":"Gave Potion","damage_taken":0,"relics_obtained":["Orichalcum"],"max_hp_gain":0,"max_hp_loss":0,"event_name":"WeMeetAgain","floor":28,"gold_loss":0},{"damage_healed":0,"gold_gain":0,"cards_transformed":["Strike_R","Strike_R"],"player_choice":"Became Test Subject","damage_taken":0,"max_hp_gain":0,"max_hp_loss":0,"event_name":"Drug Dealer","floor":31,"gold_loss":0,"cards_obtained":["Double Tap","Whirlwind"]}],"is_beta":true,"boss_relics":[{"not_picked":["Empty Cage","White Beast Statue"],"picked":"Runic Pyramid"}],"items_purged_floors":[14,21],"is_endless":false,"potions_floor_spawned":[1,7,16,19,22,24,30],"killed_by":"Collector","ascension_level":20}