{"gold_per_floor":[113,113,113,132,155,155,30,44,67,67,111,111,124,148,148,273,273,296,117,133,153,178,178,129,145,145,145,165,186,186,235,235,364,364,387,387,134,157,157,157,200,200,200,200,200,218,241,56,56,56],"floor_reached":51,"playtime":3338,"items_purged":["Injury","Strike_G"],"score":1007,"play_id":"dc1c2fea-567d-458d-b148-ce29b68600a6","local_time":"20180713192113","is_ascension_mode":true,"campfire_choices":[{"data":"Neutralize","floor":6,"key":"SMITH"},{"floor":10,"key":"REST"},{"data":"Noxious Fumes","floor":12,"key":"SMITH"},{"floor":15,"key":"REST"},{"data":"Glass Knife","floor":23,"key":"SMITH"},{"data":"Defend_G","floor":27,"key":"SMITH"},{"floor":30,"key":"REST"},{"data":"Well Laid Plans","floor":32,"key":"SMITH"},{"floor":40,"key":"REST"},{"floor":42,"key":"REST"},{"floor":49,"key":"REST"}],"neow_cost":"NONE","seed_source_timestamp":17212734288075,"circlet_count":0,"master_deck":["Defend_G+1","Defend_G","Defend_G","Defend_G","Defend_G","Strike_G+1","Survivor+1","Neutralize+1","Flying Knee","Cloak And Dagger","Noxious Fumes+1","Cloak And Dagger","Glass Knife+1","Crippling Poison","Glass Knife+1","Bullet Time+1","PiercingWail","Well Laid Plans+1","Catalyst+1","Bane","Dodge and Roll+1","Crippling Poison","Catalyst+1","Backstab","Dodge and Roll+1","Leg Sweep+1","Footwork"],"relics":["Ring of the Snake","Golden Idol","Blood Vial","Potion Belt","Astrolabe","Question Card","Pen Nib","Runic Dome","Bronze Scales","Darkstone Periapt","Dead Branch"],"potions_floor_usage":[16,18,18,21,22,25,28,33,33,38,41,50,50,50,50],"damage_taken":[{"damage":0,"enemies":"Cultist","floor":1,"turns":4},{"damage":0,"enemies":"Jaw Worm","floor":4,"turns":5},{"damage":0,"enemies":"Small Slimes","floor":5,"turns":4},{"damage":3,"enemies":"Looter","floor":8,"turns":4},{"damage":7,"enemies":"3 Sentries","floor":11,"turns":8},{"damage":13,"enemies":"Large Slime","floor":13,"turns":5},{"damage":4,"enemies":"Exordium Thugs","floor":14,"turns":4},{"damage":29,"enemies":"The Guardian","floor":16,"turns":10},{"damage":0,"enemies":"Shell Parasite","floor":18,"turns":5},{"damage":0,"enemies":"3 Byrds","floor":20,"turns":4},{"damage":0,"enemies":"Centurion and Healer","floor":21,"turns":5},{"damage":9,"enemies":"Cultist and Chosen","floor":22,"turns":6},{"damage":5,"enemies":"Chosen and Byrds","floor":25,"turns":6},{"damage":12,"enemies":"Snake Plant","floor":28,"turns":5},{"damage":4,"enemies":"Centurion and Healer","floor":29,"turns":5},{"damage":46,"enemies":"Collector","floor":33,"turns":10},{"damage":21,"enemies":"3 Shapes","floor":35,"turns":4},{"damage":24,"enemies":"3 Darklings","floor":38,"turns":8},{"damage":20,"enemies":"Nemesis","floor":41,"turns":5},{"damage":6,"floor":45,"turns":5},{"damage":28,"enemies":"Flame Bruiser 2 Orb","floor":46,"turns":5},{"damage":9,"enemies":"Transient","floor":47,"turns":5},{"damage":21,"enemies":"Donu and Deca","floor":50,"turns":5}],"seed_played":"2551192778853787775","potions_obtained":[{"floor":8,"key":"EssenceOfSteel"},{"floor":13,"key":"Poison Potion"},{"floor":14,"key":"GhostInAJar"},{"floor":16,"key":"Explosive Potion"},{"floor":20,"key":"SteroidPotion"},{"floor":21,"key":"Weak Potion"},{"floor":22,"key":"Swift Potion"},{"floor":28,"key":"Strength Potion"},{"floor":35,"key":"Dexterity Potion"},{"floor":38,"key":"EssenceOfSteel"},{"floor":46,"key":"FearPotion"}],"is_trial":false,"path_per_floor":["M","?","?","M","M","R","$","M","T","R","E","R","M","M","R","B",null,"M","$","M","M","M","R","$","M","T","R","M","M","R","T","R","B",null,"M","?","$","M","?","R","E","R","T","?","?","M","M","$","R","B"],"character_chosen":"THE_SILENT","items_purchased":["Cloak And Dagger","Well Laid Plans","SpeedPotion","Block Potion","Grand Finale","Strength Potion","Footwork","Weak Potion","SpeedPotion"],"campfire_rested":6,"item_purchase_floors":[7,19,24,37,37,37,48,48,48],"current_hp_per_floor":[77,62,62,62,62,62,62,59,59,77,70,70,59,57,77,48,77,77,77,77,77,68,68,68,65,65,65,55,53,76,76,76,31,77,56,77,77,53,53,76,57,77,77,77,71,45,38,38,61,42],"gold":56,"neow_bonus":"TEN_PERCENT_HP_BONUS","is_prod":false,"is_daily":false,"chose_seed":false,"campfire_upgraded":5,"win_rate":0,"timestamp":1531524073,"path_taken":["M","?","?","M","M","R","$","M","T","R","E","R","M","M","R","BOSS","M","$","M","M","M","R","$","M","T","R","M","M","R","?","R","BOSS","M","?","$","M","?","R","E","R","T","?","?","M","M","$","R","BOSS"],"build_version":"2018-07-12","purchased_purges":2,"victory":true,"max_hp_per_floor":[77,77,77,77,77,77,77,77,77,77,77,77,77,77,77,77,77,77,77,77,77,77,77,77,77,77,77,77,77,77,77,77,77,77,77,77,77,77,77,77,77,77,77,77,77,77,77,77,77,77],"card_choices":[{"not_picked":["Poisoned Stab","Terror"],"picked":"Flying Knee","floor":1},{"not_picked":["Poisoned Stab","Dodge and Roll"],"picked":"Cloak And Dagger","floor":4},{"not_picked":["Flechettes","Quick Slash"],"picked":"Noxious Fumes","floor":5},{"not_picked":["Deflect","Slice","Heel Hook"],"picked":"SKIP","floor":8},{"not_picked":["Flechettes","Outmaneuver"],"picked":"Glass Knife","floor":11},{"not_picked":["Prepared","Quick Slash","Riddle With Holes"],"picked":"SKIP","floor":13},{"not_picked":["Deadly Poison","Quick Slash"],"picked":"Crippling Poison","floor":14},{"not_picked":["Flying Knee","Terror"],"picked":"PiercingWail","floor":18},{"not_picked":["Deflect+1","Endless Agony"],"picked":"Catalyst+1","floor":20},{"not_picked":["Acrobatics","Underhanded Strike","Outmaneuver"],"picked":"SKIP","floor":21},{"not_picked":["Sucker Punch","Reflex"],"picked":"Bane","floor":22},{"not_picked":["Underhanded Strike","Eviscerate","Deflect+1"],"picked":"SKIP","floor":25},{"not_picked":["Quick Slash","Accuracy","Outmaneuver","Sucker Punch"],"picked":"SKIP","floor":28},{"not_picked":["A Thousand Cuts","Finisher+1","Setup"],"picked":"Dodge and Roll+1","floor":29},{"not_picked":["Envenom","Glass Knife","Wraith Form v2"],"picked":"Die Die Die","floor":33},{"not_picked":["Deflect","Dagger Spray+1","Bouncing Flask+1"],"picked":"Crippling Poison","floor":35},{"not_picked":["Flying Knee","PiercingWail","Bouncing Flask+1"],"picked":"Catalyst+1","floor":38},{"not_picked":["Skewer","Acrobatics+1","Prepared+1"],"picked":"Backstab","floor":41},{"not_picked":["Acrobatics+1","Choke+1","Deadly Poison"],"picked":"Dodge and Roll+1","floor":45},{"not_picked":["Wraith Form v2","Slice+1","Outmaneuver+1","Deflect+1"],"picked":"SKIP","floor":46},{"not_picked":["Deadly Poison","Acrobatics","Riddle With Holes"],"picked":"Leg Sweep+1","floor":47}],"player_experience":277035,"relics_obtained":[{"floor":9,"key":"Blood Vial"},{"floor":11,"key":"Potion Belt"},{"floor":26,"key":"Question Card"},{"floor":31,"key":"Pen Nib"},{"floor":41,"key":"Bronze Scales"},{"floor":43,"key":"Darkstone Periapt"},{"floor":45,"key":"Dead Branch"}],"event_choices":[{"event_name":"Shining Light","player_choice":"Entered Light","floor":2,"damage_taken":0},{"event_name":"Golden Idol","player_choice":"Take Wound","floor":3,"damage_taken":0},{"event_name":"Bonfire Elementals","player_choice":"UNCOMMON","floor":36,"damage_taken":0},{"event_name":"Falling","player_choice":"Removed Attack","floor":39,"damage_taken":0},{"event_name":"Purifier","player_choice":"One Purge","floor":44,"damage_taken":0},{"event_name":"MindBloom","player_choice":"Fight","floor":45,"damage_taken":0}],"boss_relics":[{"not_picked":["Eternal Feather","Philosopher\u0027s Stone"],"picked":"Astrolabe"},{"not_picked":["Runic Pyramid","Empty Cage"],"picked":"Runic Dome"}],"items_purged_floors":[7,19],"is_endless":false,"potions_floor_spawned":[8,13,14,16,20,21,22,28,35,38,46],"ascension_level":3}