{"gold_per_floor":[111,129,129,143,143,143,156,156,156,56,74,74,118,118,118,118],"floor_reached":16,"playtime":171,"items_purged":["Strike_B"],"score":100,"play_id":"32e92c20-7c39-4fe0-bfa1-41d0521fcb38","local_time":"20181214153421","is_ascension_mode":false,"campfire_choices":[{"data":"Sunder","floor":6,"key":"SMITH"},{"data":"Turbo","floor":8,"key":"SMITH"},{"data":"Hologram","floor":12,"key":"SMITH"},{"floor":15,"key":"RECALL"}],"neow_cost":"NONE","seed_source_timestamp":497878920822732,"circlet_count":0,"master_deck":["Strike_B","Strike_B","Strike_B","Defend_B","Defend_B","Defend_B","Defend_B","Zap","Dualcast","Coolheaded","Sunder+1","Turbo+1","Hologram+1","Hello World","Lockon"],"relics":["Cracked Core","NeowsBlessing","Unceasing Top","Golden Idol","Turnip","Gremlin Horn"],"potions_floor_usage":[7,7],"damage_taken":[{"damage":0,"enemies":"Cultist","floor":1,"turns":1},{"damage":0,"enemies":"2 Louse","floor":2,"turns":1},{"damage":0,"enemies":"Jaw Worm","floor":4,"turns":1},{"damage":5,"enemies":"Exordium Wildlife","floor":7,"turns":3},{"damage":5,"enemies":"Blue Slaver","floor":11,"turns":2},{"damage":38,"enemies":"Gremlin Nob","floor":13,"turns":4},{"damage":0,"enemies":"Hexaghost","floor":16,"turns":1}],"seed_played":"2716907789102070832","potions_obtained":[{"floor":2,"key":"EssenceOfSteel"},{"floor":4,"key":"Fire Potion"}],"is_trial":false,"path_per_floor":["M","M","T","M","?","R","M","R","T","$","M","R","E","?","R","B"],"character_chosen":"DEFECT","items_purchased":["Hologram"],"campfire_rested":0,"item_purchase_floors":[10],"current_hp_per_floor":[75,75,75,75,69,69,64,64,64,64,59,59,21,69,69,69],"gold":118,"neow_bonus":"THREE_ENEMY_KILL","is_prod":false,"is_daily":false,"chose_seed":false,"campfire_upgraded":3,"win_rate":0,"timestamp":1544830461,"path_taken":["M","?","?","M","?","R","M","R","T","$","M","R","E","?","R","BOSS"],"build_version":"2018-12-13","purchased_purges":1,"victory":false,"max_hp_per_floor":[75,75,75,75,69,69,69,69,69,69,69,69,69,69,69,69],"card_choices":[{"not_picked":["Steam","Stack"],"picked":"Coolheaded","floor":2},{"not_picked":["Streamline","Rebound"],"picked":"Sunder","floor":4},{"not_picked":["Stack","Coolheaded"],"picked":"Turbo","floor":7},{"not_picked":["Self Repair","Stack"],"picked":"Hello World","floor":11},{"not_picked":["Double Energy","Heatsinks"],"picked":"Lockon","floor":13}],"player_experience":994016,"relics_obtained":[{"floor":3,"key":"Unceasing Top"},{"floor":9,"key":"Turnip"},{"floor":13,"key":"Gremlin Horn"}],"event_choices":[{"damage_healed":0,"gold_gain":0,"player_choice":"Lose Max HP","damage_taken":0,"relics_obtained":["Golden Idol"],"max_hp_gain":0,"max_hp_loss":6,"event_name":"Golden Idol","floor":5,"gold_loss":0},{"damage_healed":48,"gold_gain":0,"player_choice":"Full Heal","damage_taken":0,"max_hp_gain":0,"max_hp_loss":0,"event_name":"Wheel of Change","floor":14,"gold_loss":0}],"is_beta":true,"boss_relics":[],"items_purged_floors":[10],"is_endless":false,"potions_floor_spawned":[2,4],"killed_by":"Hexaghost","ascension_level":0}