{"gold_per_floor":[110,110,110,35,12,30,40,71,71,71,71,124,124,134,134,234,234,252,267,267,267,12,39,39,53,53,70,70,70,70,80,80,80],"floor_reached":33,"playtime":3990,"items_purged":["Regret"],"score":327,"play_id":"c68a015b-e2e4-424a-84b2-0779cc022c2a","local_time":"20181015005812","is_ascension_mode":true,"campfire_choices":[{"data":"Whirlwind","floor":10,"key":"SMITH"},{"data":"Flex","floor":13,"key":"SMITH"},{"data":"Double Tap","floor":15,"key":"SMITH"},{"data":"Corruption","floor":24,"key":"SMITH"},{"data":"Armaments","floor":28,"key":"SMITH"},{"data":"Feel No Pain","floor":30,"key":"SMITH"},{"data":"Warcry","floor":32,"key":"SMITH"}],"neow_cost":"NONE","seed_source_timestamp":360881666167007,"circlet_count":0,"master_deck":["Strike_R","Strike_R","Strike_R","Strike_R","Defend_R","Defend_R","Defend_R","Bash","Headbutt","Flex+1","Whirlwind+1","Feel No Pain+1","Inflame","Double Tap+1","Fiend Fire","Clothesline","Headbutt","Corruption+1","Armaments+1","Dark Embrace","Anger+1","Ghostly","Ghostly","Ghostly","Ghostly","Ghostly","Warcry+1"],"relics":["Burning Blood","Question Card","Dodecahedron","Kunai","Self Forming Clay","Pen Nib","Empty Cage","Happy Flower","Singing Bowl","Molten Egg 2"],"potions_floor_usage":[8,25,31,33,33],"damage_taken":[{"damage":1,"enemies":"Cultist","floor":1,"turns":3},{"damage":2,"enemies":"Jaw Worm","floor":6,"turns":2},{"damage":3,"enemies":"2 Louse","floor":7,"turns":3},{"damage":36,"enemies":"Gremlin Nob","floor":8,"turns":4},{"damage":10,"enemies":"2 Fungi Beasts","floor":14,"turns":3},{"damage":31,"enemies":"Slime Boss","floor":16,"turns":9},{"damage":23,"enemies":"2 Thieves","floor":18,"turns":4},{"damage":7,"enemies":"Chosen","floor":19,"turns":4},{"damage":25,"enemies":"Gremlin Leader","floor":23,"turns":4},{"damage":29,"enemies":"Snecko","floor":25,"turns":5},{"damage":18,"enemies":"Centurion and Healer","floor":27,"turns":5},{"damage":2,"enemies":"Chosen and Byrds","floor":31,"turns":7},{"damage":53,"enemies":"Collector","floor":33,"turns":9}],"seed_played":"-8811132320884243809","potions_obtained":[{"floor":1,"key":"FearPotion"},{"floor":16,"key":"SteroidPotion"},{"floor":25,"key":"Regen Potion"},{"floor":27,"key":"EssenceOfSteel"},{"floor":31,"key":"Weak Potion"}],"is_trial":false,"path_per_floor":["M","?","T","$","$","M","M","E","T","R","?","T","R","M","R","B",null,"M","M","?","?","$","E","R","M","T","M","R","?","R","M","R"],"character_chosen":"IRONCLAD","items_purchased":["Flex","Corruption","Armaments","Happy Flower"],"campfire_rested":0,"item_purchase_floors":[5,22,22,22],"current_hp_per_floor":[80,80,80,80,80,80,80,50,50,50,50,50,50,46,46,21,80,63,62,62,80,80,61,61,38,38,28,28,28,28,32,32,0],"gold":80,"neow_bonus":"THREE_CARDS","is_prod":false,"is_daily":false,"chose_seed":false,"campfire_upgraded":7,"win_rate":0,"timestamp":1539557892,"path_taken":["M","?","?","?","$","M","?","E","T","R","?","?","R","M","R","BOSS","M","M","?","?","$","E","R","M","T","M","R","?","R","M","R","BOSS"],"build_version":"2018-10-11","purchased_purges":1,"victory":false,"max_hp_per_floor":[80,80,80,80,80,80,80,80,80,80,80,80,80,80,80,80,80,80,80,80,80,80,80,80,80,80,82,82,41,41,41,41,41],"card_choices":[{"not_picked":["Rupture","Clash"],"picked":"Headbutt","floor":0},{"not_picked":["Evolve","Thunderclap","Wild Strike"],"picked":"SKIP","floor":1},{"not_picked":["Iron Wave","Cleave","Flex"],"picked":"Whirlwind","floor":6},{"not_picked":["Perfected Strike","Headbutt","Bloodletting"],"picked":"Feel No Pain","floor":7},{"not_picked":["Evolve","Infernal Blade","Seeing Red"],"picked":"Inflame","floor":8},{"not_picked":["Seeing Red","Dual Wield","Clash"],"picked":"Double Tap","floor":14},{"not_picked":["Feed","Dark Embrace","Double Tap"],"picked":"Fiend Fire","floor":16},{"not_picked":["Clash","Twin Strike","Inflame+1"],"picked":"Dual Wield+1","floor":18},{"not_picked":["Perfected Strike","Havoc","Feel No Pain"],"picked":"Clothesline","floor":19},{"not_picked":["Iron Wave","Burning Pact","Dropkick+1"],"picked":"Dark Embrace","floor":23},{"not_picked":["Metallicize","Rampage+1","Sword Boomerang"],"picked":"Anger+1","floor":25},{"not_picked":["Twin Strike+1","Flex+1","Perfected Strike+1","Ghostly Armor"],"picked":"Singing Bowl","floor":27},{"not_picked":["Spot Weakness","Cleave+1","Flex"],"picked":"Warcry","floor":31}],"player_experience":264284,"relics_obtained":[{"floor":3,"key":"Dodecahedron"},{"floor":8,"key":"Kunai"},{"floor":9,"key":"Self Forming Clay"},{"floor":12,"key":"Pen Nib"},{"floor":23,"key":"Singing Bowl"},{"floor":26,"key":"Molten Egg 2"}],"event_choices":[{"event_name":"Big Fish","player_choice":"Box","floor":2,"damage_taken":0},{"event_name":"Liars Game","player_choice":"disagreed","floor":11,"damage_taken":0},{"event_name":"Duplicator","player_choice":"One dupe","floor":20,"damage_taken":0},{"event_name":"Bonfire Elementals","player_choice":"UNCOMMON","floor":21,"damage_taken":0},{"event_name":"Ghosts","player_choice":"Became a Ghost","floor":29,"damage_taken":0}],"is_beta":false,"boss_relics":[{"not_picked":["Runic Dome","Coffee Dripper"],"picked":"Empty Cage"}],"items_purged_floors":[4],"is_endless":false,"potions_floor_spawned":[1,16,25,27,31],"killed_by":"Collector","ascension_level":3}