{"gold_per_floor":[116,116,116,116,15,49,224,143,143,43,43,58,58,71,71,71],"floor_reached":16,"playtime":1139,"items_purged":["Strike_R","Doubt"],"score":120,"play_id":"267fdc02-b124-4ccd-b2da-b73885f5e594","local_time":"20181125233737","is_ascension_mode":true,"campfire_choices":[{"floor":11,"key":"REST"},{"data":"Evolve","floor":13,"key":"SMITH"},{"data":"Feel No Pain","floor":15,"key":"SMITH"}],"neow_cost":"NONE","seed_source_timestamp":273493894982515,"circlet_count":0,"master_deck":["Strike_R","Strike_R","Strike_R","Strike_R","Defend_R","Defend_R","Defend_R","Defend_R","Bash","Wild Strike","Warcry","Shrug It Off","Evolve+1","Feel No Pain+1","Wild Strike"],"relics":["Burning Blood","Bag of Marbles","Dead Branch","Golden Idol","Gambling Chip","Blood Vial"],"potions_floor_usage":[16,16],"damage_taken":[{"damage":1,"enemies":"Cultist","floor":1,"turns":4},{"damage":30,"enemies":"3 Sentries","floor":6,"turns":10},{"damage":1,"enemies":"Small Slimes","floor":12,"turns":3},{"damage":0,"enemies":"2 Louse","floor":14,"turns":2},{"damage":68,"enemies":"The Guardian","floor":16,"turns":11}],"seed_played":"7337975797041980507","potions_obtained":[{"floor":1,"key":"Weak Potion"},{"floor":14,"key":"AttackPotion"}],"is_trial":false,"path_per_floor":["M","?","?","?","$","E","?","$","T","$","R","M","R","M","R","B"],"character_chosen":"IRONCLAD","items_purchased":["Warcry","Evolve"],"campfire_rested":1,"item_purchase_floors":[5,8],"current_hp_per_floor":[80,47,47,40,40,16,16,16,16,16,40,47,47,55,55,0],"gold":71,"neow_bonus":"RANDOM_COMMON_RELIC","is_prod":false,"is_daily":false,"chose_seed":false,"campfire_upgraded":2,"win_rate":0,"timestamp":1543185457,"path_taken":["M","?","?","?","$","E","?","?","T","$","R","?","R","M","R","BOSS"],"build_version":"2018-11-15","purchased_purges":2,"victory":false,"max_hp_per_floor":[80,80,80,80,80,80,80,80,80,80,80,80,80,80,80,80],"card_choices":[{"not_picked":["Twin Strike","Power Through"],"picked":"Wild Strike","floor":1},{"not_picked":["Hemokinesis","Anger"],"picked":"Shrug It Off","floor":6},{"not_picked":["Feed","Cleave"],"picked":"Feel No Pain","floor":12},{"not_picked":["Iron Wave","Hemokinesis"],"picked":"Wild Strike","floor":14}],"player_experience":310531,"relics_obtained":[{"floor":6,"key":"Gambling Chip"},{"floor":9,"key":"Blood Vial"}],"event_choices":[{"damage_healed":0,"gold_gain":0,"player_choice":"Success","damage_taken":33,"relics_obtained":["Dead Branch"],"max_hp_gain":0,"max_hp_loss":0,"event_name":"Scrap Ooze","floor":2,"gold_loss":0},{"damage_healed":0,"gold_gain":0,"player_choice":"Take Wound","damage_taken":0,"relics_obtained":["Golden Idol"],"max_hp_gain":0,"max_hp_loss":0,"event_name":"Golden Idol","floor":3,"gold_loss":0,"cards_obtained":["Injury"]},{"cards_removed":["Injury"],"damage_healed":0,"gold_gain":0,"player_choice":"Card Removal","damage_taken":7,"max_hp_gain":0,"max_hp_loss":0,"event_name":"Golden Wing","floor":4,"gold_loss":0},{"damage_healed":0,"gold_gain":175,"player_choice":"AGREE","damage_taken":0,"max_hp_gain":0,"max_hp_loss":0,"event_name":"Liars Game","floor":7,"gold_loss":0,"cards_obtained":["Doubt"]}],"is_beta":false,"boss_relics":[],"items_purged_floors":[5,10],"is_endless":false,"potions_floor_spawned":[1,14],"killed_by":"The Guardian","ascension_level":5}