{"gold_per_floor":[119,36,36,55,55,89,89,124,148,182,182,194,269,269],"floor_reached":14,"playtime":249,"items_purged":[],"score":262,"play_id":"8b6a28d6-0c50-4a07-9cda-1c392169bcaa","local_time":"20190103011608","is_ascension_mode":true,"campfire_choices":[{"data":"All Out Attack","floor":7,"key":"SMITH"}],"neow_cost":"NONE","seed_source_timestamp":24586308390664,"circlet_count":0,"master_deck":["AscendersBane","Defend_G","Defend_G","Defend_G","Defend_G","Defend_G","Strike_G","Strike_G","Strike_G","Strike_G","Strike_G","Survivor","Neutralize","All Out Attack+1","Infinite Blades","Underhanded Strike","Terror","Backflip","Underhanded Strike"],"relics":["Ring of the Snake","NeowsBlessing","Boot","Blood Vial","Happy Flower","Meat on the Bone"],"potions_floor_usage":[8,8],"damage_taken":[{"damage":0,"enemies":"Small Slimes","floor":1,"turns":1},{"damage":0,"enemies":"Cultist","floor":4,"turns":1},{"damage":0,"enemies":"3 Sentries","floor":6,"turns":1},{"damage":17,"enemies":"Lagavulin","floor":8,"turns":7},{"damage":37,"enemies":"3 Sentries","floor":10,"turns":6},{"damage":0,"enemies":"2 Louse","floor":12,"turns":1},{"damage":2,"enemies":"Large Slime","floor":14,"turns":4}],"seed_played":"3159080609446097830","potions_obtained":[{"floor":1,"key":"SteroidPotion"},{"floor":3,"key":"Swift Potion"},{"floor":10,"key":"LiquidBronze"},{"floor":12,"key":"Explosive Potion"}],"is_trial":false,"path_per_floor":["M","$","?","M","$","E","R","E","T","E","?","M","?","M"],"character_chosen":"THE_SILENT","items_purchased":["Infinite Blades"],"campfire_rested":0,"item_purchase_floors":[2],"current_hp_per_floor":[59,59,59,59,59,59,59,42,42,7,29,43,32,32],"gold":269,"neow_bonus":"THREE_ENEMY_KILL","is_prod":false,"is_daily":false,"chose_seed":false,"campfire_upgraded":1,"win_rate":0,"timestamp":1546506968,"path_taken":["M","$","?","?","$","E","R","E","T","E","?","M","?","M"],"build_version":"2019-01-01v2","purchased_purges":0,"victory":false,"max_hp_per_floor":[66,66,66,66,66,66,66,66,66,66,66,66,66,66],"card_choices":[{"not_picked":["Cloak And Dagger","Acrobatics"],"picked":"All Out Attack","floor":1},{"not_picked":["Acrobatics","Quick Slash"],"picked":"Underhanded Strike","floor":6},{"not_picked":["Slice","Deadly Poison"],"picked":"Terror","floor":8},{"not_picked":["Calculated Gamble","Crippling Poison"],"picked":"Backflip","floor":10},{"not_picked":["Bane","Outmaneuver"],"picked":"Underhanded Strike","floor":12}],"player_experience":1018302,"relics_obtained":[{"floor":6,"key":"Boot"},{"floor":8,"key":"Blood Vial"},{"floor":9,"key":"Happy Flower"},{"floor":10,"key":"Meat on the Bone"}],"event_choices":[{"damage_healed":0,"gold_gain":0,"player_choice":"Got Potions","damage_taken":0,"max_hp_gain":0,"max_hp_loss":0,"event_name":"Lab","floor":3,"gold_loss":0},{"damage_healed":22,"gold_gain":0,"player_choice":"Banana","damage_taken":0,"max_hp_gain":0,"max_hp_loss":0,"event_name":"Big Fish","floor":11,"gold_loss":0},{"damage_healed":0,"gold_gain":75,"player_choice":"Gather Gold","damage_taken":11,"max_hp_gain":0,"max_hp_loss":0,"event_name":"World of Goop","floor":13,"gold_loss":0}],"is_beta":true,"boss_relics":[],"items_purged_floors":[],"is_endless":false,"potions_floor_spawned":[1,10,12],"killed_by":"Large Slime","ascension_level":20}