{"gold_per_floor":[110,126,144,93,93,93,125,56,56,76,76,76,76,86,86,181,181,201,201,216,141,241,241,260,279,279,279],"floor_reached":27,"playtime":979,"items_purged":["Defend_B"],"score":249,"play_id":"efd75e88-c620-4b1e-aeda-0e492dc5e786","local_time":"20190827212802","is_ascension_mode":true,"campfire_choices":[{"data":"Rainbow","floor":11,"key":"SMITH"},{"floor":15,"key":"REST"},{"data":"Defragment","floor":23,"key":"SMITH"}],"neow_cost":"NONE","seed_source_timestamp":6143918198200,"circlet_count":0,"master_deck":["Strike_B","Strike_B","Strike_B","Defend_B","Defend_B","Defend_B","Zap","Dualcast","Conserve Battery","Lockon","Leap","Defragment+1","Rainbow+1","Reboot","Steam+1","Genetic Algorithm","White Noise","Leap"],"relics":["Cracked Core","Potion Belt","Letter Opener","Calipers","Inserter","Gremlin Horn"],"potions_floor_usage":[],"damage_taken":[{"damage":0,"enemies":"Small Slimes","floor":1,"turns":3},{"damage":2,"enemies":"2 Louse","floor":2,"turns":3},{"damage":6,"enemies":"Cultist","floor":3,"turns":3},{"damage":21,"enemies":"Lagavulin","floor":7,"turns":7},{"damage":3,"enemies":"Red Slaver","floor":10,"turns":4},{"damage":0,"enemies":"Blue Slaver","floor":14,"turns":4},{"damage":42,"enemies":"Slime Boss","floor":16,"turns":10},{"damage":15,"enemies":"3 Byrds","floor":18,"turns":6},{"damage":10,"enemies":"Chosen","floor":20,"turns":5},{"damage":15,"enemies":"Shelled Parasite and Fungi","floor":24,"turns":8},{"damage":14,"enemies":"Sentry and Sphere","floor":25,"turns":6},{"damage":66,"enemies":"Slavers","floor":27,"turns":4}],"seed_played":"-8092684703882433165","potions_obtained":[{"floor":3,"key":"LiquidBronze"},{"floor":16,"key":"GamblersBrew"},{"floor":25,"key":"SneckoOil"}],"is_trial":false,"path_per_floor":["M","M","M","$","?","?","E","$","T","M","R","?","?","M","R","B",null,"M","?","M","$","?","R","M","M","T","E"],"character_chosen":"DEFECT","items_purchased":["Leap","Defragment"],"campfire_rested":1,"item_purchase_floors":[4,8],"current_hp_per_floor":[75,73,67,67,60,65,44,44,44,41,41,23,23,23,47,5,80,65,90,80,80,80,80,65,51,51,0],"gold":279,"neow_bonus":"ONE_RANDOM_RARE_CARD","is_prod":false,"is_daily":false,"chose_seed":false,"campfire_upgraded":2,"win_rate":0,"timestamp":1566955682,"path_taken":["M","M","M","$","?","?","E","$","T","M","R","?","?","M","R","BOSS","M","?","?","$","?","R","M","M","T","E"],"build_version":"2019-07-17","purchased_purges":1,"victory":false,"max_hp_per_floor":[75,75,75,75,75,80,80,80,80,80,80,80,80,80,80,80,80,80,90,90,90,90,90,90,90,90,90],"card_choices":[{"not_picked":["Streamline","Gash"],"picked":"Conserve Battery","floor":1},{"not_picked":["Go for the Eyes","Static Discharge","Rebound"],"picked":"SKIP","floor":2},{"not_picked":["Blizzard","Auto Shields"],"picked":"Lockon","floor":3},{"not_picked":["Rebound","Sunder","Turbo"],"picked":"SKIP","floor":7},{"not_picked":["Coolheaded","Cold Snap"],"picked":"Rainbow","floor":10},{"not_picked":["Lockon","Scrape","Turbo"],"picked":"SKIP","floor":14},{"not_picked":["All For One","Seek"],"picked":"Reboot","floor":16},{"not_picked":["Conserve Battery","Go for the Eyes+1"],"picked":"Steam+1","floor":18},{"not_picked":["Compile Driver","Static Discharge"],"picked":"Genetic Algorithm","floor":20},{"not_picked":["Hologram","Steam"],"picked":"White Noise","floor":24},{"not_picked":["Gash+1","Static Discharge+1"],"picked":"Leap","floor":25}],"player_experience":63454,"relics_obtained":[{"floor":7,"key":"Potion Belt"},{"floor":9,"key":"Letter Opener"},{"floor":26,"key":"Gremlin Horn"}],"event_choices":[{"cards_removed":["Strike_B"],"damage_healed":0,"gold_gain":0,"player_choice":"Card Removal","damage_taken":7,"max_hp_gain":0,"max_hp_loss":0,"event_name":"Golden Wing","floor":5,"gold_loss":0},{"damage_healed":0,"gold_gain":0,"player_choice":"Donut","damage_taken":0,"max_hp_gain":5,"max_hp_loss":0,"event_name":"Big Fish","floor":6,"gold_loss":0},{"damage_healed":0,"gold_gain":0,"player_choice":"Success","damage_taken":18,"relics_obtained":["Calipers"],"max_hp_gain":0,"max_hp_loss":0,"event_name":"Scrap Ooze","floor":12,"gold_loss":0},{"damage_healed":0,"gold_gain":0,"player_choice":"0 cards matched","damage_taken":0,"max_hp_gain":0,"max_hp_loss":0,"event_name":"Match and Keep!","floor":13,"gold_loss":0,"cards_obtained":[]},{"cards_removed":["Machine Learning"],"damage_healed":15,"gold_gain":0,"player_choice":"Offered Rare","damage_taken":0,"max_hp_gain":10,"max_hp_loss":0,"event_name":"Bonfire Elementals","floor":19,"gold_loss":0},{"damage_healed":0,"gold_gain":100,"player_choice":"Pray","damage_taken":0,"max_hp_gain":0,"max_hp_loss":0,"event_name":"Golden Shrine","floor":22,"gold_loss":0}],"is_beta":false,"boss_relics":[{"not_picked":["Ectoplasm","Astrolabe"],"picked":"Inserter"}],"items_purged_floors":[21],"is_endless":false,"potions_floor_spawned":[3,16,25],"killed_by":"Slavers","ascension_level":1}