{"gold_per_floor":[113,131,131,148,19,19,30,30,54,66,80,142,142,142],"floor_reached":14,"playtime":340,"items_purged":[],"score":184,"play_id":"412a8d4c-70c2-47f4-a17a-99243609ce07","local_time":"20190102100713","is_ascension_mode":true,"campfire_choices":[{"data":"Noxious Fumes","floor":6,"key":"SMITH"},{"data":"Catalyst","floor":8,"key":"SMITH"}],"neow_cost":"NONE","seed_source_timestamp":2908253049371,"circlet_count":0,"master_deck":["AscendersBane","Defend_G","Defend_G","Defend_G","Defend_G","Defend_G","Strike_G","Strike_G","Strike_G","Strike_G","Strike_G","Survivor","Neutralize","Dagger Spray","Infinite Blades","Masterful Stab","Bouncing Flask","Noxious Fumes+1","Catalyst+1","PiercingWail","Noxious Fumes","Noxious Fumes"],"relics":["Philosopher\u0027s Stone","Bag of Marbles","Tiny Chest","Golden Idol"],"potions_floor_usage":[11,12],"damage_taken":[{"damage":7,"enemies":"Cultist","floor":1,"turns":5},{"damage":0,"enemies":"Jaw Worm","floor":2,"turns":4},{"damage":9,"enemies":"Small Slimes","floor":4,"turns":4},{"damage":4,"enemies":"Blue Slaver","floor":7,"turns":3},{"damage":6,"enemies":"Red Slaver","floor":10,"turns":3},{"damage":9,"enemies":"Exordium Thugs","floor":11,"turns":3},{"damage":12,"enemies":"3 Sentries","floor":12,"turns":6},{"damage":0,"enemies":"Large Slime","floor":14,"turns":2}],"seed_played":"-1850185803331199964","potions_obtained":[{"floor":3,"key":"Ancient Potion"},{"floor":3,"key":"FairyPotion"},{"floor":4,"key":"Fire Potion"},{"floor":11,"key":"Dexterity Potion"}],"is_trial":false,"path_per_floor":["M","M","?","M","$","R","M","R","T","M","M","E","?","M"],"character_chosen":"THE_SILENT","items_purchased":["Bouncing Flask","Noxious Fumes"],"campfire_rested":0,"item_purchase_floors":[5,5],"current_hp_per_floor":[52,52,52,43,43,43,39,39,39,33,24,12,12,12],"gold":142,"neow_bonus":"BOSS_RELIC","is_prod":false,"is_daily":false,"chose_seed":false,"campfire_upgraded":2,"win_rate":0,"timestamp":1546452433,"path_taken":["M","?","?","?","$","R","M","R","T","M","M","E","?","M"],"build_version":"2019-01-01v2","purchased_purges":0,"victory":false,"max_hp_per_floor":[66,66,66,66,66,66,66,66,66,66,66,66,60,60],"card_choices":[{"not_picked":["Poisoned Stab","Concentrate"],"picked":"Dagger Spray","floor":1},{"not_picked":["Acrobatics","Dagger Spray"],"picked":"Infinite Blades","floor":2},{"not_picked":["PiercingWail","Expertise"],"picked":"Masterful Stab","floor":4},{"not_picked":["Cloak And Dagger","Riddle With Holes"],"picked":"Catalyst","floor":7},{"not_picked":["Tactician","Slice"],"picked":"PiercingWail","floor":10},{"not_picked":["Dodge and Roll","Deadly Poison"],"picked":"Noxious Fumes","floor":11},{"not_picked":["Dagger Spray","Sucker Punch"],"picked":"Noxious Fumes","floor":12}],"player_experience":1013460,"relics_obtained":[{"floor":9,"key":"Bag of Marbles"},{"floor":12,"key":"Tiny Chest"}],"event_choices":[{"damage_healed":0,"gold_gain":0,"player_choice":"Got Potions","damage_taken":0,"max_hp_gain":0,"max_hp_loss":0,"event_name":"Lab","floor":3,"gold_loss":0},{"damage_healed":0,"gold_gain":0,"player_choice":"Lose Max HP","damage_taken":0,"relics_obtained":["Golden Idol"],"max_hp_gain":0,"max_hp_loss":6,"event_name":"Golden Idol","floor":13,"gold_loss":0}],"is_beta":true,"boss_relics":[],"items_purged_floors":[],"is_endless":false,"potions_floor_spawned":[4,7,10,11],"killed_by":"Large Slime","ascension_level":20}