{"gold_per_floor":[110,130,130,147,147,147,173,189,243,6,36,53,53,53,53,53],"floor_reached":16,"playtime":316,"items_purged":[],"score":175,"play_id":"c3c6568b-22b0-4a30-ba43-d65af4090757","local_time":"20180726164831","daily_mods":["Binary"],"is_ascension_mode":true,"campfire_choices":[{"data":"Zap","floor":6,"key":"SMITH"},{"floor":13,"key":"REST"},{"data":"Trip","floor":15,"key":"SMITH"}],"neow_cost":"","seed_source_timestamp":0,"circlet_count":0,"master_deck":["Strike_B","Strike_B","Strike_B","Strike_B","Defend_B","Defend_B","Defend_B","Defend_B","Zap+1","Dualcast","AscendersBane","Streamline","Go for the Eyes","Trip+1","Skim"],"relics":["Cracked Core","Busted Crown","Ornamental Fan","Bag of Marbles"],"potions_floor_usage":[],"damage_taken":[{"damage":1,"enemies":"Cultist","floor":1,"turns":3},{"damage":3,"enemies":"2 Louse","floor":2,"turns":2},{"damage":2,"enemies":"Jaw Worm","floor":4,"turns":3},{"damage":28,"enemies":"Lagavulin","floor":7,"turns":8},{"damage":14,"enemies":"Large Slime","floor":8,"turns":5},{"damage":5,"enemies":"Red Slaver","floor":12,"turns":3},{"damage":22,"enemies":"Slime Boss","floor":16,"turns":8}],"seed_played":"5539104628347436470","potions_obtained":[{"floor":8,"key":"AttackPotion"},{"floor":12,"key":"Regen Potion"}],"is_trial":true,"path_per_floor":["M","M","?","M","?","R","E","M","T","$","?","M","R","?","R"],"character_chosen":"DEFECT","items_purchased":["Streamline","Go for the Eyes","Trip","Skim"],"campfire_rested":1,"item_purchase_floors":[10,10,10,10],"current_hp_per_floor":[63,60,60,58,63,63,35,21,21,21,21,16,38,38,38,16],"gold":53,"neow_bonus":"","is_prod":false,"is_daily":false,"chose_seed":false,"campfire_upgraded":2,"win_rate":0,"timestamp":1532648911,"path_taken":["M","?","?","?","?","R","E","?","T","$","?","M","R","?","R","BOSS"],"build_version":"2018-07-26","purchased_purges":0,"victory":false,"max_hp_per_floor":[71,71,71,71,76,76,76,76,76,76,76,76,76,76,76,76],"card_choices":[],"player_experience":691106,"relics_obtained":[{"floor":7,"key":"Ornamental Fan"},{"floor":9,"key":"Bag of Marbles"}],"event_choices":[{"event_name":"The Cleric","player_choice":"Leave","floor":3,"damage_taken":0},{"event_name":"Big Fish","player_choice":"Donut","floor":5,"damage_taken":0},{"event_name":"Dead Adventurer","player_choice":"Searched \u00271\u0027 times","floor":11,"damage_taken":0},{"event_name":"Shining Light","player_choice":"Ignored","floor":14,"damage_taken":0}],"is_beta":true,"boss_relics":[],"items_purged_floors":[],"is_endless":false,"potions_floor_spawned":[8,12],"killed_by":"Slime Boss","ascension_level":15}