{"gold_per_floor":[119,119,119,119,136,161,175,175,175,100,110,123,23,53,53,148,148,161,172,184,106,106,106,106,116,116,116,134,134,134,154,154,255,255,272,290,165,165,165,165,165],"floor_reached":41,"playtime":1194,"items_purged":["Defend_G","Defend_G","Strike_G+1"],"score":401,"play_id":"3a192d02-fae9-4400-b3c6-34008c1fd48a","local_time":"20190824235037","is_ascension_mode":false,"campfire_choices":[{"data":"Neutralize","floor":8.0,"key":"SMITH"},{"data":"Strike_G","floor":15.0,"key":"SMITH"},{"data":"Reflex","floor":23.0,"key":"SMITH"},{"data":"Strike_G","floor":29.0,"key":"SMITH"},{"floor":32.0,"key":"RECALL"}],"neow_cost":"NONE","seed_source_timestamp":10732519586409,"circlet_count":0,"master_deck":["Strike_G+1","Strike_G+1","Defend_G+1","Defend_G+1","Survivor+1","Reflex+1"],"special_seed":0,"relics":["Empty Cage","Sundial","Pantograph","War Paint","Ninja Scroll","Coffee Dripper","StoneCalendar","Runic Pyramid"],"potions_floor_usage":[],"damage_taken":[{"damage":4.0,"enemies":"Jaw Worm","floor":1.0,"turns":4.0},{"damage":0.0,"enemies":"2 Louse","floor":5.0,"turns":3.0},{"damage":31.0,"enemies":"Gremlin Nob","floor":6.0,"turns":6.0},{"damage":0.0,"enemies":"Cultist","floor":7.0,"turns":4.0},{"damage":0.0,"enemies":"Red Slaver","floor":11.0,"turns":3.0},{"damage":1.0,"enemies":"Blue Slaver","floor":12.0,"turns":3.0},{"damage":2.0,"enemies":"Lagavulin","floor":14.0,"turns":5.0},{"damage":7.0,"enemies":"The Guardian","floor":16.0,"turns":18.0},{"damage":4.0,"enemies":"Shell Parasite","floor":18.0,"turns":4.0},{"damage":0.0,"enemies":"Chosen","floor":19.0,"turns":6.0},{"damage":2.0,"enemies":"3 Cultists","floor":20.0,"turns":6.0},{"damage":0.0,"enemies":"Snecko","floor":25.0,"turns":4.0},{"damage":1.0,"enemies":"Centurion and Healer","floor":28.0,"turns":7.0},{"damage":13.0,"enemies":"Snake Plant","floor":31.0,"turns":7.0},{"damage":65.0,"enemies":"Automaton","floor":33.0,"turns":14.0},{"damage":12.0,"enemies":"Orb Walker","floor":35.0,"turns":5.0},{"damage":0.0,"enemies":"3 Shapes","floor":36.0,"turns":7.0},{"damage":37,"enemies":"Nemesis","floor":41,"turns":6}],"seed_played":"79","potions_obtained":[{"floor":7.0,"key":"SkillPotion"},{"floor":14.0,"key":"SteroidPotion"},{"floor":16.0,"key":"Strength Potion"},{"floor":19.0,"key":"Fire Potion"},{"floor":20.0,"key":"SteroidPotion"},{"floor":31.0,"key":"Strength Potion"},{"floor":36.0,"key":"Energy Potion"}],"is_trial":false,"path_per_floor":["M","?","?","?","M","E","M","R","T","$","M","M","$","E","R","B",null,"M","M","M","$","?","R","$","M","T","?","M","R","?","M","R","B",null,"M","M","$","?","?","R","E"],"character_chosen":"THE_SILENT","items_purchased":["Reflex"],"campfire_rested":0,"item_purchase_floors":[21],"current_hp_per_floor":[66,59,45,45,45,14,14,14,14,14,14,13,13,11,11,29,70,66,66,64,64,64,64,64,64,64,64,63,63,63,50,50,5,70,58,58,58,58,58,58,21],"gold":165,"neow_bonus":"BOSS_RELIC","is_prod":false,"is_daily":false,"chose_seed":false,"campfire_upgraded":4,"win_rate":0,"timestamp":1566715837,"path_taken":["M","?","?","?","?","E","M","R","T","?","M","M","$","E","R","BOSS","M","M","M","$","?","R","$","M","T","?","M","R","?","?","R","BOSS","M","M","$","?","?","R","E"],"build_version":"2019-08-23","purchased_purges":3,"victory":false,"max_hp_per_floor":[70,70,70,70,70,70,70,70,70,70,70,70,70,70,70,70,70,70,70,70,70,70,70,70,70,70,70,70,70,70,70,70,70,70,70,70,70,70,70,70,70],"card_choices":[{"not_picked":["Slice","Bane","Expertise"],"picked":"SKIP","floor":6.0},{"not_picked":["Noxious Fumes","Dagger Throw","Endless Agony"],"picked":"SKIP","floor":14.0},{"not_picked":["Cloak And Dagger+1","Noxious Fumes","Riddle With Holes"],"picked":"SKIP","floor":19.0},{"not_picked":["Dagger Spray","Dagger Throw","Flechettes"],"picked":"SKIP","floor":25.0},{"not_picked":["Prepared","Sucker Punch","Riddle With Holes+1"],"picked":"SKIP","floor":31.0},{"not_picked":["Outmaneuver+1","Underhanded Strike+1","Dodge and Roll"],"picked":"SKIP","floor":36.0}],"player_experience":1429651,"relics_obtained":[{"floor":6.0,"key":"Pantograph"},{"floor":9.0,"key":"War Paint"},{"floor":14.0,"key":"Ninja Scroll"},{"floor":26.0,"key":"StoneCalendar"}],"event_choices":[{"damage_healed":0.0,"max_hp_gain":0.0,"max_hp_loss":0.0,"gold_gain":0.0,"event_name":"Scrap Ooze","player_choice":"Success","floor":2.0,"gold_loss":0.0,"damage_taken":7.0,"relics_obtained":["Sundial"]},{"damage_healed":0.0,"max_hp_gain":0.0,"max_hp_loss":0.0,"gold_gain":0.0,"event_name":"Shining Light","player_choice":"Entered Light","floor":3.0,"gold_loss":0.0,"damage_taken":14.0,"cards_upgraded":["Strike_G","Defend_G"]},{"cards_removed":["Strike_G"],"damage_healed":0.0,"max_hp_gain":0.0,"max_hp_loss":0.0,"gold_gain":0.0,"event_name":"NoteForYourself","player_choice":"Took Card","floor":4.0,"gold_loss":0.0,"damage_taken":0.0,"cards_obtained":["Strike_G"]},{"cards_removed":["Strike_G"],"damage_healed":0.0,"max_hp_gain":0.0,"max_hp_loss":0.0,"gold_gain":0.0,"event_name":"Back to Basics","player_choice":"Elegance","floor":22.0,"gold_loss":0.0,"damage_taken":0.0},{"damage_healed":0.0,"max_hp_gain":0.0,"max_hp_loss":0.0,"gold_gain":0.0,"event_name":"Ghosts","player_choice":"Ignored","floor":27.0,"gold_loss":0.0,"damage_taken":0.0},{"damage_healed":0.0,"max_hp_gain":0.0,"max_hp_loss":0.0,"gold_gain":0.0,"event_name":"Accursed Blacksmith","player_choice":"Ignored","floor":30.0,"gold_loss":0.0,"damage_taken":0.0},{"damage_healed":0,"gold_gain":0,"player_choice":"Memory 1","damage_taken":0,"max_hp_gain":0,"max_hp_loss":0,"event_name":"SensoryStone","floor":38,"gold_loss":0},{"cards_removed":["Neutralize"],"damage_healed":0,"gold_gain":0,"player_choice":"Removed Attack","damage_taken":0,"max_hp_gain":0,"max_hp_loss":0,"event_name":"Falling","floor":39,"gold_loss":0}],"is_beta":true,"boss_relics":[{"not_picked":["WristBlade","Snecko Eye"],"picked":"Coffee Dripper"},{"not_picked":["Calling Bell","HoveringKite"],"picked":"Runic Pyramid"}],"items_purged_floors":[10,13,37],"is_endless":false,"potions_floor_spawned":[7,14,16,19,20,31,36],"killed_by":"Nemesis","ascension_level":0}