{"gold_per_floor":[109,34,34,34,47,72,72,72,72,113,58,78,101,151,151,245,245,261,261,186,186,202,202,30,30,30,61,2,25,39,55,55,148,148,161,161,176,126,251,285,304,254,254,254,318,178,178,198,198,198,198,198,198,148,182,182],"floor_reached":57,"playtime":1899,"items_purged":["Strike_G","Defend_G","Defend_G","Defend_G","Bouncing Flask+1"],"score":3287,"play_id":"59b23b2b-41cd-487e-8f3d-cff0d7740556","local_time":"20190825165240","is_ascension_mode":true,"campfire_choices":[{"data":"Bouncing Flask","floor":7.0,"key":"SMITH"},{"data":"Neutralize","floor":15.0,"key":"SMITH"},{"data":"Footwork","floor":23.0,"key":"SMITH"},{"data":"Grand Finale","floor":25.0,"key":"SMITH"},{"floor":32.0,"key":"RECALL"},{"data":"Defend_G","floor":47.0,"key":"SMITH"},{"floor":49.0,"key":"REST"},{"floor":53,"key":"REST"}],"neow_cost":"NONE","seed_source_timestamp":888771409339200,"circlet_count":0,"master_deck":["AscendersBane","Defend_G+1","Defend_G+1","Survivor+1","Neutralize+1","Footwork+1","Calculated Gamble+1","Backflip+1","Adrenaline+1","Grand Finale+1","Prepared+1","Doppelganger+1","Escape Plan+1","Purity+1","Madness+1","Acrobatics+1"],"special_seed":0,"relics":["Ring of the Snake","NeowsBlessing","Regal Pillow","Golden Idol","Toxic Egg 2","Ancient Tea Set","Smiling Mask","Empty Cage","Calipers","Pen Nib","Eternal Feather","FossilizedHelix","Pear","Gambling Chip","Happy Flower"],"potions_floor_usage":[56,56],"damage_taken":[{"damage":0.0,"enemies":"Small Slimes","floor":1.0,"turns":1.0},{"damage":0.0,"enemies":"Jaw Worm","floor":5.0,"turns":1.0},{"damage":0.0,"enemies":"3 Sentries","floor":6.0,"turns":2.0},{"damage":24.0,"enemies":"Gremlin Nob","floor":10.0,"turns":4.0},{"damage":5.0,"enemies":"2 Louse","floor":12.0,"turns":4.0},{"damage":1.0,"enemies":"Blue Slaver","floor":13.0,"turns":3.0},{"damage":1.0,"enemies":"Hexaghost","floor":16.0,"turns":9.0},{"damage":9.0,"enemies":"2 Thieves","floor":18.0,"turns":5.0},{"damage":0.0,"enemies":"Spheric Guardian","floor":22.0,"turns":2.0},{"damage":1.0,"enemies":"Book of Stabbing","floor":27.0,"turns":5.0},{"damage":0.0,"enemies":"3 Cultists","floor":29.0,"turns":3.0},{"damage":0.0,"enemies":"Cultist and Chosen","floor":30.0,"turns":2.0},{"damage":0.0,"enemies":"Centurion and Healer","floor":31.0,"turns":3.0},{"damage":0.0,"enemies":"Automaton","floor":33.0,"turns":7.0},{"damage":0.0,"enemies":"3 Darklings","floor":35.0,"turns":3.0},{"damage":0.0,"enemies":"Orb Walker","floor":37.0,"turns":1.0},{"damage":0.0,"enemies":"Mind Bloom Boss Battle","floor":39.0,"turns":7.0},{"damage":0.0,"enemies":"Giant Head","floor":40.0,"turns":6.0},{"damage":0.0,"enemies":"Maw","floor":41.0,"turns":5.0},{"damage":0.0,"enemies":"2 Orb Walkers","floor":45.0,"turns":1.0},{"damage":0.0,"enemies":"3 Darklings","floor":48.0,"turns":1.0},{"damage":0.0,"enemies":"Awakened One","floor":50.0,"turns":3.0},{"damage":0,"enemies":"Time Eater","floor":51,"turns":3},{"damage":10,"enemies":"Shield and Spear","floor":55,"turns":3},{"damage":0,"enemies":"The Heart","floor":56,"turns":5}],"seed_played":"-4289812543095985129","potions_obtained":[{"floor":5.0,"key":"LiquidBronze"},{"floor":16.0,"key":"Weak Potion"},{"floor":18.0,"key":"Weak Potion"},{"floor":29.0,"key":"AttackPotion"},{"floor":33.0,"key":"PowerPotion"},{"floor":41.0,"key":"Ancient Potion"}],"is_trial":false,"path_per_floor":["M","$","?","?","M","E","R","?","T","E","?","M","M","T","R","B",null,"M","?","?","?","M","R","$","R","T","E","$","M","M","M","R","B",null,"M","?","M","$","?","E","M","$","T","?","?","$","R","M","R","B","B",null,"R","$","E","B",null],"character_chosen":"THE_SILENT","items_purchased":["Grand Finale","Prepared+1","Madness+1"],"campfire_rested":2,"item_purchase_floors":[24,28,46],"current_hp_per_floor":[59,59,64,43,43,43,43,43,43,19,19,14,13,13,13,12,51,42,42,42,42,42,42,42,42,42,41,41,41,41,41,41,41,58,58,58,58,58,58,68,68,68,68,58,58,58,67,67,74,74,74,74,74,74,64,64],"gold":182,"neow_bonus":"THREE_ENEMY_KILL","is_prod":false,"is_daily":false,"chose_seed":false,"campfire_upgraded":5,"win_rate":0,"timestamp":1566723160,"path_taken":["M","$","?","?","?","E","R","?","T","E","?","M","M","?","R","BOSS","M","?","?","?","M","R","?","R","T","E","$","?","?","M","R","BOSS","M","?","?","$","?","E","M","$","T","?","?","$","R","M","R","BOSS","BOSS","R","$","E","BOSS"],"build_version":"2019-07-17","purchased_purges":5,"victory":true,"max_hp_per_floor":[66,66,71,71,71,71,71,64,64,64,64,64,64,64,64,64,64,64,64,64,64,64,64,64,64,64,64,64,64,64,64,64,64,64,64,64,64,64,64,74,74,74,74,74,74,74,74,74,74,74,74,74,74,74,74,74],"card_choices":[{"not_picked":["Acrobatics","Sucker Punch"],"picked":"Footwork","floor":1.0},{"not_picked":["Masterful Stab","Bane"],"picked":"Bouncing Flask","floor":5.0},{"not_picked":["Prepared","Venomology","Malaise"],"picked":"SKIP","floor":6.0},{"not_picked":["Prepared","Venomology","Malaise"],"picked":"SKIP","floor":6.0},{"not_picked":["Dagger Throw","Poisoned Stab","Cloak And Dagger+1"],"picked":"SKIP","floor":10.0},{"not_picked":["Poisoned Stab","Quick Slash"],"picked":"Calculated Gamble+1","floor":12.0},{"not_picked":["Outmaneuver+1","Poisoned Stab"],"picked":"Backflip+1","floor":13.0},{"not_picked":["Tools of the Trade","Glass Knife"],"picked":"Adrenaline+1","floor":16.0},{"not_picked":["Deflect+1","Sucker Punch","Blade Dance+1"],"picked":"SKIP","floor":18.0},{"not_picked":["Bane","Terror+1","Distraction+1"],"picked":"SKIP","floor":22.0},{"not_picked":["Setup+1","Bane","Cloak And Dagger+1"],"picked":"SKIP","floor":27.0},{"not_picked":["Infinite Blades+1","Flechettes","Deadly Poison+1"],"picked":"SKIP","floor":29.0},{"not_picked":["Flying Knee","Bane","Outmaneuver+1"],"picked":"SKIP","floor":30.0},{"not_picked":["Bane","Quick Slash","Endless Agony"],"picked":"SKIP","floor":31.0},{"not_picked":["Glass Knife","Grand Finale"],"picked":"Doppelganger+1","floor":33.0},{"not_picked":["Deflect+1","Flying Knee"],"picked":"Escape Plan+1","floor":35.0},{"not_picked":["Dash","Accuracy","All Out Attack"],"picked":"SKIP","floor":37.0},{"not_picked":["Backflip+1","Dagger Spray+1","Heel Hook"],"picked":"SKIP","floor":40.0},{"not_picked":["Dodge and Roll+1","Slice","Backstab"],"picked":"SKIP","floor":41.0},{"not_picked":["Sadistic Nature","Jack Of All Trades+1"],"picked":"Purity+1","floor":44.0},{"not_picked":["Eviscerate","Outmaneuver+1","Dagger Spray"],"picked":"SKIP","floor":48.0},{"not_picked":["Masterful Stab","Dash"],"picked":"Acrobatics+1","floor":55}],"player_experience":871331,"relics_obtained":[{"floor":6.0,"key":"Regal Pillow"},{"floor":9.0,"key":"Toxic Egg 2"},{"floor":10.0,"key":"Ancient Tea Set"},{"floor":14.0,"key":"Smiling Mask"},{"floor":26.0,"key":"Calipers"},{"floor":27.0,"key":"Pen Nib"},{"floor":39.0,"key":"FossilizedHelix"},{"floor":40.0,"key":"Pear"},{"floor":45.0,"key":"Gambling Chip"},{"floor":55,"key":"Happy Flower"}],"event_choices":[{"damage_healed":0.0,"max_hp_gain":5.0,"max_hp_loss":0.0,"gold_gain":0.0,"event_name":"Big Fish","player_choice":"Donut","floor":3.0,"gold_loss":0.0,"damage_taken":0.0},{"damage_healed":0.0,"max_hp_gain":0.0,"max_hp_loss":0.0,"gold_gain":0.0,"event_name":"Shining Light","player_choice":"Entered Light","floor":4.0,"gold_loss":0.0,"damage_taken":21.0,"cards_upgraded":["Defend_G","Strike_G"]},{"damage_healed":0.0,"max_hp_gain":0.0,"max_hp_loss":7.0,"gold_gain":0.0,"event_name":"Golden Idol","player_choice":"Lose Max HP","floor":8.0,"gold_loss":0.0,"damage_taken":0.0,"relics_obtained":["Golden Idol"]},{"damage_healed":0.0,"max_hp_gain":0.0,"max_hp_loss":0.0,"gold_gain":0.0,"event_name":"World of Goop","player_choice":"Left Gold","floor":11.0,"gold_loss":55.0,"damage_taken":0.0},{"damage_healed":0.0,"max_hp_gain":0.0,"max_hp_loss":0.0,"gold_gain":0.0,"event_name":"The Mausoleum","player_choice":"Ignored","floor":19.0,"gold_loss":0.0,"damage_taken":0.0},{"cards_removed":["Strike_G"],"damage_healed":0.0,"max_hp_gain":0.0,"max_hp_loss":0.0,"gold_gain":0.0,"event_name":"Beggar","player_choice":"Gave Gold","floor":20.0,"gold_loss":75.0,"damage_taken":0.0},{"cards_removed":["Strike_G"],"damage_healed":0.0,"max_hp_gain":0.0,"max_hp_loss":0.0,"gold_gain":0.0,"event_name":"Back to Basics","player_choice":"Elegance","floor":21.0,"gold_loss":0.0,"damage_taken":0.0},{"damage_healed":0.0,"max_hp_gain":0.0,"max_hp_loss":0.0,"gold_gain":0.0,"event_name":"Accursed Blacksmith","player_choice":"Forge","floor":36.0,"gold_loss":0.0,"damage_taken":0.0,"cards_upgraded":["Survivor"]},{"damage_healed":0.0,"max_hp_gain":0.0,"max_hp_loss":0.0,"gold_gain":0.0,"event_name":"MindBloom","player_choice":"Fight","floor":39.0,"gold_loss":0.0,"damage_taken":0.0},{"damage_healed":0.0,"max_hp_gain":0.0,"max_hp_loss":0.0,"gold_gain":0.0,"event_name":"SensoryStone","player_choice":"Memory 3","floor":44.0,"gold_loss":0.0,"damage_taken":10.0},{"damage_healed":0.0,"max_hp_gain":0.0,"max_hp_loss":0.0,"gold_gain":0.0,"event_name":"Mysterious Sphere","player_choice":"Fight","floor":45.0,"gold_loss":0.0,"damage_taken":0.0}],"is_beta":false,"boss_relics":[{"not_picked":["Lizard Tail","Runic Pyramid"],"picked":"Empty Cage"},{"not_picked":["Tiny House","Fusion Hammer"],"picked":"Eternal Feather"}],"items_purged_floors":[2,38,42,46,54],"is_endless":false,"potions_floor_spawned":[5,16,18,29,33,35,41],"ascension_level":20}