{"gold_per_floor":[109,109,109,122,102,102,129,129,129,187,203,203],"floor_reached":12,"playtime":173,"items_purged":[],"score":222,"play_id":"8d600588-0694-4d66-9680-b55fcea9a582","local_time":"20181223212038","is_ascension_mode":true,"campfire_choices":[{"data":"Zap","floor":6,"key":"SMITH"},{"floor":8,"key":"RECALL"}],"neow_cost":"NONE","seed_source_timestamp":1117329201843644,"circlet_count":0,"master_deck":["AscendersBane","Strike_B","Strike_B+1","Strike_B+1","Strike_B+1","Defend_B","Defend_B","Defend_B","Defend_B","Zap+1","Dualcast","Gash+1","Regret","Glacier","Auto Shields","Creative AI","BootSequence"],"relics":["Cracked Core","NeowsBlessing","Question Card","Whetstone","Vajra","Tiny Chest"],"potions_floor_usage":[10,10],"damage_taken":[{"damage":0,"enemies":"Small Slimes","floor":1,"turns":1},{"damage":0,"enemies":"2 Louse","floor":4,"turns":1},{"damage":0,"enemies":"Lagavulin","floor":7,"turns":1},{"damage":35,"enemies":"Gremlin Nob","floor":10,"turns":5},{"damage":0,"enemies":"Cultist","floor":11,"turns":2},{"damage":0,"enemies":"3 Sentries","floor":12,"turns":2}],"seed_played":"184764228045549440","potions_obtained":[{"floor":4,"key":"LiquidBronze"},{"floor":5,"key":"Block Potion"},{"floor":7,"key":"Weak Potion"},{"floor":11,"key":"FearPotion"}],"is_trial":false,"path_per_floor":["M","?","?","M","?","R","E","R","T","E","M","E"],"character_chosen":"DEFECT","items_purchased":[],"campfire_rested":0,"item_purchase_floors":[],"current_hp_per_floor":[64,64,43,43,43,43,43,43,43,8,8,8],"gold":203,"neow_bonus":"THREE_ENEMY_KILL","is_prod":false,"is_daily":false,"chose_seed":false,"campfire_upgraded":1,"win_rate":0,"timestamp":1545628838,"path_taken":["M","?","?","M","?","R","E","R","T","E","?","E"],"build_version":"2018-12-20","purchased_purges":0,"victory":false,"max_hp_per_floor":[71,71,71,71,71,71,71,71,71,71,71,71],"card_choices":[{"not_picked":["Barrage","Go for the Eyes"],"picked":"Gash","floor":1},{"not_picked":["Recycle","Conserve Battery","Loop"],"picked":"Glacier","floor":4},{"not_picked":["Hologram","Redo","Ball Lightning"],"picked":"Auto Shields","floor":7},{"not_picked":["Gash","Storm","Cold Snap"],"picked":"Creative AI","floor":10},{"not_picked":["Redo","Compile Driver","Sweeping Beam"],"picked":"BootSequence","floor":11}],"player_experience":995469,"relics_obtained":[{"floor":7,"key":"Whetstone"},{"floor":9,"key":"Vajra"},{"floor":10,"key":"Tiny Chest"}],"event_choices":[{"damage_healed":0,"gold_gain":0,"player_choice":"Box","damage_taken":0,"relics_obtained":["Question Card"],"max_hp_gain":0,"max_hp_loss":0,"event_name":"Big Fish","floor":2,"gold_loss":0,"cards_obtained":["Regret"]},{"damage_healed":0,"gold_gain":0,"player_choice":"Entered Light","damage_taken":21,"max_hp_gain":0,"max_hp_loss":0,"event_name":"Shining Light","floor":3,"gold_loss":0,"cards_upgraded":["Strike_B","Strike_B"]},{"damage_healed":0,"gold_gain":0,"player_choice":"Bought 1 Potion","damage_taken":0,"max_hp_gain":0,"max_hp_loss":0,"event_name":"The Woman in Blue","floor":5,"gold_loss":0}],"is_beta":true,"boss_relics":[],"items_purged_floors":[],"is_endless":false,"potions_floor_spawned":[4,7,11],"killed_by":"3 Sentries","ascension_level":20}