{"gold_per_floor":[112,112,62,79,92,92,17,117,117,117,127,147,147,159,159,261,261,274,299,151,165,182,182,212,212,237,237,247,71,91,14,14,114,114,125,225,235,285,507,520,520,117,173,183,183,183,199,218,218,218],"floor_reached":50,"playtime":633,"items_purged":["Defend_R","Defend_R","Strike_R","Strike_R"],"score":502,"play_id":"4c5b5aa0-1f21-4ff2-ac77-61f7c5249e9c","local_time":"20180702165735","is_ascension_mode":false,"campfire_choices":[{"data":"Whirlwind","floor":6,"key":"SMITH"},{"data":"Bash","floor":10,"key":"SMITH"},{"data":"Whirlwind","floor":13,"key":"SMITH"},{"data":"Battle Trance","floor":15,"key":"SMITH"},{"data":"Clash","floor":23,"key":"SMITH"},{"data":"Strike_R","floor":25,"key":"SMITH"},{"data":"Flex","floor":32,"key":"SMITH"},{"data":"J.A.X.","floor":41,"key":"SMITH"},{"data":"Trip","floor":49,"key":"SMITH"}],"neow_cost":"","seed_source_timestamp":3274497242262,"circlet_count":0,"master_deck":["Strike_R+1","Strike_R+1","Strike_R+1","Bash+1","Whirlwind+1","Whirlwind+1","Battle Trance+1","Clash+1","Flex+1","J.A.X.+1","Inflame+1","Trip+1","Flex+1"],"relics":["Burning Blood","Ornamental Fan","Odd Mushroom","Sozu","Red Mask","Whetstone","Singing Bowl","Enchiridion","Philosopher\u0027s Stone","Ancient Tea Set","Bottled Tornado","Tiny Chest"],"potions_floor_usage":[16,16,33],"damage_taken":[{"damage":17,"enemies":"Small Slimes","floor":1,"turns":3},{"damage":11,"enemies":"2 Louse","floor":4,"turns":2},{"damage":6,"enemies":"Cultist","floor":5,"turns":3},{"damage":12,"enemies":"2 Fungi Beasts","floor":11,"turns":2},{"damage":18,"floor":12,"turns":2},{"damage":0,"enemies":"Large Slime","floor":14,"turns":3},{"damage":44,"enemies":"The Guardian","floor":16,"turns":7},{"damage":2,"enemies":"3 Byrds","floor":18,"turns":3},{"damage":0,"floor":19,"turns":2},{"damage":3,"enemies":"Shell Parasite","floor":21,"turns":2},{"damage":17,"enemies":"Snake Plant","floor":22,"turns":3},{"damage":14,"enemies":"Slavers","floor":24,"turns":2},{"damage":0,"enemies":"3 Cultists","floor":28,"turns":2},{"damage":0,"enemies":"Cultist and Chosen","floor":30,"turns":2},{"damage":38,"enemies":"Automaton","floor":33,"turns":6},{"damage":0,"enemies":"3 Darklings","floor":35,"turns":1},{"damage":3,"enemies":"Flame Bruiser 1 Orb","floor":37,"turns":2},{"damage":30,"enemies":"4 Shapes","floor":40,"turns":1},{"damage":3,"enemies":"3 Darklings","floor":44,"turns":1},{"damage":3,"enemies":"Transient","floor":47,"turns":5},{"damage":12,"enemies":"4 Shapes","floor":48,"turns":1},{"damage":75,"enemies":"Donu and Deca","floor":50,"turns":3}],"seed_played":"-9210850432836993567","potions_obtained":[{"floor":1,"key":"Explosive Potion"},{"floor":5,"key":"SteroidPotion"},{"floor":14,"key":"Strength Potion"}],"is_trial":false,"path_per_floor":["M","?","?","M","M","R","$","?","T","R","M","?","R","M","R","B",null,"M","?","$","M","M","R","E","R","T","?","M","$","M","?","R","B",null,"M","?","M","T","?","M","R","$","T","M","?","?","M","M","R"],"character_chosen":"IRONCLAD","items_purchased":["Clash","Flex","Bottled Tornado"],"campfire_rested":0,"item_purchase_floors":[20,29,42],"current_hp_per_floor":[69,62,62,57,57,57,57,57,57,57,51,39,39,45,45,7,80,80,80,80,80,69,69,61,61,61,45,51,51,59,59,59,29,84,84,84,86,86,86,62,62,62,62,67,67,67,72,66,66,0],"gold":218,"neow_bonus":"","is_prod":false,"is_daily":false,"chose_seed":false,"campfire_upgraded":9,"win_rate":0,"timestamp":1530575855,"path_taken":["M","?","?","M","?","R","$","?","T","R","M","?","R","M","R","BOSS","M","?","$","M","M","R","E","R","T","?","M","$","?","?","R","BOSS","M","?","M","?","?","?","R","$","T","M","?","?","?","M","R","BOSS"],"build_version":"2018-06-29","purchased_purges":4,"victory":false,"max_hp_per_floor":[80,80,80,80,80,80,80,80,80,80,80,80,80,80,80,80,80,80,80,80,80,80,80,80,80,80,80,80,80,82,82,82,84,84,84,84,86,86,86,86,86,86,86,88,88,88,90,90,90,90],"card_choices":[{"not_picked":["Wild Strike","True Grit"],"picked":"Whirlwind","floor":1},{"not_picked":["Body Slam","Seeing Red"],"picked":"Whirlwind","floor":11},{"not_picked":["Rampage","Clothesline"],"picked":"Battle Trance","floor":14},{"not_picked":["Anger","Body Slam","Cleave"],"picked":"Singing Bowl","floor":30},{"not_picked":["Immolate","Impervious","Brutality"],"picked":"Singing Bowl","floor":33},{"not_picked":["Sentinel+1","Dropkick","Burning Pact"],"picked":"Singing Bowl","floor":37},{"not_picked":["Shrug It Off+1","Anger"],"picked":"Inflame+1","floor":40},{"not_picked":["Disarm+1","Whirlwind","Infernal Blade"],"picked":"Singing Bowl","floor":44},{"not_picked":["Madness","Finesse"],"picked":"Trip","floor":45},{"not_picked":["Reckless Charge","Sentinel+1","Shrug It Off+1"],"picked":"Singing Bowl","floor":47},{"not_picked":["Hemokinesis+1","Carnage"],"picked":"Flex+1","floor":48}],"player_experience":455681,"relics_obtained":[{"floor":9,"key":"Ornamental Fan"},{"floor":12,"key":"Odd Mushroom"},{"floor":19,"key":"Red Mask"},{"floor":24,"key":"Whetstone"},{"floor":26,"key":"Singing Bowl"},{"floor":27,"key":"Enchiridion"},{"floor":38,"key":"Ancient Tea Set"},{"floor":43,"key":"Tiny Chest"}],"event_choices":[{"event_name":"Golden Wing","player_choice":"Card Removal","floor":2,"damage_taken":0},{"event_name":"The Cleric","player_choice":"Card Removal","floor":3,"damage_taken":0},{"event_name":"Wheel of Change","player_choice":"Gold","floor":8,"damage_taken":0},{"event_name":"Mushrooms","player_choice":"Fought Mushrooms","floor":12,"damage_taken":0},{"event_name":"Masked Bandits","player_choice":"Fought over 274 gold","floor":19,"damage_taken":0},{"event_name":"Cursed Tome","player_choice":"Obtained Book","floor":27,"damage_taken":0},{"event_name":"Drug Dealer","player_choice":"Got JAXXED","floor":31,"damage_taken":0},{"event_name":"Golden Shrine","player_choice":"Pray","floor":36,"damage_taken":0},{"event_name":"Tomb of Lord Red Mask","player_choice":"Wore Mask","floor":39,"damage_taken":0},{"event_name":"SensoryStone","player_choice":"Memory 1","floor":45,"damage_taken":0},{"event_name":"Mysterious Sphere","player_choice":"Ignore","floor":46,"damage_taken":0}],"boss_relics":[{"not_picked":["Orrery","Black Blood"],"picked":"Sozu"},{"not_picked":["Busted Crown","Runic Pyramid"],"picked":"Philosopher\u0027s Stone"}],"items_purged_floors":[7,20,29,42],"is_endless":false,"potions_floor_spawned":[1,5,14,21,22,28,33,35,44,47],"killed_by":"Donu and Deca","ascension_level":0}