{"gold_per_floor":[114,264,275,300,9,9,25,25,49,75,40,40,65,85,85,85],"floor_reached":16,"playtime":288,"items_purged":["Doubt"],"score":216,"play_id":"ee7be0f5-c11b-48cc-a9f9-a2218e1385a1","local_time":"20190414002015","is_ascension_mode":true,"campfire_choices":[{"data":"Zap","floor":6,"key":"SMITH"},{"data":"Melter","floor":8,"key":"SMITH"},{"data":"Chaos","floor":15,"key":"SMITH"}],"neow_cost":"NONE","seed_source_timestamp":0,"circlet_count":0,"master_deck":["AscendersBane","Strike_B","Strike_B","Strike_B","Strike_B","Defend_B","Defend_B","Defend_B","Defend_B","Zap+1","Dualcast","Melter+1","Cold Snap","PiercingWail","Chaos+1","Redo","All Out Attack"],"special_seed":0,"relics":["Coffee Dripper","Anchor","PrismaticShard","Regal Pillow","Happy Flower","Pen Nib"],"potions_floor_usage":[3,10],"damage_taken":[{"damage":9,"enemies":"Jaw Worm","floor":1,"turns":4},{"damage":0,"enemies":"Cultist","floor":3,"turns":3},{"damage":0,"enemies":"2 Louse","floor":7,"turns":2},{"damage":26,"enemies":"Gremlin Nob","floor":10,"turns":4},{"damage":12,"enemies":"3 Sentries","floor":13,"turns":8},{"damage":13,"enemies":"Blue Slaver","floor":14,"turns":4},{"damage":34,"enemies":"The Guardian","floor":16,"turns":2}],"seed_played":"6361844668323483778","potions_obtained":[{"floor":1,"key":"Fire Potion"},{"floor":3,"key":"Energy Potion"},{"floor":7,"key":"Strength Potion"},{"floor":12,"key":"Ancient Potion"},{"floor":13,"key":"Dexterity Potion"}],"is_trial":false,"path_per_floor":["M","?","M","T","$","R","M","R","T","E","?","?","E","M","R","B"],"character_chosen":"DEFECT","items_purchased":["PrismaticShard"],"campfire_rested":0,"item_purchase_floors":[5],"current_hp_per_floor":[55,55,55,55,55,55,55,55,55,29,46,46,34,21,21,0],"gold":85,"neow_bonus":"BOSS_RELIC","is_prod":false,"is_daily":false,"chose_seed":false,"campfire_upgraded":3,"win_rate":0,"timestamp":1555226415,"path_taken":["M","?","M","?","$","R","?","R","T","E","?","?","E","?","R","BOSS"],"build_version":"2019-04-04","purchased_purges":1,"victory":false,"max_hp_per_floor":[71,71,71,71,71,71,71,71,71,71,71,71,71,71,71,71],"card_choices":[{"not_picked":["Chaos","Scrape"],"picked":"Melter","floor":1},{"not_picked":["Sweeping Beam","Tempest"],"picked":"Cold Snap","floor":3},{"not_picked":["Pummel","Warcry"],"picked":"PiercingWail","floor":7},{"not_picked":["Havoc","Thinking Ahead"],"picked":"Chaos","floor":10},{"not_picked":["Reprogram","Endless Agony"],"picked":"Redo","floor":13},{"not_picked":["Iron Wave","Fire Breathing"],"picked":"All Out Attack","floor":14}],"player_experience":1422739,"relics_obtained":[{"floor":4,"key":"Anchor"},{"floor":9,"key":"Regal Pillow"},{"floor":10,"key":"Happy Flower"},{"floor":13,"key":"Pen Nib"}],"event_choices":[{"damage_healed":0,"gold_gain":150,"player_choice":"AGREE","damage_taken":0,"max_hp_gain":0,"max_hp_loss":0,"event_name":"Liars Game","floor":2,"gold_loss":0,"cards_obtained":["Doubt"]},{"damage_healed":17,"gold_gain":0,"player_choice":"Healed","damage_taken":0,"max_hp_gain":0,"max_hp_loss":0,"event_name":"The Cleric","floor":11,"gold_loss":35},{"damage_healed":0,"gold_gain":0,"player_choice":"Got Potions","damage_taken":0,"max_hp_gain":0,"max_hp_loss":0,"event_name":"Lab","floor":12,"gold_loss":0}],"is_beta":true,"boss_relics":[],"items_purged_floors":[5],"is_endless":false,"potions_floor_spawned":[1,3,7,13],"killed_by":"The Guardian","ascension_level":20}