{"gold_per_floor":[112,127,137,151,76,76,111,129,129,129,161,161,195,206,206,307,307],"floor_reached":17,"playtime":1321,"items_purged":["Strike_G"],"score":277,"play_id":"d6e345c3-da3f-4e0f-b6f9-2460f8fcec97","local_time":"20180708190948","is_ascension_mode":true,"campfire_choices":[{"data":"Cloak And Dagger","floor":6,"key":"SMITH"},{"data":"Glass Knife","floor":12,"key":"SMITH"},{"data":"Dash","floor":15,"key":"SMITH"}],"neow_cost":"NONE","seed_source_timestamp":0,"circlet_count":0,"master_deck":["Defend_G","Defend_G","Defend_G","Defend_G","Defend_G","Strike_G","Strike_G","Strike_G","Strike_G","Survivor","Neutralize+1","Cloak And Dagger+1","Quick Slash","Slice","Leg Sweep","Glass Knife+1","Sucker Punch","Dash+1","Doppelganger","Noxious Fumes","Corpse Explosion"],"relics":["Ring of the Snake","Bag of Marbles","Meat on the Bone","Blue Candle","Ninja Scroll"],"potions_floor_usage":[13,16],"damage_taken":[{"damage":0,"enemies":"Jaw Worm","floor":1,"turns":4},{"damage":0,"enemies":"Small Slimes","floor":2,"turns":3},{"damage":0,"enemies":"Cultist","floor":3,"turns":3},{"damage":4,"enemies":"Blue Slaver","floor":4,"turns":4},{"damage":5,"enemies":"3 Sentries","floor":7,"turns":9},{"damage":6,"enemies":"Lots of Slimes","floor":8,"turns":4},{"damage":10,"enemies":"Lagavulin","floor":11,"turns":6},{"damage":0,"enemies":"Gremlin Nob","floor":13,"turns":3},{"damage":0,"enemies":"Looter","floor":14,"turns":2},{"damage":0,"enemies":"The Guardian","floor":16,"turns":11}],"seed_played":"9","potions_obtained":[{"floor":7,"key":"SneckoOil"},{"floor":11,"key":"Fruit Juice"},{"floor":13,"key":"SmokeBomb"},{"floor":14,"key":"SteroidPotion"},{"floor":16,"key":"SteroidPotion"}],"is_trial":false,"path_per_floor":["M","M","M","M","$","R","E","M","T","?","E","R","E","M","R","B"],"character_chosen":"THE_SILENT","items_purchased":[],"campfire_rested":0,"item_purchase_floors":[],"current_hp_per_floor":[70,70,70,66,66,66,61,55,55,60,50,50,55,55,55,55,55],"gold":307,"neow_bonus":"UPGRADE_CARD","is_prod":false,"is_daily":false,"chose_seed":true,"campfire_upgraded":3,"win_rate":0,"timestamp":1531091388,"path_taken":["M","M","M","M","$","R","E","M","T","?","E","R","E","M","R","BOSS"],"build_version":"2018-07-05","purchased_purges":1,"victory":false,"max_hp_per_floor":[70,70,70,70,70,70,70,70,70,75,75,75,80,80,80,80,80],"card_choices":[{"not_picked":["Slice","Dagger Spray"],"picked":"Cloak And Dagger","floor":1},{"not_picked":["Poisoned Stab","Outmaneuver"],"picked":"Quick Slash","floor":2},{"not_picked":["Accuracy","Dagger Throw"],"picked":"Slice","floor":3},{"not_picked":["Quick Slash","Backstab"],"picked":"Leg Sweep","floor":4},{"not_picked":["Slice","Escape Plan"],"picked":"Glass Knife","floor":7},{"not_picked":["Deflect","Reflex"],"picked":"Sucker Punch","floor":8},{"not_picked":["Poisoned Stab","Phantasmal Killer"],"picked":"Dash","floor":11},{"not_picked":["Blur","Cloak And Dagger"],"picked":"Doppelganger","floor":13},{"not_picked":["Choke","Deflect"],"picked":"Noxious Fumes","floor":14},{"not_picked":["Doppelganger","Storm of Steel"],"picked":"Corpse Explosion","floor":16}],"player_experience":242302,"relics_obtained":[{"floor":7,"key":"Bag of Marbles"},{"floor":9,"key":"Meat on the Bone"},{"floor":11,"key":"Blue Candle"},{"floor":13,"key":"Ninja Scroll"}],"event_choices":[{"event_name":"Big Fish","player_choice":"Donut","floor":10,"damage_taken":0}],"boss_relics":[],"items_purged_floors":[5],"is_endless":false,"potions_floor_spawned":[7,11,13,14,16],"ascension_level":2}