{"gold_per_floor":[114,129,129,142,10,45,45,15,15,15,27,103,130,147,147,147],"floor_reached":16,"playtime":467,"items_purged":["Defend_B"],"score":218,"play_id":"8c0db637-01c7-4184-9129-23e2a4048901","local_time":"20190824210253","is_ascension_mode":true,"campfire_choices":[{"floor":7,"key":"REST"},{"floor":10,"key":"REST"},{"floor":15,"key":"REST"}],"neow_cost":"NONE","seed_source_timestamp":376902020166600,"circlet_count":0,"master_deck":["AscendersBane","Strike_B","Strike_B","Strike_B","Strike_B","Defend_B","Defend_B","Defend_B","Zap","Dualcast","Streamline","Glacier","Hologram","Conserve Battery","Hologram","Ball Lightning","Leap","BootSequence","Consume"],"relics":["Cracked Core","Happy Flower","NlothsMask","Bottled Lightning","Kunai"],"potions_floor_usage":[13,16],"damage_taken":[{"damage":2,"enemies":"Jaw Worm","floor":1,"turns":3},{"damage":1,"enemies":"Cultist","floor":2,"turns":3},{"damage":0,"enemies":"2 Louse","floor":4,"turns":2},{"damage":57,"enemies":"Gremlin Nob","floor":6,"turns":5},{"damage":15,"enemies":"Exordium Thugs","floor":8,"turns":4},{"damage":11,"enemies":"3 Louse","floor":11,"turns":3},{"damage":9,"enemies":"3 Sentries","floor":13,"turns":7},{"damage":4,"enemies":"Lots of Slimes","floor":14,"turns":4},{"damage":34,"enemies":"Slime Boss","floor":16,"turns":7}],"seed_played":"7965914825088217562","potions_obtained":[{"floor":6,"key":"Dexterity Potion"},{"floor":8,"key":"Strength Potion"}],"is_trial":false,"path_per_floor":["M","M","?","M","$","E","R","M","T","R","M","?","E","M","R","B"],"character_chosen":"DEFECT","items_purchased":["Conserve Battery"],"campfire_rested":3,"item_purchase_floors":[5],"current_hp_per_floor":[62,61,61,61,61,4,25,10,10,31,20,20,11,7,28,0],"gold":147,"neow_bonus":"RANDOM_COMMON_RELIC","is_prod":false,"is_daily":false,"chose_seed":false,"campfire_upgraded":0,"win_rate":0,"timestamp":1566648173,"path_taken":["M","M","?","?","$","E","R","M","T","R","M","?","E","M","R","BOSS"],"build_version":"2019-07-17","purchased_purges":1,"victory":false,"max_hp_per_floor":[71,71,71,71,71,71,71,71,71,71,71,71,71,71,71,71],"card_choices":[{"not_picked":["Redo","Go for the Eyes"],"picked":"Streamline","floor":1},{"not_picked":["Go for the Eyes","Steam"],"picked":"Glacier","floor":2},{"not_picked":["Rebound","Beam Cell"],"picked":"Hologram","floor":4},{"not_picked":["Hello World","Lockon"],"picked":"Hologram","floor":6},{"not_picked":["Chill","Barrage"],"picked":"Ball Lightning","floor":8},{"not_picked":["Recycle","Conserve Battery"],"picked":"Leap","floor":11},{"not_picked":["Chaos","Hyperbeam"],"picked":"BootSequence","floor":13},{"not_picked":["Coolheaded","Sweeping Beam"],"picked":"Consume","floor":14}],"player_experience":235133,"relics_obtained":[{"floor":6,"key":"Bottled Lightning"},{"floor":13,"key":"Kunai"}],"event_choices":[{"damage_healed":0,"gold_gain":0,"player_choice":"Trade","damage_taken":0,"relics_obtained":["NlothsMask"],"max_hp_gain":0,"max_hp_loss":0,"event_name":"FaceTrader","floor":3,"gold_loss":0},{"damage_healed":0,"gold_gain":76,"player_choice":"Gained Gold","damage_taken":0,"max_hp_gain":0,"max_hp_loss":0,"event_name":"Golden Wing","floor":12,"gold_loss":0}],"is_beta":false,"boss_relics":[],"items_purged_floors":[5],"is_endless":false,"potions_floor_spawned":[6,8],"killed_by":"Slime Boss","ascension_level":19}