{"gold_per_floor":[117,117,192,210,210,244,70,100,100,100,114,114,127,0,0,74,74,88,88,101,16,44,44,54,54,54,82,6,35,35,51,51,51],"floor_reached":33,"playtime":644,"items_purged":["Strike_R"],"score":682,"play_id":"bacfdb04-93b7-4fbd-b5d9-c3088ca801bc","local_time":"20190228104922","is_ascension_mode":true,"campfire_choices":[{"data":"Armaments","floor":10,"key":"SMITH"},{"data":"Whirlwind","floor":12,"key":"SMITH"},{"data":"Uppercut","floor":15,"key":"SMITH"},{"data":"Flex","floor":23,"key":"SMITH"},{"data":"Pommel Strike","floor":25,"key":"SMITH"},{"floor":32,"key":"REST"}],"neow_cost":"NONE","seed_source_timestamp":5041196070376,"circlet_count":0,"master_deck":["AscendersBane","Strike_R","Strike_R","Strike_R","Defend_R","Defend_R","Defend_R","Defend_R","Bash","Whirlwind+1","Shrug It Off","Flex+1","Uppercut+1","Flame Barrier","Armaments+1","Anger","Pommel Strike+1","Shrug It Off","Double Tap","Ghostly Armor","Pommel Strike","Thunderclap","Thunderclap","Spot Weakness","Barricade+1","Shrug It Off"],"relics":["Burning Blood","NeowsBlessing","Ornamental Fan","Bottled Flame","Pen Nib","Red Skull","Philosopher\u0027s Stone","Art of War","Red Mask","Frozen Egg 2","Mercury Hourglass","WingedGreaves","Enchiridion"],"potions_floor_usage":[8,11,16,20,27,31,33,33,33],"damage_taken":[{"damage":0,"enemies":"2 Louse","floor":1,"turns":1},{"damage":0,"enemies":"Jaw Worm","floor":4,"turns":1},{"damage":0,"enemies":"Lagavulin","floor":6,"turns":1},{"damage":45,"enemies":"Gremlin Nob","floor":8,"turns":5},{"damage":3,"enemies":"Small Slimes","floor":11,"turns":1},{"damage":12,"enemies":"Exordium Wildlife","floor":13,"turns":2},{"damage":15,"enemies":"Slime Boss","floor":16,"turns":7},{"damage":0,"enemies":"3 Byrds","floor":18,"turns":3},{"damage":15,"enemies":"Spheric Guardian","floor":20,"turns":6},{"damage":0,"enemies":"Masked Bandits","floor":22,"turns":1},{"damage":0,"enemies":"3 Cultists","floor":24,"turns":2},{"damage":28,"enemies":"Book of Stabbing","floor":27,"turns":5},{"damage":0,"enemies":"Slavers","floor":29,"turns":1},{"damage":3,"enemies":"Snake Plant","floor":31,"turns":2},{"damage":81,"enemies":"Automaton","floor":33,"turns":8}],"seed_played":"-8677740900241724422","potions_obtained":[{"floor":1,"key":"LiquidBronze"},{"floor":4,"key":"Swift Potion"},{"floor":6,"key":"SteroidPotion"},{"floor":8,"key":"AttackPotion"},{"floor":16,"key":"SpeedPotion"},{"floor":20,"key":"BloodPotion"},{"floor":24,"key":"LiquidBronze"},{"floor":27,"key":"Block Potion"},{"floor":31,"key":"EntropicBrew"}],"is_trial":false,"path_per_floor":["M","?","?","M","?","E","$","E","T","R","M","R","M","$","R","B",null,"M","$","M","?","?","R","M","R","T","E","$","E","?","M","R","B"],"character_chosen":"IRONCLAD","items_purchased":["Uppercut","Flame Barrier","Shrug It Off","Spot Weakness"],"campfire_rested":1,"item_purchase_floors":[7,7,14,28],"current_hp_per_floor":[74,69,58,64,57,63,63,24,24,24,27,27,21,21,21,12,59,65,65,56,56,62,62,68,68,68,46,46,52,31,34,56,0],"gold":51,"neow_bonus":"THREE_ENEMY_KILL","is_prod":false,"is_daily":false,"chose_seed":false,"campfire_upgraded":5,"win_rate":0,"timestamp":1551379762,"path_taken":["M","?","?","M","?","E","$","E","T","R","M","R","M","$","R","BOSS","M","$","M","?","?","R","M","R","T","E","$","E","?","M","R","BOSS"],"build_version":"2019-02-06","purchased_purges":1,"victory":false,"max_hp_per_floor":[75,75,75,75,75,75,75,75,75,75,75,75,75,75,75,75,75,75,75,75,75,75,75,75,75,75,75,75,75,75,75,75,75],"card_choices":[{"not_picked":["Pummel","Evolve"],"picked":"Whirlwind","floor":1},{"not_picked":["Infernal Blade","Clash"],"picked":"Shrug It Off","floor":4},{"not_picked":["Entrench","Seeing Red"],"picked":"Flex","floor":6},{"not_picked":["Rage","Cleave"],"picked":"Armaments","floor":8},{"not_picked":["Perfected Strike","Heavy Blade"],"picked":"Anger","floor":11},{"not_picked":["Twin Strike","Armaments"],"picked":"Pommel Strike","floor":13},{"not_picked":["Berserk","Feed"],"picked":"Double Tap","floor":16},{"not_picked":["Headbutt","Spot Weakness"],"picked":"Ghostly Armor","floor":18},{"not_picked":["Warcry","Armaments"],"picked":"Pommel Strike","floor":20},{"not_picked":["Blood for Blood","Armaments"],"picked":"Thunderclap","floor":22},{"not_picked":["Sword Boomerang","Sentinel"],"picked":"Thunderclap","floor":24},{"not_picked":["Anger","Flex"],"picked":"Barricade+1","floor":29},{"not_picked":["Heavy Blade","Armaments+1"],"picked":"Shrug It Off","floor":31}],"player_experience":1226848,"relics_obtained":[{"floor":6,"key":"Bottled Flame"},{"floor":8,"key":"Pen Nib"},{"floor":9,"key":"Red Skull"},{"floor":22,"key":"Red Mask"},{"floor":26,"key":"Frozen Egg 2"},{"floor":27,"key":"Mercury Hourglass"},{"floor":29,"key":"WingedGreaves"},{"floor":30,"key":"Enchiridion"}],"event_choices":[{"damage_healed":0,"gold_gain":0,"player_choice":"Success","damage_taken":5,"relics_obtained":["Ornamental Fan"],"max_hp_gain":0,"max_hp_loss":0,"event_name":"Scrap Ooze","floor":2,"gold_loss":0},{"damage_healed":0,"gold_gain":75,"player_choice":"Gather Gold","damage_taken":11,"max_hp_gain":0,"max_hp_loss":0,"event_name":"World of Goop","floor":3,"gold_loss":0},{"cards_removed":["Strike_R"],"damage_healed":0,"gold_gain":0,"player_choice":"Card Removal","damage_taken":7,"max_hp_gain":0,"max_hp_loss":0,"event_name":"Golden Wing","floor":5,"gold_loss":0},{"damage_healed":0,"gold_gain":0,"player_choice":"Obtained Relic","damage_taken":0,"relics_obtained":["Art of War"],"max_hp_gain":0,"max_hp_loss":0,"event_name":"Addict","floor":21,"gold_loss":85},{"damage_healed":0,"gold_gain":0,"player_choice":"Fought Bandits","damage_taken":0,"max_hp_gain":0,"max_hp_loss":0,"event_name":"Masked Bandits","floor":22,"gold_loss":0},{"damage_healed":0,"gold_gain":0,"player_choice":"Obtained Book","damage_taken":21,"max_hp_gain":0,"max_hp_loss":0,"event_name":"Cursed Tome","floor":30,"gold_loss":0}],"is_beta":true,"boss_relics":[{"not_picked":["Runic Pyramid","Eternal Feather"],"picked":"Philosopher\u0027s Stone"}],"items_purged_floors":[14],"is_endless":false,"potions_floor_spawned":[1,4,6,8,16,20,24,27,31],"killed_by":"Automaton","ascension_level":20}