{"gold_per_floor":[19,37,51,126,142,175,191,191,191,211,60,60,72,104,104,202,202,172,172,44,44,44,44,44,21,21,21,21,21,21,21,21,21],"floor_reached":33,"playtime":3059,"items_purged":["Strike_G"],"score":265,"play_id":"30d088d7-2d81-4b24-8529-40be4e7cc281","local_time":"20180623105254","is_ascension_mode":false,"campfire_choices":[{"floor":8,"key":"REST"},{"floor":15,"key":"REST"},{"floor":23,"key":"REST"},{"floor":27,"key":"REST"},{"data":"Terror","floor":30,"key":"SMITH"},{"floor":32,"key":"REST"}],"neow_cost":"NO_GOLD","seed_source_timestamp":824360439303442,"circlet_count":0,"master_deck":["Defend_G","Defend_G","Defend_G","Defend_G","Defend_G","Strike_G","Strike_G","Survivor","Neutralize","Riddle With Holes","Glass Knife","PiercingWail","Dagger Throw","Underhanded Strike","A Thousand Cuts","Backflip","Backflip","Sucker Punch","Terror+1","Die Die Die","Blade Dance","Poisoned Stab+1","Cloak And Dagger","Noxious Fumes","Cloak And Dagger+1","Flying Knee","Choke","Bane"],"special_seed":17705,"relics":["Ring of the Snake","Snake Skull","Shuriken","Vajra","Bottled Lightning","Ectoplasm","The Specimen"],"potions_floor_usage":[5,13,14,22,28,29,33],"damage_taken":[{"damage":0,"enemies":"Cultist","floor":1,"turns":3},{"damage":0,"enemies":"Small Slimes","floor":2,"turns":4},{"damage":0,"enemies":"2 Louse","floor":3,"turns":2},{"damage":9,"enemies":"Large Slime","floor":5,"turns":4},{"damage":27,"enemies":"Gremlin Nob","floor":6,"turns":5},{"damage":10,"enemies":"Looter","floor":7,"turns":3},{"damage":1,"enemies":"Blue Slaver","floor":10,"turns":4},{"damage":2,"enemies":"2 Fungi Beasts","floor":13,"turns":4},{"damage":17,"enemies":"3 Sentries","floor":14,"turns":5},{"damage":14,"enemies":"Hexaghost","floor":16,"turns":7},{"damage":13,"enemies":"2 Thieves","floor":18,"turns":3},{"damage":5,"enemies":"3 Byrds","floor":19,"turns":5},{"damage":6,"enemies":"Centurion and Healer","floor":21,"turns":4},{"damage":23,"enemies":"Slaver and Parasite","floor":22,"turns":4},{"damage":17,"enemies":"Sentry and Sphere","floor":24,"turns":4},{"damage":0,"enemies":"Cultist and Chosen","floor":28,"turns":5},{"damage":0,"enemies":"3 Cultists","floor":29,"turns":4},{"damage":10,"enemies":"Snake Plant","floor":31,"turns":3},{"damage":71,"enemies":"Automaton","floor":33,"turns":6}],"seed_played":"-2696403873352893028","potions_obtained":[{"floor":3,"key":"Regen Potion"},{"floor":6,"key":"SpeedPotion"},{"floor":7,"key":"Swift Potion"},{"floor":10,"key":"Dexterity Potion"},{"floor":19,"key":"Poison Potion"},{"floor":24,"key":"AttackPotion"},{"floor":28,"key":"Regen Potion"},{"floor":29,"key":"Strength Potion"}],"is_trial":false,"path_per_floor":["M","M","M","?","M","E","M","R","T","M","$","?","M","E","R","B",null,"M","M","$","M","M","R","M","$","T","R","M","M","R","M","R"],"character_chosen":"THE_SILENT","items_purchased":["Vajra","Cloak And Dagger","Flying Knee"],"campfire_rested":5,"item_purchase_floors":[11,20,25],"current_hp_per_floor":[70,70,70,59,62,35,25,46,46,45,45,45,43,26,47,33,70,57,52,52,46,23,44,27,27,27,48,48,60,60,50,70,0],"gold":21,"neow_bonus":"TRANSFORM_TWO_CARDS","is_prod":false,"is_daily":false,"chose_seed":false,"campfire_upgraded":1,"win_rate":0,"timestamp":1529765574,"path_taken":["M","?","M","?","M","E","M","R","T","M","$","?","?","E","R","BOSS","M","M","$","M","M","R","?","$","T","R","M","M","R","M","R","BOSS"],"build_version":"2018-06-21v2","purchased_purges":1,"victory":false,"max_hp_per_floor":[70,70,70,70,70,70,70,70,70,70,70,70,70,70,70,70,70,70,70,70,70,70,70,70,70,70,70,70,70,70,70,70,70],"card_choices":[{"not_picked":["Deflect","Masterful Stab"],"picked":"PiercingWail","floor":1},{"not_picked":["Underhanded Strike","Quick Slash"],"picked":"Dagger Throw","floor":2},{"not_picked":["PiercingWail","Prepared"],"picked":"Underhanded Strike","floor":3},{"not_picked":["Slice","Catalyst","Endless Agony"],"picked":"SKIP","floor":5},{"not_picked":["Poisoned Stab","Escape Plan"],"picked":"A Thousand Cuts","floor":6},{"not_picked":["Flying Knee","Heel Hook"],"picked":"Backflip","floor":7},{"not_picked":["Dagger Spray","Tactician"],"picked":"Backflip","floor":10},{"not_picked":["Acrobatics","Underhanded Strike"],"picked":"Sucker Punch","floor":13},{"not_picked":["Outmaneuver","Dash"],"picked":"Terror","floor":14},{"not_picked":["Venomology","Corpse Explosion"],"picked":"Die Die Die","floor":16},{"not_picked":["Deadly Poison+1","PiercingWail"],"picked":"Blade Dance","floor":18},{"not_picked":["Distraction","Deadly Poison"],"picked":"Poisoned Stab+1","floor":19},{"not_picked":["Outmaneuver","Sucker Punch","Accuracy"],"picked":"SKIP","floor":21},{"not_picked":["Poisoned Stab","Cloak And Dagger"],"picked":"Noxious Fumes","floor":22},{"not_picked":["Terror+1","Caltrops"],"picked":"Cloak And Dagger+1","floor":24},{"not_picked":["Backflip+1","Underhanded Strike"],"picked":"Choke","floor":28},{"not_picked":["Night Terror","Dodge and Roll"],"picked":"Bane","floor":29},{"not_picked":["Acrobatics","Quick Slash+1","Escape Plan"],"picked":"SKIP","floor":31}],"player_experience":134677,"relics_obtained":[{"floor":6,"key":"Snake Skull"},{"floor":9,"key":"Shuriken"},{"floor":14,"key":"Bottled Lightning"},{"floor":26,"key":"The Specimen"}],"event_choices":[{"event_name":"World of Goop","player_choice":"Gather Gold","floor":4,"damage_taken":0},{"event_name":"Liars Game","player_choice":"disagreed","floor":12,"damage_taken":0}],"boss_relics":[{"not_picked":["Lizard Tail","Eternal Feather"],"picked":"Ectoplasm"}],"items_purged_floors":[20],"is_endless":false,"potions_floor_spawned":[3,6,7,10,19,24,28,29],"killed_by":"Automaton","ascension_level":0}