{"path_per_floor":["M","M","M","M","?","R","?","R","T","E","M","R","M","$","R","B",null,"M","?","M","?","M","R","$","R","T","R","E","M","M","E","R"],"character_chosen":"THE_SILENT","items_purchased":["Well Laid Plans","All Out Attack","Acrobatics"],"gold_per_floor":[118,138,148,160,160,160,160,160,208,234,251,251,266,80,80,175,175,155,155,174,174,187,187,61,61,61,61,88,99,112,142,142,142],"floor_reached":33,"campfire_rested":4,"playtime":4998,"item_purchase_floors":[14,14,24],"current_hp_per_floor":[70,70,70,67,67,67,67,67,74,73,70,70,70,70,70,59,77,59,59,36,36,3,26,26,49,49,72,50,45,24,16,39,0],"items_purged":["Defend_G","Strike_G"],"gold":142,"score":344,"play_id":"2d5c226b-0b47-48e4-98fd-7e61dd2fb8f2","local_time":"20180603214333","is_prod":false,"is_daily":false,"chose_seed":false,"is_ascension_mode":true,"campfire_upgraded":4,"win_rate":0,"timestamp":1528055013,"campfire_choices":[{"data":"Neutralize","floor":6,"key":"SMITH"},{"data":"Footwork","floor":8,"key":"SMITH"},{"data":"Dash","floor":12,"key":"SMITH"},{"data":"Deflect","floor":15,"key":"SMITH"},{"floor":23,"key":"REST"},{"floor":25,"key":"REST"},{"floor":27,"key":"REST"},{"floor":32,"key":"REST"}],"path_taken":["M","M","M","M","?","R","?","R","T","E","M","R","M","$","R","BOSS","M","?","?","?","?","R","$","R","T","R","E","M","M","E","R","BOSS"],"build_version":"2018-05-31","seed_source_timestamp":725453543319457,"purchased_purges":2,"victory":false,"master_deck":["Defend_G","Defend_G","Defend_G","Defend_G","Strike_G","Strike_G","Strike_G","Survivor","Neutralize+1","Slice","Footwork+1","Flying Knee","Dash+1","Noxious Fumes","Slice","Deflect+1","Well Laid Plans","All Out Attack+1","Terror","Acrobatics","Bouncing Flask","Malaise","Backflip+1"],"max_hp_per_floor":[70,70,70,70,70,70,70,70,77,77,77,77,77,77,77,77,77,77,77,77,77,77,77,77,77,77,77,77,77,77,77,77,77],"relics":["Ring of the Snake","Strawberry","Vajra","Black Star","Mummified Hand","Bag of Preparation","Art of War","Unceasing Top","Torii"],"card_choices":[{"not_picked":["Poisoned Stab","Acrobatics"],"picked":"Slice","floor":1},{"not_picked":["Terror","Deadly Poison"],"picked":"Footwork","floor":2},{"not_picked":["Heel Hook","Setup"],"picked":"Flying Knee","floor":3},{"not_picked":["All Out Attack","Catalyst"],"picked":"Dash","floor":4},{"not_picked":["Backflip","Acrobatics"],"picked":"Noxious Fumes","floor":10},{"not_picked":["Outmaneuver","Adrenaline"],"picked":"Slice","floor":11},{"not_picked":["Slice","Envenom"],"picked":"Deflect","floor":13},{"not_picked":["Flying Knee+1","Sucker Punch"],"picked":"Terror","floor":18},{"not_picked":["Sucker Punch","Blade Dance","PiercingWail"],"picked":"SKIP","floor":20},{"not_picked":["Calculated Gamble+1","Heel Hook","Poisoned Stab+1"],"picked":"SKIP","floor":22},{"not_picked":["PiercingWail","Deadly Poison+1"],"picked":"Bouncing Flask","floor":28},{"not_picked":["Dagger Spray","Flying Knee"],"picked":"Malaise","floor":29},{"not_picked":["Dagger Spray","Flying Knee","Slice+1"],"picked":"SKIP","floor":30},{"not_picked":["Tactician","Underhanded Strike"],"picked":"Backflip+1","floor":31}],"player_experience":195767,"potions_floor_usage":[1,10,10,16,16,18,22,30,31],"damage_taken":[{"damage":0,"enemies":"Jaw Worm","floor":1,"turns":7},{"damage":0,"enemies":"2 Louse","floor":2,"turns":4},{"damage":0,"enemies":"Cultist","floor":3,"turns":3},{"damage":3,"enemies":"Exordium Wildlife","floor":4,"turns":6},{"damage":1,"enemies":"Gremlin Nob","floor":10,"turns":5},{"damage":3,"enemies":"Looter","floor":11,"turns":4},{"damage":0,"enemies":"Large Slime","floor":13,"turns":4},{"damage":11,"enemies":"Hexaghost","floor":16,"turns":11},{"damage":18,"enemies":"2 Thieves","floor":18,"turns":4},{"damage":23,"enemies":"Spheric Guardian","floor":20,"turns":6},{"damage":33,"enemies":"Chosen and Byrds","floor":22,"turns":9},{"damage":22,"enemies":"Slavers","floor":28,"turns":5},{"damage":5,"enemies":"Snecko","floor":29,"turns":5},{"damage":21,"enemies":"Slaver and Parasite","floor":30,"turns":5},{"damage":8,"enemies":"Gremlin Leader","floor":31,"turns":5},{"damage":40,"enemies":"Collector","floor":33,"turns":5}],"relics_obtained":[{"floor":9,"key":"Strawberry"},{"floor":10,"key":"Vajra"},{"floor":26,"key":"Mummified Hand"},{"floor":28,"key":"Bag of Preparation"},{"floor":28,"key":"Art of War"},{"floor":31,"key":"Unceasing Top"},{"floor":31,"key":"Torii"}],"event_choices":[{"event_name":"Liars Game","player_choice":"disagreed","floor":5,"damage_taken":0},{"event_name":"Living Wall","player_choice":"Forget","floor":7,"damage_taken":0},{"event_name":"Ghosts","player_choice":"Ignored","floor":19,"damage_taken":0},{"event_name":"Upgrade Shrine","player_choice":"Upgraded","floor":21,"damage_taken":0}],"boss_relics":[{"not_picked":["Snecko Eye","White Beast Statue"],"picked":"Black Star"}],"items_purged_floors":[14,24],"potions_floor_spawned":[2,4,11,13,20,28,29],"seed_played":"-5060410755264921445","killed_by":"Collector","ascension_level":4,"potions_obtained":[{"floor":2,"key":"Poison Potion"},{"floor":11,"key":"SteroidPotion"},{"floor":13,"key":"Strength Potion"},{"floor":20,"key":"EssenceOfSteel"},{"floor":28,"key":"Poison Potion"},{"floor":29,"key":"PowerPotion"}],"is_trial":false}