{"path_per_floor":["M","M","M","?","M","E","?","R","T","?","?","M","M","E","R","B",null,"M","$","?","M","M","R","$","M","T"],"character_chosen":"DEFECT","items_purchased":["Peace Pipe","Go for the Eyes"],"gold_per_floor":[11,31,42,42,56,84,84,84,110,60,235,252,267,298,298,395,395,395,6,6,6,6,6,6,6,6,6],"floor_reached":27,"campfire_rested":3,"playtime":1610,"item_purchase_floors":[19,19],"current_hp_per_floor":[87,83,83,83,75,67,49,75,75,75,75,74,67,45,71,47,89,75,75,35,27,8,34,34,18,18,0],"items_purged":["Doubt"],"gold":6,"score":250,"play_id":"a8a47a52-ff18-4722-9641-cc4e5a54e0b1","local_time":"20180607195923","is_prod":false,"is_daily":false,"chose_seed":false,"is_ascension_mode":false,"campfire_upgraded":0,"win_rate":0,"timestamp":1528415963,"campfire_choices":[{"floor":8,"key":"REST"},{"floor":15,"key":"REST"},{"floor":23,"key":"REST"}],"path_taken":["M","M","M","?","M","E","?","R","T","?","?","?","M","E","R","BOSS","M","$","?","M","M","R","?","M","T","M"],"build_version":"2018-05-31","seed_source_timestamp":115790839908239,"purchased_purges":1,"victory":false,"master_deck":["Strike_B","Strike_B","Strike_B+1","Defend_B","Defend_B","Defend_B+1","Defend_B","Zap+1","Dualcast","Go for the Eyes+1","Sweeping Beam","Rebound","Double Energy","Reprogram","Conserve Battery","Go for the Eyes","Electrodynamics","Thunder Strike","Redo","Go for the Eyes","Beam Cell"],"max_hp_per_floor":[89,89,89,89,89,89,89,89,89,89,89,89,89,89,89,89,89,89,89,89,89,89,89,89,94,94,94],"relics":["Cracked Core","Happy Flower","Whetstone","Vajra","Ancient Tea Set","Ectoplasm","Peace Pipe","Red Mask","Bottled Lightning"],"card_choices":[{"not_picked":["Beam Cell","Heatsinks"],"picked":"Go for the Eyes","floor":1},{"not_picked":["Barrage","Coolheaded"],"picked":"Sweeping Beam","floor":2},{"not_picked":["Cold Snap","Leap"],"picked":"Rebound","floor":3},{"not_picked":["Cold Snap","Hologram"],"picked":"Double Energy","floor":5},{"not_picked":["Reprogram","Sweeping Beam","Recycle"],"picked":"SKIP","floor":6},{"not_picked":["Sweeping Beam","Recycle"],"picked":"Reprogram","floor":6},{"not_picked":["Steam","Rebound"],"picked":"Conserve Battery","floor":12},{"not_picked":["Fusion","Hologram"],"picked":"Go for the Eyes","floor":13},{"not_picked":["Amplify","Double Energy"],"picked":"Electrodynamics","floor":14},{"not_picked":["Reboot","All For One"],"picked":"Thunder Strike","floor":16},{"not_picked":["Steam","Streamline"],"picked":"Redo","floor":18},{"not_picked":["Leap+1","Steam+1"],"picked":"Beam Cell","floor":20},{"not_picked":["Streamline+1","Go for the Eyes","Beam Cell"],"picked":"SKIP","floor":21},{"not_picked":["Self Repair","Compile Driver+1","Electrodynamics"],"picked":"SKIP","floor":22},{"not_picked":["Heatsinks","Coolheaded","Sweeping Beam"],"picked":"SKIP","floor":25}],"player_experience":75144,"potions_floor_usage":[5,6,16,25,27],"damage_taken":[{"damage":2,"enemies":"Small Slimes","floor":1,"turns":3},{"damage":4,"enemies":"Cultist","floor":2,"turns":4},{"damage":0,"enemies":"2 Louse","floor":3,"turns":2},{"damage":8,"enemies":"2 Fungi Beasts","floor":5,"turns":3},{"damage":8,"enemies":"Lagavulin","floor":6,"turns":6},{"damage":1,"enemies":"3 Louse","floor":12,"turns":3},{"damage":7,"enemies":"Looter","floor":13,"turns":3},{"damage":22,"enemies":"3 Sentries","floor":14,"turns":7},{"damage":24,"enemies":"Hexaghost","floor":16,"turns":9},{"damage":14,"enemies":"Shell Parasite","floor":18,"turns":6},{"damage":40,"enemies":"Masked Bandits","floor":20,"turns":5},{"damage":8,"enemies":"Chosen","floor":21,"turns":5},{"damage":19,"enemies":"Centurion and Healer","floor":22,"turns":3},{"damage":21,"enemies":"Chosen and Byrds","floor":25,"turns":5},{"damage":20,"enemies":"Snecko","floor":27,"turns":4}],"relics_obtained":[{"floor":6,"key":"Whetstone"},{"floor":9,"key":"Vajra"},{"floor":14,"key":"Ancient Tea Set"},{"floor":20,"key":"Red Mask"},{"floor":26,"key":"Bottled Lightning"}],"event_choices":[{"event_name":"Wheel of Change","player_choice":"Relic","floor":4,"damage_taken":0},{"event_name":"Shining Light","player_choice":"Entered Light","floor":7,"damage_taken":0},{"event_name":"The Cleric","player_choice":"Card Removal","floor":10,"damage_taken":0},{"event_name":"Liars Game","player_choice":"agreed","floor":11,"damage_taken":0},{"event_name":"Masked Bandits","player_choice":"Fought over 6 gold","floor":20,"damage_taken":0}],"boss_relics":[{"not_picked":["Orrery","Inserter"],"picked":"Ectoplasm"}],"items_purged_floors":[19],"potions_floor_spawned":[3,5,13,21,22],"seed_played":"-2730930717711246019","killed_by":"Snecko","ascension_level":0,"potions_obtained":[{"floor":3,"key":"Poison Potion"},{"floor":5,"key":"Strength Potion"},{"floor":13,"key":"FocusPotion"},{"floor":21,"key":"Energy Potion"},{"floor":22,"key":"Fruit Juice"}],"is_trial":false}