{"gold_per_floor":[114,114,17,17,292,325,345,370,370,370,399,419,419,454,454,454],"floor_reached":16,"playtime":334,"items_purged":[],"score":352,"play_id":"3ad9729a-f7ce-4380-8e89-f8bd0e85982d","local_time":"20190407141102","is_ascension_mode":true,"campfire_choices":[{"data":"Zap","floor":10.0,"key":"SMITH"},{"data":"Go for the Eyes","floor":13.0,"key":"SMITH"},{"data":"Hologram","floor":15.0,"key":"SMITH"}],"neow_cost":"NONE","seed_source_timestamp":10030191237712,"circlet_count":0,"master_deck":["AscendersBane","Strike_B","Strike_B","Strike_B","Strike_B","Defend_B","Defend_B","Defend_B","Defend_B","Zap+1","Dualcast","Coolheaded","Melter","Go for the Eyes+1","Regret","Conserve Battery","Ball Lightning","Hologram+1","Conserve Battery","Leap","Consume"],"special_seed":0,"relics":["Cracked Core","NeowsBlessing","Kunai","Matryoshka","DataDisk","Boot","Dream Catcher","Meat on the Bone"],"potions_floor_usage":[],"damage_taken":[{"damage":0.0,"enemies":"Small Slimes","floor":1.0,"turns":1.0},{"damage":0.0,"enemies":"Gremlin Nob","floor":6.0,"turns":1.0},{"damage":0.0,"enemies":"Cultist","floor":7.0,"turns":1.0},{"damage":34.0,"enemies":"3 Sentries","floor":8.0,"turns":11.0},{"damage":11.0,"enemies":"Gremlin Nob","floor":11.0,"turns":3.0},{"damage":0.0,"enemies":"2 Louse","floor":12.0,"turns":2.0},{"damage":3.0,"enemies":"Lagavulin","floor":14.0,"turns":6.0},{"damage":0,"enemies":"The Guardian","floor":16,"turns":2}],"seed_played":"-1380459025803566080","potions_obtained":[{"floor":6.0,"key":"Energy Potion"},{"floor":7.0,"key":"Weak Potion"},{"floor":11.0,"key":"AttackPotion"}],"is_trial":false,"path_per_floor":["M","?","$","?","?","E","M","E","T","R","E","M","R","E","R","B"],"character_chosen":"DEFECT","items_purchased":["Melter","Go for the Eyes"],"campfire_rested":0,"item_purchase_floors":[3,3],"current_hp_per_floor":[64,60,60,65,65,65,65,31,31,31,20,20,20,17,17,17],"gold":454,"neow_bonus":"THREE_ENEMY_KILL","is_prod":false,"is_daily":false,"chose_seed":false,"campfire_upgraded":3,"win_rate":0,"timestamp":1554671462,"path_taken":["M","?","?","?","?","E","?","E","T","R","E","M","R","E","R","BOSS"],"build_version":"2019-03-15","purchased_purges":0,"victory":false,"max_hp_per_floor":[71,71,71,76,76,76,76,76,76,76,76,76,76,76,76,76],"card_choices":[{"not_picked":["Go for the Eyes","Chaos"],"picked":"Coolheaded","floor":1.0},{"not_picked":["Chaos","Double Energy"],"picked":"Conserve Battery","floor":6.0},{"not_picked":["Steam","Stack"],"picked":"Ball Lightning","floor":7.0},{"not_picked":["Meteor Strike","Scrape"],"picked":"Hologram","floor":8.0},{"not_picked":["Storm","Rip and Tear"],"picked":"Conserve Battery","floor":11.0},{"not_picked":["Barrage","Stack"],"picked":"Leap","floor":12.0},{"not_picked":["Barrage","Scrape"],"picked":"Consume","floor":14.0}],"player_experience":1403370,"relics_obtained":[{"floor":6.0,"key":"Kunai"},{"floor":8.0,"key":"Matryoshka"},{"floor":9.0,"key":"DataDisk"},{"floor":9.0,"key":"Boot"},{"floor":11.0,"key":"Dream Catcher"},{"floor":14.0,"key":"Meat on the Bone"}],"event_choices":[{"damage_healed":0.0,"max_hp_gain":0.0,"max_hp_loss":0.0,"gold_gain":0.0,"event_name":"The Woman in Blue","player_choice":"Bought 0 Potions","floor":2.0,"gold_loss":0.0,"damage_taken":0.0},{"damage_healed":0.0,"max_hp_gain":5.0,"max_hp_loss":0.0,"gold_gain":0.0,"event_name":"Big Fish","player_choice":"Donut","floor":4.0,"gold_loss":0.0,"damage_taken":0.0},{"damage_healed":0.0,"max_hp_gain":0.0,"max_hp_loss":0.0,"gold_gain":275.0,"event_name":"Golden Shrine","player_choice":"Desecrate","floor":5.0,"gold_loss":0.0,"damage_taken":0.0,"cards_obtained":["Regret"]}],"is_beta":true,"boss_relics":[],"items_purged_floors":[],"is_endless":false,"potions_floor_spawned":[6,7,11],"killed_by":"The Guardian","ascension_level":20}