{"gold_per_floor":[118,118,193,193,206,206,241,259,282,322,322,347,371,371],"floor_reached":14,"playtime":370,"items_purged":[],"score":200,"play_id":"71618214-22df-4f3d-ab3a-279170cf77c7","local_time":"20190326174650","is_ascension_mode":true,"campfire_choices":[{"data":"Zap","floor":6,"key":"SMITH"},{"data":"Chaos","floor":11,"key":"SMITH"}],"neow_cost":"NONE","seed_source_timestamp":1855375076119,"circlet_count":0,"master_deck":["AscendersBane","Strike_B","Strike_B","Strike_B","Strike_B","Defend_B","Defend_B","Defend_B","Defend_B","Zap+1","Dualcast","Cold Snap","Ball Lightning","Chaos+1","Sunder","Conserve Battery","Hello World","Auto Shields"],"relics":["Black Star","Golden Idol","Strawberry","Anchor","Boot","Art of War","Omamori"],"potions_floor_usage":[7,10,14],"damage_taken":[{"damage":4,"enemies":"Small Slimes","floor":1,"turns":3},{"damage":4,"enemies":"2 Louse","floor":5,"turns":4},{"damage":29,"enemies":"3 Sentries","floor":7,"turns":8},{"damage":0,"enemies":"Jaw Worm","floor":8,"turns":3},{"damage":3,"enemies":"Lagavulin","floor":10,"turns":7},{"damage":11,"enemies":"Large Slime","floor":12,"turns":7},{"damage":0,"enemies":"Blue Slaver","floor":13,"turns":3},{"damage":9,"enemies":"Gremlin Nob","floor":14,"turns":2}],"seed_played":"1352954160875418114","potions_obtained":[{"floor":1,"key":"SpeedPotion"},{"floor":7,"key":"Weak Potion"},{"floor":12,"key":"SpeedPotion"},{"floor":13,"key":"Strength Potion"}],"is_trial":false,"path_per_floor":["M","?","?","?","M","R","E","M","T","E","R","M","M","E"],"character_chosen":"DEFECT","items_purchased":[],"campfire_rested":0,"item_purchase_floors":[],"current_hp_per_floor":[60,60,49,49,45,45,23,23,23,20,20,9,9,0],"gold":371,"neow_bonus":"BOSS_RELIC","is_prod":false,"is_daily":false,"chose_seed":false,"campfire_upgraded":2,"win_rate":0,"timestamp":1553647610,"path_taken":["M","?","?","?","?","R","E","M","T","E","R","M","M","E"],"build_version":"2019-03-15","purchased_purges":0,"victory":false,"max_hp_per_floor":[71,71,71,64,64,64,71,71,71,71,71,71,71,71],"card_choices":[{"not_picked":["Melter","Undo"],"picked":"Cold Snap","floor":1},{"not_picked":["Turbo","Conserve Battery"],"picked":"Ball Lightning","floor":5},{"not_picked":["Reinforced Body","Static Discharge"],"picked":"Chaos","floor":7},{"not_picked":["Redo","Melter"],"picked":"Sunder","floor":8},{"not_picked":["White Noise","Streamline"],"picked":"Conserve Battery","floor":10},{"not_picked":["Leap","All For One"],"picked":"Hello World","floor":12},{"not_picked":["Genetic Algorithm","Doom and Gloom"],"picked":"Auto Shields","floor":13}],"player_experience":1360996,"relics_obtained":[{"floor":7,"key":"Strawberry"},{"floor":7,"key":"Anchor"},{"floor":9,"key":"Boot"},{"floor":10,"key":"Art of War"},{"floor":10,"key":"Omamori"}],"event_choices":[{"damage_healed":0,"gold_gain":0,"player_choice":"Ignored","damage_taken":0,"max_hp_gain":0,"max_hp_loss":0,"event_name":"Liars Game","floor":2,"gold_loss":0},{"damage_healed":0,"gold_gain":75,"player_choice":"Gather Gold","damage_taken":11,"max_hp_gain":0,"max_hp_loss":0,"event_name":"World of Goop","floor":3,"gold_loss":0},{"damage_healed":0,"gold_gain":0,"player_choice":"Lose Max HP","damage_taken":0,"relics_obtained":["Golden Idol"],"max_hp_gain":0,"max_hp_loss":7,"event_name":"Golden Idol","floor":4,"gold_loss":0}],"is_beta":true,"boss_relics":[],"items_purged_floors":[],"is_endless":false,"potions_floor_spawned":[1,7,12,13],"killed_by":"Gremlin Nob","ascension_level":20}