{"gold_per_floor":[109,136,146,321,332,361,380,380,403,422,131,131,143,158,158,259,259,271,271,286,286,297,326,326,361,661,661,661,693,181,201,201,201],"floor_reached":33,"playtime":1206,"items_purged":["Doubt","Defend_B"],"score":428,"play_id":"369ec751-0d54-4b13-b016-c8157736830f","local_time":"20190812151029","is_ascension_mode":true,"campfire_choices":[{"data":"Zap","floor":15,"key":"SMITH"},{"floor":24,"key":"REST"},{"floor":27,"key":"REST"},{"data":"Consume","floor":32,"key":"SMITH"}],"neow_cost":"NONE","seed_source_timestamp":180068280419900,"circlet_count":0,"master_deck":["Strike_B+1","Defend_B","Defend_B","Zap+1","Dualcast","Seek","Chill","Beam Cell","Ball Lightning","Rebound","Go for the Eyes+1","Ball Lightning","Conserve Battery","Amplify","Leap","Conserve Battery","Amplify","Go for the Eyes+1","Leap+1","Scrape+1","Consume+1","Hologram","Defragment+1","Streamline","Go for the Eyes+1","Creative AI+1","Cold Snap","Cold Snap+1"],"relics":["Cracked Core","Orichalcum","Vajra","Cables","Oddly Smooth Stone","Runic Capacitor","Astrolabe","Frozen Egg 2","Emotion Chip","Ancient Tea Set","Old Coin","Omamori","Peace Pipe","Toxic Egg 2","Whetstone"],"potions_floor_usage":[6,16,22],"damage_taken":[{"damage":1,"enemies":"Cultist","floor":1,"turns":3},{"damage":5,"enemies":"2 Louse","floor":3,"turns":3},{"damage":4,"enemies":"Jaw Worm","floor":5,"turns":3},{"damage":23,"enemies":"3 Sentries","floor":6,"turns":8},{"damage":0,"enemies":"2 Fungi Beasts","floor":7,"turns":2},{"damage":0,"enemies":"Blue Slaver","floor":10,"turns":3},{"damage":3,"enemies":"Exordium Wildlife","floor":13,"turns":3},{"damage":0,"enemies":"Lots of Slimes","floor":14,"turns":3},{"damage":0,"enemies":"Slime Boss","floor":16,"turns":6},{"damage":12,"enemies":"2 Thieves","floor":18,"turns":4},{"damage":1,"enemies":"Chosen","floor":20,"turns":4},{"damage":12,"enemies":"Snake Plant","floor":22,"turns":3},{"damage":29,"enemies":"Book of Stabbing","floor":23,"turns":4},{"damage":11,"enemies":"Slavers","floor":25,"turns":5},{"damage":9,"enemies":"Book of Stabbing","floor":29,"turns":5},{"damage":0,"enemies":"Chosen and Byrds","floor":31,"turns":4},{"damage":61,"enemies":"Automaton","floor":33,"turns":6}],"seed_played":"-2179207807601345430","potions_obtained":[{"floor":3,"key":"FearPotion"},{"floor":5,"key":"EssenceOfSteel"},{"floor":6,"key":"GamblersBrew"},{"floor":13,"key":"PowerPotion"},{"floor":14,"key":"Fire Potion"},{"floor":23,"key":"Energy Potion"},{"floor":29,"key":"Fire Potion"}],"is_trial":false,"path_per_floor":["M","T","M","?","M","E","M","T","T","M","$","?","M","M","R","B",null,"M","?","M","?","M","E","R","E","T","R","T","E","$","M","R","B"],"character_chosen":"DEFECT","items_purchased":["Runic Capacitor","Conserve Battery","Toxic Egg 2","Whetstone"],"campfire_rested":2,"item_purchase_floors":[11,11,30,30],"current_hp_per_floor":[74,74,69,69,65,42,42,42,42,42,42,42,39,39,39,39,75,63,63,62,62,50,21,43,32,32,54,54,45,45,45,45,0],"gold":201,"neow_bonus":"ONE_RANDOM_RARE_CARD","is_prod":false,"is_daily":false,"chose_seed":false,"campfire_upgraded":2,"win_rate":0,"timestamp":1565590229,"path_taken":["M","?","M","?","M","E","M","?","T","M","$","?","M","M","R","BOSS","M","?","M","?","M","E","R","E","T","R","?","E","$","M","R","BOSS"],"build_version":"2019-07-17","purchased_purges":2,"victory":false,"max_hp_per_floor":[75,75,75,75,75,75,75,75,75,75,75,75,75,75,75,75,75,75,75,75,75,75,75,75,75,75,75,75,75,75,75,75,75],"card_choices":[{"not_picked":["Leap","Beam Cell"],"picked":"Chill","floor":1},{"not_picked":["Rip and Tear","Double Energy"],"picked":"Beam Cell","floor":3},{"not_picked":["Recycle","Leap"],"picked":"Ball Lightning","floor":5},{"not_picked":["Darkness","Barrage"],"picked":"Rebound","floor":6},{"not_picked":["Gash","FTL"],"picked":"Go for the Eyes","floor":7},{"not_picked":["Redo","Barrage"],"picked":"Ball Lightning","floor":10},{"not_picked":["Multi-Cast","Go for the Eyes"],"picked":"Leap","floor":13},{"not_picked":["Barrage","BootSequence"],"picked":"Conserve Battery","floor":14},{"not_picked":["Meteor Strike","Hyperbeam"],"picked":"Amplify","floor":16},{"not_picked":["Doom and Gloom","Fusion"],"picked":"Consume","floor":18},{"not_picked":["Streamline","Leap"],"picked":"Hologram","floor":20},{"not_picked":["Redo","Steam"],"picked":"Streamline","floor":22},{"not_picked":["Consume","Genetic Algorithm+1"],"picked":"Go for the Eyes+1","floor":23},{"not_picked":["Compile Driver","Sunder+1"],"picked":"Creative AI+1","floor":25},{"not_picked":["Sweeping Beam+1","Redo"],"picked":"Cold Snap","floor":29},{"not_picked":["Tempest+1","Leap+1"],"picked":"Cold Snap+1","floor":31}],"player_experience":130055,"relics_obtained":[{"floor":2,"key":"Orichalcum"},{"floor":6,"key":"Vajra"},{"floor":8,"key":"Cables"},{"floor":9,"key":"Oddly Smooth Stone"},{"floor":23,"key":"Emotion Chip"},{"floor":25,"key":"Ancient Tea Set"},{"floor":26,"key":"Old Coin"},{"floor":28,"key":"Omamori"},{"floor":29,"key":"Peace Pipe"}],"event_choices":[{"damage_healed":0,"gold_gain":175,"player_choice":"AGREE","damage_taken":0,"max_hp_gain":0,"max_hp_loss":0,"event_name":"Liars Game","floor":4,"gold_loss":0,"cards_obtained":["Doubt"]},{"damage_healed":0,"gold_gain":0,"cards_transformed":["Strike_B"],"player_choice":"Change","damage_taken":0,"max_hp_gain":0,"max_hp_loss":0,"event_name":"Living Wall","floor":12,"gold_loss":0,"cards_obtained":["Amplify"]},{"damage_healed":0,"gold_gain":0,"player_choice":"Opened","damage_taken":0,"relics_obtained":["Frozen Egg 2"],"max_hp_gain":0,"max_hp_loss":0,"event_name":"The Mausoleum","floor":19,"gold_loss":0},{"damage_healed":0,"gold_gain":0,"player_choice":"Read","damage_taken":0,"max_hp_gain":0,"max_hp_loss":0,"event_name":"The Library","floor":21,"gold_loss":0,"cards_obtained":["Defragment"]}],"is_beta":false,"boss_relics":[{"not_picked":["Lizard Tail","Tiny House"],"picked":"Astrolabe"}],"items_purged_floors":[11,30],"is_endless":false,"potions_floor_spawned":[3,5,6,13,14,23,29],"killed_by":"Automaton","ascension_level":4}