{"gold_per_floor":[119,119,119,9,9,50,7,38,38,38,76,101,126,52,52,143,143,156,71,96,116,116,116,155,155,155,174,212,212,225,240,240,329,329,344,359,374,499,499,542,542,586,586,137,137,137,137,178,178,178,178],"floor_reached":52,"playtime":1543,"items_purged":["Strike_R"],"score":2313,"play_id":"32cecf44-ebbf-44bc-ae2e-9f633b1c1798","local_time":"20190327015527","is_ascension_mode":true,"campfire_choices":[{"data":"Armaments","floor":10.0,"key":"SMITH"},{"data":"Armaments","floor":15.0,"key":"SMITH"},{"data":"Immolate","floor":23.0,"key":"SMITH"},{"floor":25.0,"key":"REST"},{"data":"Demon Form","floor":29.0,"key":"SMITH"},{"data":"Shockwave","floor":32.0,"key":"SMITH"},{"floor":41,"key":"REST"},{"floor":46,"key":"DIG"},{"floor":49,"key":"DIG"}],"neow_cost":"NONE","seed_source_timestamp":11775835744619,"circlet_count":0,"master_deck":["AscendersBane","Strike_R","Strike_R","Strike_R","Defend_R","Defend_R","Defend_R","Bash","Flame Barrier","Armaments+1","Disarm","Feel No Pain","Evolve","Clothesline","Thunderclap","Spot Weakness","Armaments+1","Metallicize","Immolate+1","Headbutt","Heavy Blade","Heavy Blade+1","Demon Form+1","Shockwave+1","Battle Trance","Bludgeon","Heavy Blade","Flame Barrier","Shrug It Off","Armaments+1","Armaments","Shockwave"],"special_seed":0,"relics":["Burning Blood","NeowsBlessing","Golden Idol","Incense Burner","Pantograph","Potion Belt","Red Skull","Snecko Eye","PreservedInsect","Anchor","Gambling Chip","Omamori","White Beast Statue","Nunchaku","Regal Pillow","Shovel","Blood Vial","Calipers","Pocketwatch","Art of War","Strawberry"],"potions_floor_usage":[42,42,42,48,50,50],"damage_taken":[{"damage":0.0,"enemies":"Small Slimes","floor":1.0,"turns":1.0},{"damage":0.0,"enemies":"Gremlin Nob","floor":6.0,"turns":1.0},{"damage":0.0,"enemies":"3 Sentries","floor":8.0,"turns":2.0},{"damage":32.0,"enemies":"Lagavulin","floor":11.0,"turns":7.0},{"damage":4.0,"enemies":"Jaw Worm","floor":12.0,"turns":5.0},{"damage":7.0,"enemies":"2 Louse","floor":13.0,"turns":3.0},{"damage":6.0,"enemies":"The Guardian","floor":16.0,"turns":11.0},{"damage":31.0,"enemies":"Shell Parasite","floor":18.0,"turns":5.0},{"damage":0.0,"enemies":"3 Byrds","floor":20.0,"turns":4.0},{"damage":12.0,"enemies":"Centurion and Healer","floor":21.0,"turns":6.0},{"damage":29.0,"enemies":"Slavers","floor":24.0,"turns":5.0},{"damage":2.0,"enemies":"Snake Plant","floor":27.0,"turns":3.0},{"damage":0.0,"enemies":"Book of Stabbing","floor":28.0,"turns":4.0},{"damage":9.0,"enemies":"Snecko","floor":30.0,"turns":5.0},{"damage":0.0,"enemies":"Cultist and Chosen","floor":31.0,"turns":2.0},{"damage":0.0,"enemies":"Collector","floor":33.0,"turns":5.0},{"damage":0.0,"enemies":"3 Shapes","floor":35.0,"turns":2.0},{"damage":0.0,"enemies":"3 Darklings","floor":36.0,"turns":2.0},{"damage":9.0,"enemies":"4 Shapes","floor":37.0,"turns":2.0},{"damage":0.0,"enemies":"Mind Bloom Boss Battle","floor":38.0,"turns":4.0},{"damage":26,"enemies":"Reptomancer","floor":40,"turns":4},{"damage":2,"enemies":"Nemesis","floor":42,"turns":5},{"damage":0,"enemies":"Reptomancer","floor":48,"turns":2},{"damage":19,"enemies":"Donu and Deca","floor":50,"turns":6},{"damage":2,"enemies":"Time Eater","floor":51,"turns":7}],"seed_played":"-3370880449116088862","potions_obtained":[{"floor":1.0,"key":"PowerPotion"},{"floor":11.0,"key":"Fire Potion"},{"floor":18.0,"key":"SpeedPotion"},{"floor":31.0,"key":"Block Potion"},{"floor":33.0,"key":"Dexterity Potion"},{"floor":35.0,"key":"GamblersBrew"},{"floor":38.0,"key":"LiquidBronze"},{"floor":40,"key":"Fruit Juice"},{"floor":42,"key":"SteroidPotion"},{"floor":48,"key":"LiquidBronze"}],"is_trial":false,"path_per_floor":["M","?","?","$","?","E","$","E","T","R","E","M","M","$","R","B",null,"M","?","M","M","?","R","E","R","T","M","E","R","M","M","R","B",null,"M","M","M","?","?","E","R","E","T","$","?","R","?","E","R","B","B",null],"character_chosen":"IRONCLAD","items_purchased":["Armaments","Disarm","Evolve","Metallicize","Calipers","Armaments"],"campfire_rested":2,"item_purchase_floors":[4,4,7,14,44,44],"current_hp_per_floor":[74,67,72,72,72,72,72,72,72,72,46,48,47,47,47,72,72,47,47,53,47,47,47,24,45,45,49,55,55,52,58,58,72,72,72,72,69,72,72,52,72,77,77,77,73,73,73,73,80,67,80],"gold":178,"neow_bonus":"THREE_ENEMY_KILL","is_prod":false,"is_daily":false,"chose_seed":false,"campfire_upgraded":5,"win_rate":0,"timestamp":1553676927,"path_taken":["M","?","?","$","?","E","?","E","T","R","E","?","M","$","R","BOSS","M","?","M","M","?","R","E","R","T","M","E","R","?","M","R","BOSS","M","M","?","?","?","E","R","E","T","$","?","R","?","E","R","BOSS","BOSS"],"build_version":"2019-03-15","purchased_purges":1,"victory":true,"max_hp_per_floor":[75,75,80,80,72,72,72,72,72,72,72,72,72,72,72,72,72,72,72,72,72,72,72,72,72,72,72,72,72,72,72,72,72,72,72,72,72,72,72,72,72,77,77,77,73,73,73,73,80,80,80],"card_choices":[{"not_picked":["Clash","Thunderclap"],"picked":"Flame Barrier","floor":1.0},{"not_picked":["Sever Soul","Reckless Charge"],"picked":"Feel No Pain","floor":6.0},{"not_picked":["Battle Trance","Warcry"],"picked":"Clothesline","floor":8.0},{"not_picked":["Iron Wave","Wild Strike"],"picked":"Thunderclap","floor":11.0},{"not_picked":["Flex","Perfected Strike"],"picked":"Spot Weakness","floor":12.0},{"not_picked":["Corruption","Clothesline"],"picked":"Armaments","floor":13.0},{"not_picked":["Feed","Limit Break"],"picked":"Immolate","floor":16.0},{"not_picked":["Warcry","Evolve"],"picked":"Headbutt","floor":20.0},{"not_picked":["Havoc","Power Through"],"picked":"Heavy Blade","floor":21.0},{"not_picked":["Rage","Thunderclap"],"picked":"Heavy Blade+1","floor":24.0},{"not_picked":["Warcry","Pummel+1"],"picked":"Demon Form","floor":28.0},{"not_picked":["Second Wind","Warcry"],"picked":"Shockwave","floor":30.0},{"not_picked":["Intimidate","Pommel Strike"],"picked":"Battle Trance","floor":31.0},{"not_picked":["Limit Break","Brutality"],"picked":"Bludgeon","floor":33.0},{"not_picked":["Blood for Blood","Havoc"],"picked":"Heavy Blade","floor":36.0},{"not_picked":["True Grit+1","Anger"],"picked":"Flame Barrier","floor":37.0},{"not_picked":["Rampage","Heavy Blade"],"picked":"Shrug It Off","floor":38.0},{"not_picked":["Anger","Headbutt"],"picked":"Armaments","floor":42},{"not_picked":["Rupture","Wild Strike+1"],"picked":"Shockwave","floor":48}],"player_experience":1365272,"relics_obtained":[{"floor":6.0,"key":"Incense Burner"},{"floor":8.0,"key":"Pantograph"},{"floor":9.0,"key":"Potion Belt"},{"floor":11.0,"key":"Red Skull"},{"floor":24.0,"key":"Anchor"},{"floor":26.0,"key":"Gambling Chip"},{"floor":28.0,"key":"Omamori"},{"floor":38.0,"key":"Nunchaku"},{"floor":40,"key":"Regal Pillow"},{"floor":42,"key":"Shovel"},{"floor":43,"key":"Blood Vial"},{"floor":46,"key":"Pocketwatch"},{"floor":48,"key":"Art of War"},{"floor":49,"key":"Strawberry"}],"event_choices":[{"cards_removed":["Defend_R"],"damage_healed":0.0,"max_hp_gain":0.0,"max_hp_loss":0.0,"gold_gain":0.0,"event_name":"Golden Wing","player_choice":"Card Removal","floor":2.0,"gold_loss":0.0,"damage_taken":7.0},{"damage_healed":0.0,"max_hp_gain":5.0,"max_hp_loss":0.0,"gold_gain":0.0,"event_name":"Big Fish","player_choice":"Donut","floor":3.0,"gold_loss":0.0,"damage_taken":0.0},{"damage_healed":0.0,"max_hp_gain":0.0,"max_hp_loss":8.0,"gold_gain":0.0,"event_name":"Golden Idol","player_choice":"Lose Max HP","floor":5.0,"gold_loss":0.0,"damage_taken":0.0,"relics_obtained":["Golden Idol"]},{"damage_healed":0.0,"max_hp_gain":0.0,"max_hp_loss":0.0,"gold_gain":0.0,"event_name":"Addict","player_choice":"Obtained Relic","floor":19.0,"gold_loss":85.0,"damage_taken":0.0,"relics_obtained":["PreservedInsect"]},{"cards_removed":["Strike_R"],"damage_healed":0.0,"max_hp_gain":0.0,"max_hp_loss":0.0,"gold_gain":0.0,"event_name":"Bonfire Elementals","player_choice":"Offered Basic","floor":22.0,"gold_loss":0.0,"damage_taken":0.0},{"damage_healed":0.0,"max_hp_gain":0.0,"max_hp_loss":0.0,"gold_gain":0.0,"event_name":"MindBloom","player_choice":"Fight","floor":38.0,"gold_loss":0.0,"damage_taken":0.0},{"damage_healed":0,"gold_gain":0,"player_choice":"Ignored","damage_taken":0,"max_hp_gain":0,"max_hp_loss":0,"event_name":"Mysterious Sphere","floor":39,"gold_loss":0},{"damage_healed":0,"gold_gain":0,"player_choice":"Max HP","damage_taken":0,"max_hp_gain":0,"max_hp_loss":4,"event_name":"Winding Halls","floor":45,"gold_loss":0},{"damage_healed":0,"gold_gain":0,"player_choice":"Forge","damage_taken":0,"max_hp_gain":0,"max_hp_loss":0,"event_name":"Accursed Blacksmith","floor":47,"gold_loss":0,"cards_upgraded":["Armaments"]}],"is_beta":true,"boss_relics":[{"not_picked":["Busted Crown","Mark of Pain"],"picked":"Snecko Eye"},{"not_picked":["Orrery","Black Blood"],"picked":"White Beast Statue"}],"items_purged_floors":[44],"is_endless":false,"potions_floor_spawned":[1,11,18,31,33,35,36,37,38,40,42,48],"ascension_level":20}