{"gold_per_floor":[113,113,26,46,46,46,73,83,83,140,151,183,195,169,169,248,248],"floor_reached":17,"playtime":328,"items_purged":[],"score":400,"play_id":"9fe07ab5-fbf4-431e-a2f4-25ae3acd0353","local_time":"20190202124845","is_ascension_mode":true,"campfire_choices":[{"data":"Zap","floor":6,"key":"SMITH"},{"data":"Redo","floor":15,"key":"SMITH"}],"neow_cost":"NONE","seed_source_timestamp":37198451992845,"circlet_count":0,"master_deck":["AscendersBane","Strike_B","Strike_B","Strike_B","Strike_B","Defend_B","Defend_B","Zap+1","Dualcast","Steam","Compile Driver","Undo","Conserve Battery","Ball Lightning","Streamline","All For One","Leap","BootSequence","Rainbow","Redo+1","Multi-Cast"],"relics":["Cracked Core","NeowsBlessing","Turnip","Symbiotic Virus","Tiny Chest","Dream Catcher"],"potions_floor_usage":[10,12,16],"damage_taken":[{"damage":0,"enemies":"2 Louse","floor":1,"turns":1},{"damage":0,"enemies":"Cultist","floor":4,"turns":1},{"damage":0,"enemies":"Lagavulin","floor":7,"turns":1},{"damage":0,"enemies":"Jaw Worm","floor":8,"turns":3},{"damage":8,"enemies":"3 Sentries","floor":10,"turns":5},{"damage":9,"enemies":"Lots of Slimes","floor":11,"turns":4},{"damage":4,"enemies":"Lagavulin","floor":12,"turns":5},{"damage":1,"enemies":"Looter","floor":13,"turns":2},{"damage":4,"enemies":"Slime Boss","floor":16,"turns":4}],"seed_played":"7807173202275986825","potions_obtained":[{"floor":8,"key":"Block Potion"},{"floor":11,"key":"Block Potion"},{"floor":12,"key":"Block Potion"},{"floor":13,"key":"PowerPotion"}],"is_trial":false,"path_per_floor":["M","?","$","M","?","R","E","M","T","E","M","E","M","$","R","B",null],"character_chosen":"DEFECT","items_purchased":["Compile Driver","Undo","Redo"],"campfire_rested":0,"item_purchase_floors":[3,3,14],"current_hp_per_floor":[64,64,64,64,64,64,64,64,64,56,47,43,42,42,42,38,38],"gold":248,"neow_bonus":"THREE_ENEMY_KILL","is_prod":false,"is_daily":false,"chose_seed":false,"campfire_upgraded":2,"win_rate":0,"timestamp":1549140525,"path_taken":["M","?","$","?","?","R","E","M","T","E","M","E","M","$","R","BOSS"],"build_version":"2019-01-23","purchased_purges":0,"victory":false,"max_hp_per_floor":[71,71,71,71,71,71,71,71,71,71,71,71,71,71,71,71,71],"card_choices":[{"not_picked":["Turbo","Heatsinks"],"picked":"Steam","floor":1},{"not_picked":["Hologram","Barrage"],"picked":"Conserve Battery","floor":4},{"not_picked":["Recycle","Beam Cell"],"picked":"Ball Lightning","floor":7},{"not_picked":["Tempest","Recycle"],"picked":"Streamline","floor":8},{"not_picked":["Steam Power","Rip and Tear"],"picked":"All For One","floor":10},{"not_picked":["Barrage","Sweeping Beam"],"picked":"Leap","floor":11},{"not_picked":["Fusion","Turbo"],"picked":"BootSequence","floor":12},{"not_picked":["Go for the Eyes","Redo"],"picked":"Rainbow","floor":13},{"not_picked":["Fission","Buffer"],"picked":"Multi-Cast","floor":16}],"player_experience":1099304,"relics_obtained":[{"floor":7,"key":"Turnip"},{"floor":9,"key":"Symbiotic Virus"},{"floor":10,"key":"Tiny Chest"},{"floor":12,"key":"Dream Catcher"}],"event_choices":[{"cards_removed":["Defend_B"],"damage_healed":0,"gold_gain":0,"player_choice":"Purged","damage_taken":0,"max_hp_gain":0,"max_hp_loss":0,"event_name":"Purifier","floor":2,"gold_loss":0},{"cards_removed":["Defend_B"],"damage_healed":0,"gold_gain":0,"player_choice":"Card Removal","damage_taken":0,"max_hp_gain":0,"max_hp_loss":0,"event_name":"Wheel of Change","floor":5,"gold_loss":0}],"is_beta":true,"boss_relics":[],"items_purged_floors":[],"is_endless":false,"potions_floor_spawned":[8,11,12,13],"ascension_level":20}