{"gold_per_floor":[117,117,17,31,41,41,75,75,75,75,107,19,34,34,34,105,105,125,50,50,69,84,84,84],"floor_reached":24,"playtime":698,"items_purged":["Strike_B"],"score":408,"play_id":"0fd2ad3d-5c81-458c-a73a-9fe0d614d77e","local_time":"20190126002514","is_ascension_mode":true,"campfire_choices":[{"data":"Streamline","floor":6.0,"key":"SMITH"},{"data":"Go for the Eyes","floor":8.0,"key":"SMITH"},{"data":"Dualcast","floor":10.0,"key":"SMITH"},{"data":"Zap","floor":15.0,"key":"SMITH"},{"floor":23,"key":"REST"}],"neow_cost":"NONE","seed_source_timestamp":275275052977975,"circlet_count":0,"master_deck":["AscendersBane","Strike_B+1","Defend_B+1","Defend_B+1","Defend_B+1","Defend_B+1","Zap+1","Dualcast+1","Darkness","Streamline+1","Go for the Eyes+1","Reinforced Body","All For One","Hello World","Hello World","Chill","Leap","Machine Learning","Streamline","Steam","Rebound","Conserve Battery"],"special_seed":0,"relics":["Sozu","Prayer Wheel","Kunai","Juzu Bracelet","Black Star"],"potions_floor_usage":[],"damage_taken":[{"damage":12.0,"enemies":"Jaw Worm","floor":1.0,"turns":3.0},{"damage":1.0,"enemies":"Cultist","floor":4.0,"turns":3.0},{"damage":1.0,"enemies":"2 Louse","floor":5.0,"turns":2.0},{"damage":10.0,"enemies":"Lagavulin","floor":7.0,"turns":7.0},{"damage":26.0,"enemies":"Gremlin Nob","floor":11.0,"turns":4.0},{"damage":0.0,"enemies":"Exordium Thugs","floor":13.0,"turns":3.0},{"damage":13.0,"enemies":"Hexaghost","floor":16.0,"turns":9.0},{"damage":15.0,"enemies":"Shell Parasite","floor":18.0,"turns":5.0},{"damage":17,"enemies":"Spheric Guardian","floor":21,"turns":4},{"damage":4,"enemies":"Snecko","floor":22,"turns":6},{"damage":50,"enemies":"Slavers","floor":24,"turns":3}],"seed_played":"-5605385045555274968","potions_obtained":[],"is_trial":false,"path_per_floor":["M","?","$","M","M","R","E","R","T","R","E","$","M","?","R","B",null,"M","?","?","M","M","R","E"],"character_chosen":"DEFECT","items_purchased":["Streamline","Hello World"],"campfire_rested":1,"item_purchase_floors":[3,12],"current_hp_per_floor":[52,52,52,51,50,50,40,40,40,40,14,14,14,19,19,6,59,44,44,44,27,23,45,0],"gold":84,"neow_bonus":"BOSS_RELIC","is_prod":false,"is_daily":false,"chose_seed":false,"campfire_upgraded":4,"win_rate":0,"timestamp":1548491114,"path_taken":["M","?","?","M","M","R","E","R","T","R","E","$","M","?","R","BOSS","M","?","?","M","M","R","E"],"build_version":"2019-01-23","purchased_purges":1,"victory":false,"max_hp_per_floor":[71,71,71,71,71,71,71,71,71,71,71,71,71,76,76,76,76,76,76,76,76,76,76,76],"card_choices":[{"not_picked":["Compile Driver","Leap"],"picked":"Darkness","floor":1.0},{"not_picked":["Gash","Turbo"],"picked":"Go for the Eyes","floor":4.0},{"not_picked":["Recycle","Go for the Eyes"],"picked":"Reinforced Body","floor":5.0},{"not_picked":["Leap","Beam Cell"],"picked":"All For One","floor":7.0},{"not_picked":["Turbo","Melter"],"picked":"Hello World","floor":11.0},{"not_picked":["Double Energy","Stack"],"picked":"Chill","floor":13.0},{"not_picked":["Compile Driver","Force Field"],"picked":"Leap","floor":13.0},{"not_picked":["Creative AI","Rainbow"],"picked":"Machine Learning","floor":16.0},{"not_picked":["Compile Driver","Reinforced Body"],"picked":"Streamline","floor":18.0},{"not_picked":["White Noise","Fusion","Doom and Gloom"],"picked":"SKIP","floor":18.0},{"not_picked":["Tempest","Blizzard"],"picked":"Steam","floor":21},{"not_picked":["Ball Lightning","Doom and Gloom"],"picked":"Rebound","floor":21},{"not_picked":["Cold Snap","Reboot"],"picked":"Conserve Battery","floor":22},{"not_picked":["Compile Driver","Undo","Heatsinks"],"picked":"SKIP","floor":22}],"player_experience":1051903,"relics_obtained":[{"floor":7.0,"key":"Prayer Wheel"},{"floor":9.0,"key":"Kunai"},{"floor":11.0,"key":"Juzu Bracelet"}],"event_choices":[{"cards_removed":["Strike_B"],"damage_healed":0.0,"max_hp_gain":0.0,"max_hp_loss":0.0,"gold_gain":0.0,"event_name":"Purifier","player_choice":"Purged","floor":2.0,"gold_loss":0.0,"damage_taken":0.0},{"damage_healed":0.0,"max_hp_gain":5.0,"max_hp_loss":0.0,"gold_gain":0.0,"event_name":"Big Fish","player_choice":"Donut","floor":14.0,"gold_loss":0.0,"damage_taken":0.0},{"cards_removed":["Strike_B"],"damage_healed":0.0,"max_hp_gain":0.0,"max_hp_loss":0.0,"gold_gain":0.0,"event_name":"Beggar","player_choice":"Gave Gold","floor":19.0,"gold_loss":75.0,"damage_taken":0.0},{"damage_healed":0.0,"max_hp_gain":0.0,"max_hp_loss":0.0,"gold_gain":0.0,"event_name":"Back to Basics","player_choice":"Simplicity","floor":20.0,"gold_loss":0.0,"damage_taken":0.0,"cards_upgraded":["Strike_B","Defend_B","Defend_B","Defend_B","Defend_B"]}],"is_beta":true,"boss_relics":[{"not_picked":["Ectoplasm","Nuclear Battery"],"picked":"Black Star"}],"items_purged_floors":[3],"is_endless":false,"potions_floor_spawned":[4,5,7,18,21],"killed_by":"Slavers","ascension_level":20}