{"gold_per_floor":[115,215,235,310,329,329,361,511,589,589,609,38,38,50,50,127,127,146,146,69,23,38,38,64,75,75,75,106,122,122,142,142,214,214,231,243,243,259,279,279,279,293,293,311,331,34,34,34,34,34],"floor_reached":51,"playtime":2609,"items_purged":["Doubt","Decay"],"score":1281,"play_id":"63440b06-7e6c-4067-b5b3-606fc2796567","local_time":"20180804235225","is_ascension_mode":true,"campfire_choices":[{"data":"Go for the Eyes","floor":6.0,"key":"SMITH"},{"data":"Buffer","floor":10.0,"key":"SMITH"},{"data":"Blizzard","floor":13.0,"key":"SMITH"},{"data":"Coolheaded","floor":15.0,"key":"SMITH"},{"data":"Hologram","floor":23.0,"key":"SMITH"},{"floor":30.0,"key":"REST"},{"data":"Buffer","floor":32.0,"key":"SMITH"},{"floor":40.0,"key":"REST"},{"data":"Hologram","floor":47,"key":"SMITH"},{"floor":49,"key":"REST"}],"neow_cost":"NONE","seed_source_timestamp":669415534577342,"circlet_count":0,"master_deck":["Strike_B","Strike_B","Strike_B","Strike_B","Defend_B","Defend_B","Defend_B","Defend_B","Zap","Dualcast","AscendersBane","Go for the Eyes+1","Conserve Battery","Coolheaded+1","Buffer+1","Cold Snap","Buffer+1","Fission","Blizzard+1","Cold Snap","Echo Form","Hologram+1","J.A.X.","Hologram+1","Rebound","Reinforced Body","Conserve Battery","Stack","Leap+1","Buffer+1","Creative AI","Blizzard+1","Redo","Core Surge","Flash of Steel","Mind Blast","Self Repair","Doubt","Hello World","Hologram","Magnetism","Madness","Madness"],"special_seed":0,"relics":["Runic Dome","DataDisk","Mercury Hourglass","Omamori","DollysMirror","Cursed Key","Happy Flower","Kunai","Mango","Oddly Smooth Stone","Lizard Tail","Vajra"],"potions_floor_usage":[50,50],"damage_taken":[{"damage":3.0,"enemies":"Small Slimes","floor":1.0,"turns":3.0},{"damage":1.0,"enemies":"Cultist","floor":3.0,"turns":4.0},{"damage":4.0,"enemies":"2 Louse","floor":5.0,"turns":3.0},{"damage":16.0,"enemies":"Gremlin Nob","floor":7.0,"turns":5.0},{"damage":0.0,"enemies":"2 Fungi Beasts","floor":11.0,"turns":3.0},{"damage":1.0,"enemies":"Lots of Slimes","floor":14.0,"turns":4.0},{"damage":15.0,"enemies":"Hexaghost","floor":16.0,"turns":13.0},{"damage":0.0,"enemies":"Chosen","floor":18.0,"turns":6.0},{"damage":6.0,"enemies":"2 Thieves","floor":22.0,"turns":4.0},{"damage":24.0,"enemies":"Gremlin Leader","floor":24.0,"turns":10.0},{"damage":16.0,"enemies":"Slaver and Parasite","floor":25.0,"turns":9.0},{"damage":21.0,"enemies":"Book of Stabbing","floor":28.0,"turns":8.0},{"damage":3.0,"enemies":"Chosen and Byrds","floor":29.0,"turns":10.0},{"damage":5.0,"enemies":"Snake Plant","floor":31.0,"turns":7.0},{"damage":0.0,"enemies":"Champ","floor":33.0,"turns":20.0},{"damage":0.0,"enemies":"Orb Walker","floor":35.0,"turns":6.0},{"damage":0.0,"enemies":"3 Darklings","floor":36.0,"turns":5.0},{"damage":0.0,"enemies":"Spire Growth","floor":38.0,"turns":9.0},{"damage":21.0,"enemies":"Flame Bruiser 2 Orb","floor":39.0,"turns":8.0},{"damage":0.0,"enemies":"Maw","floor":42.0,"turns":12.0},{"damage":0.0,"enemies":"4 Shapes","floor":44.0,"turns":7.0},{"damage":5.0,"enemies":"Sphere and 2 Shapes","floor":45.0,"turns":7.0},{"damage":58,"enemies":"Donu and Deca","floor":50,"turns":13}],"seed_played":"-4909657076760159505","potions_obtained":[{"floor":1.0,"key":"Poison Potion"},{"floor":5.0,"key":"Ancient Potion"},{"floor":11.0,"key":"Ancient Potion"},{"floor":14.0,"key":"Swift Potion"},{"floor":22.0,"key":"SpeedPotion"},{"floor":29.0,"key":"Dexterity Potion"},{"floor":33.0,"key":"LiquidBronze"},{"floor":37.0,"key":"PowerPotion"},{"floor":39.0,"key":"SteroidPotion"}],"is_trial":false,"path_per_floor":["M","?","M","?","M","R","E","?","T","R","M","$","R","M","R","B",null,"M","T","?","$","M","R","E","M","T","?","E","M","R","M","R","B",null,"M","M","?","M","M","R","?","M","T","M","M","$","R","?","R","B"],"character_chosen":"DEFECT","items_purchased":["Omamori","DollysMirror","Fission","Blizzard","Hologram","Magnetism"],"campfire_rested":3,"item_purchase_floors":[12,12,12,12,21,46],"current_hp_per_floor":[61,61,60,49,45,45,29,29,29,29,29,29,29,28,28,13,57,57,57,57,57,51,51,27,11,25,25,4,1,26,21,21,21,69,69,69,69,69,48,73,68,68,68,75,70,70,70,55,80,36],"gold":34,"neow_bonus":"BOSS_RELIC","is_prod":false,"is_daily":false,"chose_seed":false,"campfire_upgraded":7,"win_rate":0,"timestamp":1533451945,"path_taken":["M","?","M","?","M","R","E","?","T","R","M","$","R","M","R","BOSS","M","?","?","$","M","R","E","M","T","?","E","M","R","?","R","BOSS","M","?","?","M","M","R","?","M","T","M","M","$","R","?","R","BOSS"],"build_version":"2018-08-01","purchased_purges":2,"victory":true,"max_hp_per_floor":[71,71,71,71,71,71,71,71,71,71,71,71,71,71,71,71,71,71,71,71,71,71,71,71,71,85,85,85,85,85,85,85,85,85,85,85,85,85,85,85,85,85,85,85,85,85,85,85,85,85],"card_choices":[{"not_picked":["Storm","Compile Driver"],"picked":"Go for the Eyes","floor":1.0},{"not_picked":["Compile Driver","Rip and Tear"],"picked":"Conserve Battery","floor":3.0},{"not_picked":["Heatsinks","Storm"],"picked":"Coolheaded","floor":5.0},{"not_picked":["Turbo","Coolheaded"],"picked":"Buffer","floor":7.0},{"not_picked":["Streamline","Barrage"],"picked":"Cold Snap","floor":11.0},{"not_picked":["Turbo","Rebound"],"picked":"Cold Snap","floor":14.0},{"not_picked":["Buffer","Seek"],"picked":"Echo Form","floor":16.0},{"not_picked":["Sweeping Beam","Redo"],"picked":"Hologram","floor":18.0},{"not_picked":["Beam Cell+1","Steam"],"picked":"Rebound","floor":22.0},{"not_picked":["Conserve Battery","Storm"],"picked":"Reinforced Body","floor":24.0},{"not_picked":["Streamline","Melter"],"picked":"Conserve Battery","floor":25.0},{"not_picked":["Force Field","Conserve Battery"],"picked":"Stack","floor":28.0},{"not_picked":["Auto Shields","Capacitor+1"],"picked":"Leap+1","floor":29.0},{"not_picked":["BootSequence+1","Gash"],"picked":"Buffer","floor":31.0},{"not_picked":["Electrodynamics","Reboot"],"picked":"Creative AI","floor":33.0},{"not_picked":["Chaos","Coolheaded"],"picked":"Blizzard+1","floor":35.0},{"not_picked":["Compile Driver+1","Darkness"],"picked":"Redo","floor":36.0},{"not_picked":["Streamline","Doom and Gloom"],"picked":"Core Surge","floor":38.0},{"not_picked":["Sadistic Nature","Swift Strike"],"picked":"Flash of Steel","floor":41.0},{"not_picked":["Deep Breath","Trip"],"picked":"Mind Blast","floor":41.0},{"not_picked":["Conserve Battery+1","Compile Driver"],"picked":"Self Repair","floor":42.0},{"not_picked":["Rip and Tear","Compile Driver"],"picked":"Hello World","floor":44.0},{"not_picked":["Barrage","Rebound+1"],"picked":"Hologram","floor":45.0}],"player_experience":732256,"relics_obtained":[{"floor":7.0,"key":"DataDisk"},{"floor":9.0,"key":"Mercury Hourglass"},{"floor":19.0,"key":"Happy Flower"},{"floor":24.0,"key":"Kunai"},{"floor":26.0,"key":"Mango"},{"floor":28.0,"key":"Oddly Smooth Stone"},{"floor":43.0,"key":"Vajra"}],"event_choices":[{"event_name":"Wheel of Change","player_choice":"Gold","floor":2.0,"damage_taken":0.0},{"event_name":"World of Goop","player_choice":"Gather Gold","floor":4.0,"damage_taken":0.0},{"event_name":"Liars Game","player_choice":"agreed","floor":8.0,"damage_taken":0.0},{"event_name":"Drug Dealer","player_choice":"Got JAXXED","floor":20.0,"damage_taken":0.0},{"event_name":"Forgotten Altar","player_choice":"Smashed Altar","floor":27.0,"damage_taken":0.0},{"event_name":"The Lab","player_choice":"Got Potions","floor":37.0,"damage_taken":0.0},{"event_name":"SensoryStone","player_choice":"Memory 2","floor":41.0,"damage_taken":0.0},{"event_name":"Winding Halls","player_choice":"Embrace Madness","floor":48,"damage_taken":0}],"is_beta":true,"boss_relics":[{"not_picked":["Busted Crown","Eternal Feather"],"picked":"Cursed Key"},{"not_picked":["Calling Bell","Black Star"],"picked":"Lizard Tail"}],"items_purged_floors":[12,46],"is_endless":false,"potions_floor_spawned":[1,5,11,14,22,24,29,33,35,39],"ascension_level":15}