{"gold_per_floor":[117,132,53,66,66,66,81,81,134,134,150,161,181,215,215,288,288,302,302,302,315,326,354,354,388,470,470,487,5,5,17,17,89,89,104,35,46,46,60,60,73,73,73,73,104,104,120,120,120,120],"floor_reached":51,"playtime":2280,"items_purged":["Defend_G"],"score":1333,"play_id":"65f307a6-97d3-4c43-8347-c988e9f582ad","local_time":"20180711151442","is_ascension_mode":true,"campfire_choices":[{"data":"Footwork","floor":6.0,"key":"SMITH"},{"data":"Bouncing Flask","floor":8.0,"key":"SMITH"},{"data":"After Image","floor":10.0,"key":"SMITH"},{"data":"Catalyst","floor":15.0,"key":"SMITH"},{"data":"Neutralize","floor":24.0,"key":"SMITH"},{"data":"Noxious Fumes","floor":27.0,"key":"SMITH"},{"data":"Footwork","floor":30.0,"key":"SMITH"},{"data":"Dash","floor":32.0,"key":"SMITH"},{"data":"Well Laid Plans","floor":40,"key":"SMITH"},{"data":"Noxious Fumes","floor":42,"key":"SMITH"},{"floor":49,"key":"REST"}],"neow_cost":"NONE","seed_source_timestamp":212798062720262,"circlet_count":0,"master_deck":["Defend_G","Defend_G","Defend_G","Survivor","Neutralize+1","AscendersBane","Dagger Spray","Crippling Poison","Footwork+1","Bouncing Flask+1","After Image+1","Riddle With Holes","Backflip","Catalyst+1","Choke","After Image","Bite","Bite","Bite","Bite","Noxious Fumes+1","Footwork+1","After Image","Dash+1","Glass Knife","Noxious Fumes+1","Well Laid Plans+1","Infinite Blades","Malaise+1"],"special_seed":0,"relics":["Snecko Eye","Anchor","Vajra","Busted Crown","CultistMask","Unceasing Top","Pantograph","Shuriken","TheAbacus","Sozu","Happy Flower","Tough Bandages"],"potions_floor_usage":[47,50],"damage_taken":[{"damage":0.0,"enemies":"2 Louse","floor":1.0,"turns":3.0},{"damage":7.0,"enemies":"Small Slimes","floor":2.0,"turns":3.0},{"damage":0.0,"enemies":"Cultist","floor":4.0,"turns":4.0},{"damage":4.0,"enemies":"3 Louse","floor":7.0,"turns":3.0},{"damage":0.0,"enemies":"Lots of Slimes","floor":11.0,"turns":3.0},{"damage":0.0,"enemies":"Blue Slaver","floor":12.0,"turns":3.0},{"damage":0.0,"enemies":"Looter","floor":13.0,"turns":3.0},{"damage":1.0,"enemies":"3 Sentries","floor":14.0,"turns":8.0},{"damage":4.0,"enemies":"The Guardian","floor":16.0,"turns":9.0},{"damage":8.0,"enemies":"3 Byrds","floor":18.0,"turns":5.0},{"damage":8.0,"enemies":"Spheric Guardian","floor":21.0,"turns":4.0},{"damage":5.0,"enemies":"Snecko","floor":22.0,"turns":4.0},{"damage":0.0,"enemies":"Book of Stabbing","floor":23.0,"turns":4.0},{"damage":12.0,"enemies":"Gremlin Leader","floor":25.0,"turns":5.0},{"damage":9.0,"enemies":"Snake Plant","floor":28.0,"turns":5.0},{"damage":6.0,"enemies":"Centurion and Healer","floor":31.0,"turns":6.0},{"damage":16.0,"enemies":"Champ","floor":33.0,"turns":8.0},{"damage":28,"enemies":"Flame Bruiser 1 Orb","floor":35,"turns":7},{"damage":6,"enemies":"3 Shapes","floor":37,"turns":5},{"damage":0,"enemies":"Flame Bruiser 2 Orb","floor":39,"turns":5},{"damage":2,"enemies":"Transient","floor":41,"turns":5},{"damage":18,"enemies":"2 Orb Walkers","floor":45,"turns":6},{"damage":18,"enemies":"Spire Growth","floor":47,"turns":6},{"damage":22,"enemies":"Awakened One","floor":50,"turns":13}],"seed_played":"3754138881070807673","potions_obtained":[{"floor":2.0,"key":"Regen Potion"},{"floor":4.0,"key":"LiquidBronze"},{"floor":25.0,"key":"Fire Potion"}],"is_trial":false,"path_per_floor":["M","M","$","M","?","R","M","R","T","R","M","M","M","E","R","B",null,"M","?","?","M","M","E","R","E","T","R","M","$","R","M","R","B",null,"M","$","M","?","M","R","M","R","T","?","E","?","M","?","R","B"],"character_chosen":"THE_SILENT","items_purchased":["Footwork","After Image","Dash","TheAbacus","Noxious Fumes"],"campfire_rested":1,"item_purchase_floors":[3,29,29,29,36],"current_hp_per_floor":[59,52,52,52,52,52,48,48,48,48,48,48,48,47,47,43,60,52,52,46,42,45,46,46,44,44,44,43,43,43,46,46,40,45,28,28,26,26,32,32,38,38,38,38,30,30,30,30,43,46],"gold":120,"neow_bonus":"BOSS_RELIC","is_prod":false,"is_daily":false,"chose_seed":false,"campfire_upgraded":10,"win_rate":0,"timestamp":1531347282,"path_taken":["M","M","$","M","?","R","?","R","T","R","M","M","M","E","R","BOSS","M","?","?","M","M","E","R","E","T","R","M","$","R","M","R","BOSS","M","$","M","?","?","R","M","R","T","?","E","?","?","?","R","BOSS"],"build_version":"2018-07-10","purchased_purges":1,"victory":true,"max_hp_per_floor":[66,66,66,66,66,66,66,66,66,66,66,66,66,66,66,66,66,66,66,46,46,46,46,46,46,46,46,46,46,46,46,46,46,46,46,46,46,46,46,46,46,46,46,46,46,46,46,46,46,46],"card_choices":[{"not_picked":["Quick Slash","Slice"],"picked":"Dagger Spray","floor":1.0},{"not_picked":["Flying Knee","Cloak And Dagger"],"picked":"Crippling Poison","floor":2.0},{"not_picked":["Sucker Punch","PiercingWail"],"picked":"Bouncing Flask","floor":4.0},{"not_picked":["Heel Hook","Dodge and Roll"],"picked":"After Image","floor":7.0},{"not_picked":["Dodge and Roll","Endless Agony"],"picked":"Riddle With Holes","floor":11.0},{"not_picked":["Outmaneuver","Deflect"],"picked":"Backflip","floor":12.0},{"not_picked":["Deadly Poison","Bouncing Flask"],"picked":"Catalyst","floor":13.0},{"not_picked":["Dagger Spray","Blade Dance"],"picked":"Choke","floor":14.0},{"not_picked":["Doppelganger","Envenom"],"picked":"After Image","floor":16.0},{"not_picked":["Slice+1"],"picked":"SKIP","floor":18.0},{"not_picked":[],"picked":"Noxious Fumes","floor":21.0},{"not_picked":["Expertise"],"picked":"SKIP","floor":22.0},{"not_picked":["Eviscerate"],"picked":"SKIP","floor":23.0},{"not_picked":["Dagger Spray"],"picked":"SKIP","floor":25.0},{"not_picked":[],"picked":"Footwork","floor":28.0},{"not_picked":["Slice"],"picked":"SKIP","floor":31.0},{"not_picked":[],"picked":"Glass Knife","floor":33.0},{"not_picked":["Poisoned Stab+1"],"picked":"SKIP","floor":35},{"not_picked":["Riddle With Holes"],"picked":"SKIP","floor":37},{"not_picked":["Deflect"],"picked":"SKIP","floor":39},{"not_picked":[],"picked":"Infinite Blades","floor":41},{"not_picked":["Tactician"],"picked":"SKIP","floor":45},{"not_picked":[],"picked":"Malaise","floor":47}],"player_experience":593983,"relics_obtained":[{"floor":9.0,"key":"Anchor"},{"floor":14.0,"key":"Vajra"},{"floor":23.0,"key":"Unceasing Top"},{"floor":25.0,"key":"Pantograph"},{"floor":26.0,"key":"Shuriken"},{"floor":43,"key":"Happy Flower"},{"floor":45,"key":"Tough Bandages"}],"event_choices":[{"event_name":"The Cleric","player_choice":"Leave","floor":5.0,"damage_taken":0.0},{"event_name":"FaceTrader","player_choice":"Trade","floor":19.0,"damage_taken":0.0},{"event_name":"Vampires","player_choice":"Became a vampire","floor":20.0,"damage_taken":0.0},{"event_name":"Transmorgrifier","player_choice":"Transform","floor":38,"damage_taken":0},{"event_name":"Falling","player_choice":"Removed Attack","floor":44,"damage_taken":0},{"event_name":"SensoryStone","player_choice":"Memory 1","floor":46,"damage_taken":0},{"event_name":"Upgrade Shrine","player_choice":"Upgraded","floor":48,"damage_taken":0}],"boss_relics":[{"not_picked":["Orrery","Black Star"],"picked":"Busted Crown"},{"not_picked":["Runic Pyramid","Velvet Choker"],"picked":"Sozu"}],"items_purged_floors":[29],"is_endless":false,"potions_floor_spawned":[2,4,7,13,18,21,25,37,45],"ascension_level":15}