{"gold_per_floor":[114,114,79,21,21,21,21,21,48,76,88,113,124,134,134,208,208,226,226,244,264,264,276,276,311,311,325,111,143,93,109,109,184,184,194,207,68,114,124,153,153,173,173,198,198,224,240,250,250,250,250],"floor_reached":52,"playtime":2837,"items_purged":["Strike_R","Strike_R"],"score":2034,"play_id":"a3efd3b7-06f9-42e2-9484-30989f00af9e","local_time":"20190319184635","is_ascension_mode":true,"campfire_choices":[{"data":"Uppercut","floor":6.0,"key":"SMITH"},{"data":"Shrug It Off","floor":8.0,"key":"SMITH"},{"data":"Armaments","floor":15.0,"key":"SMITH"},{"data":"Armaments","floor":24,"key":"SMITH"},{"data":"True Grit","floor":32,"key":"SMITH"},{"floor":41,"key":"REST"},{"data":"True Grit","floor":45,"key":"SMITH"},{"floor":49,"key":"REST"}],"neow_cost":"NONE","seed_source_timestamp":26706084274220,"circlet_count":0,"master_deck":["AscendersBane","Strike_R","Strike_R","Strike_R+1","Defend_R","Defend_R","Defend_R","Defend_R","Bash+1","Uppercut+1","Shrug It Off+1","Carnage","Corruption","Headbutt","Armaments+1","Shrug It Off","Armaments+1","Exhume","Shrug It Off","Feel No Pain","True Grit+1","Blood for Blood","Dark Embrace","Sever Soul+1","Demon Form","Disarm","True Grit+1","Dual Wield","Disarm","Burning Pact+1","Fiend Fire+1","Normality","Uppercut+1","Shockwave+1","Flame Barrier+1","Entrench"],"special_seed":0,"relics":["Snecko Eye","Question Card","Bronze Scales","PreservedInsect","Ginger","Runic Dome","Mummified Hand","Sundial","Molten Egg 2","Cursed Key","Calipers","Regal Pillow","Champion Belt","Vajra","Shuriken"],"potions_floor_usage":[16,16,18,27,33,46,48,50],"damage_taken":[{"damage":7.0,"enemies":"Small Slimes","floor":1.0,"turns":4.0},{"damage":5.0,"enemies":"3 Sentries","floor":10.0,"turns":8.0},{"damage":0.0,"enemies":"2 Louse","floor":11.0,"turns":2.0},{"damage":0.0,"enemies":"Gremlin Nob","floor":12.0,"turns":2.0},{"damage":2.0,"enemies":"Jaw Worm","floor":13.0,"turns":2.0},{"damage":0.0,"enemies":"2 Fungi Beasts","floor":14.0,"turns":2.0},{"damage":33,"enemies":"Slime Boss","floor":16,"turns":10},{"damage":0,"enemies":"Shell Parasite","floor":18,"turns":1},{"damage":10,"enemies":"Chosen","floor":20,"turns":4},{"damage":0,"enemies":"Snake Plant","floor":21,"turns":3},{"damage":3,"enemies":"Centurion and Healer","floor":23,"turns":4},{"damage":4,"enemies":"Slavers","floor":25,"turns":4},{"damage":0,"enemies":"Chosen and Byrds","floor":27,"turns":5},{"damage":28,"enemies":"Gremlin Leader","floor":29,"turns":4},{"damage":0,"enemies":"Cultist and Chosen","floor":31,"turns":5},{"damage":5,"enemies":"Champ","floor":33,"turns":12},{"damage":0,"enemies":"Orb Walker","floor":35,"turns":2},{"damage":2,"enemies":"3 Shapes","floor":36,"turns":3},{"damage":17,"enemies":"2 Orb Walkers","floor":38,"turns":4},{"damage":10,"enemies":"Spire Growth","floor":39,"turns":3},{"damage":19,"enemies":"Nemesis","floor":40,"turns":3},{"damage":0,"enemies":"Maw","floor":42,"turns":4},{"damage":0,"enemies":"Giant Head","floor":44,"turns":4},{"damage":20,"enemies":"Nemesis","floor":46,"turns":7},{"damage":20,"enemies":"Jaw Worm Horde","floor":47,"turns":4},{"damage":23,"enemies":"Transient","floor":48,"turns":6},{"damage":29,"enemies":"Donu and Deca","floor":50,"turns":9},{"damage":20,"enemies":"Awakened One","floor":51,"turns":16}],"seed_played":"7663454031286769488","potions_obtained":[{"floor":11.0,"key":"BloodPotion"},{"floor":12.0,"key":"Poison Potion"},{"floor":14.0,"key":"EssenceOfSteel"},{"floor":16,"key":"Swift Potion"},{"floor":18,"key":"SpeedPotion"},{"floor":21,"key":"Ancient Potion"},{"floor":29,"key":"SkillPotion"},{"floor":39,"key":"Block Potion"},{"floor":47,"key":"Regen Potion"},{"floor":48,"key":"Swift Potion"}],"is_trial":false,"path_per_floor":["M","?","?","$","?","R","$","R","T","E","M","E","M","M","R","B",null,"M","?","M","M","?","M","R","E","T","M","$","E","?","M","R","B",null,"M","M","$","?","M","E","R","M","T","E","R","E","M","M","R","B","B",null],"character_chosen":"IRONCLAD","items_purchased":["Shrug It Off","True Grit","Blood for Blood","Dual Wield"],"campfire_rested":2,"item_purchase_floors":[4,28,28,37],"current_hp_per_floor":[61,38,56,56,45,45,45,45,45,40,40,40,38,45,45,12,59,59,52,42,42,85,82,82,78,78,78,78,50,50,50,50,45,75,75,73,73,56,46,27,67,67,67,67,67,47,27,19,59,30,10],"gold":250,"neow_bonus":"BOSS_RELIC","is_prod":false,"is_daily":false,"chose_seed":false,"campfire_upgraded":6,"win_rate":0,"timestamp":1553046395,"path_taken":["M","?","?","?","?","R","?","R","T","E","M","E","M","?","R","BOSS","M","?","?","M","?","M","R","E","T","?","$","E","?","M","R","BOSS","M","?","$","?","M","E","R","M","T","E","R","E","M","M","R","BOSS","BOSS"],"build_version":"2019-03-15","purchased_purges":2,"victory":true,"max_hp_per_floor":[75,75,75,75,75,75,75,75,75,75,75,75,75,75,75,75,75,75,75,75,75,85,85,85,85,85,85,85,85,85,85,85,85,85,85,85,85,85,85,85,85,85,85,85,85,85,85,85,85,85,85],"card_choices":[{"not_picked":["Cleave","Heavy Blade"],"picked":"Uppercut","floor":1.0},{"not_picked":["Sever Soul","Metallicize","Wild Strike"],"picked":"Carnage","floor":10.0},{"not_picked":["Rage","Rampage","Thunderclap"],"picked":"Corruption","floor":11.0},{"not_picked":["Brutality","Thunderclap","Clash"],"picked":"Headbutt","floor":12.0},{"not_picked":["Anger","Pummel","Flex"],"picked":"Armaments","floor":14.0},{"not_picked":["Brutality","Barricade","Juggernaut"],"picked":"Dark Embrace","floor":16},{"not_picked":["Sword Boomerang","Clothesline","Havoc"],"picked":"Shrug It Off","floor":18},{"not_picked":["Infernal Blade","Havoc","Whirlwind+1"],"picked":"Armaments","floor":20},{"not_picked":["Infernal Blade","Thunderclap","Twin Strike"],"picked":"Exhume","floor":23},{"not_picked":["Corruption","Armaments","Fire Breathing+1"],"picked":"Shrug It Off","floor":25},{"not_picked":["Headbutt","Armaments","Havoc"],"picked":"Feel No Pain","floor":27},{"not_picked":["Seeing Red","Twin Strike+1","Power Through"],"picked":"Dark Embrace","floor":29},{"not_picked":["Warcry","Pommel Strike+1","Thunderclap+1"],"picked":"Sever Soul+1","floor":31},{"not_picked":["Exhume","Limit Break","Feed+1"],"picked":"Demon Form","floor":33},{"not_picked":["Cleave+1","Headbutt+1","Warcry"],"picked":"Disarm","floor":35},{"not_picked":["Headbutt+1","Burning Pact","Twin Strike+1"],"picked":"True Grit","floor":36},{"not_picked":["Brutality","Cleave+1","Armaments+1"],"picked":"Disarm","floor":38},{"not_picked":["Flex+1","Twin Strike+1","Thunderclap+1"],"picked":"Burning Pact+1","floor":39},{"not_picked":["Clash+1","Shrug It Off","Evolve"],"picked":"Fiend Fire+1","floor":40},{"not_picked":["Demon Form","Dark Embrace","Second Wind"],"picked":"Uppercut+1","floor":44},{"not_picked":["Entrench","Wild Strike+1","Rupture"],"picked":"Shockwave+1","floor":46},{"not_picked":["Shrug It Off","Blood for Blood+1","Searing Blow+1"],"picked":"Flame Barrier+1","floor":47},{"not_picked":["Armaments","Rage","Warcry"],"picked":"Entrench","floor":48}],"player_experience":1325990,"relics_obtained":[{"floor":9.0,"key":"Bronze Scales"},{"floor":10.0,"key":"PreservedInsect"},{"floor":12.0,"key":"Ginger"},{"floor":25,"key":"Mummified Hand"},{"floor":26,"key":"Sundial"},{"floor":29,"key":"Molten Egg 2"},{"floor":38,"key":"Calipers"},{"floor":40,"key":"Regal Pillow"},{"floor":43,"key":"Champion Belt"},{"floor":44,"key":"Vajra"},{"floor":46,"key":"Shuriken"}],"event_choices":[{"damage_healed":0.0,"max_hp_gain":0.0,"max_hp_loss":0.0,"gold_gain":0.0,"event_name":"Shining Light","player_choice":"Entered Light","floor":2.0,"gold_loss":0.0,"damage_taken":23.0,"cards_upgraded":["Bash","Strike_R"]},{"damage_healed":18.0,"max_hp_gain":0.0,"max_hp_loss":0.0,"gold_gain":0.0,"event_name":"The Cleric","player_choice":"Healed","floor":3.0,"gold_loss":35.0,"damage_taken":0.0},{"damage_healed":0.0,"max_hp_gain":0.0,"max_hp_loss":0.0,"gold_gain":0.0,"event_name":"Scrap Ooze","player_choice":"Success","floor":5.0,"gold_loss":0.0,"damage_taken":11.0,"relics_obtained":["Question Card"]},{"damage_healed":0,"gold_gain":0,"player_choice":"","damage_taken":7,"max_hp_gain":0,"max_hp_loss":0,"event_name":"Knowing Skull","floor":19,"potions_obtained":[],"gold_loss":0,"cards_obtained":[]},{"cards_removed":["Dark Embrace"],"damage_healed":33,"gold_gain":0,"player_choice":"Offered Rare","damage_taken":0,"max_hp_gain":10,"max_hp_loss":0,"event_name":"Bonfire Elementals","floor":22,"gold_loss":0},{"damage_healed":0,"gold_gain":0,"player_choice":"Bet on Murderer","damage_taken":0,"max_hp_gain":0,"max_hp_loss":0,"event_name":"The Joust","floor":30,"gold_loss":50},{"damage_healed":0,"gold_gain":0,"player_choice":"Fight","damage_taken":0,"max_hp_gain":0,"max_hp_loss":0,"event_name":"Mysterious Sphere","floor":38,"gold_loss":0}],"is_beta":true,"boss_relics":[{"not_picked":["Tiny House","White Beast Statue"],"picked":"Runic Dome"},{"not_picked":["Eternal Feather","Orrery"],"picked":"Cursed Key"}],"items_purged_floors":[28,37],"is_endless":false,"potions_floor_spawned":[11,12,14,16,18,21,29,31,39,40,47,48],"ascension_level":20}