{"gold_per_floor":[111,111,166,10,10,45,45,63,144,144,160,160,160,172,172,275,275,288,300,300,320,320],"floor_reached":22,"playtime":1304,"items_purged":[],"score":184,"play_id":"cf462340-c468-4c4f-a46e-272f004209fb","local_time":"20190704230339","is_ascension_mode":false,"campfire_choices":[{"data":"Dualcast","floor":7,"key":"SMITH"},{"floor":10,"key":"REST"},{"data":"Zap","floor":13,"key":"SMITH"},{"floor":15,"key":"REST"}],"neow_cost":"NONE","seed_source_timestamp":293791772152113,"circlet_count":0,"master_deck":["Strike_B","Strike_B","Defend_B","Defend_B","Defend_B","Zap+1","Dualcast+1","Melter","FTL","FTL","Cold Snap","Regret","Redo","Reboot","Self Repair","Doom and Gloom","Loop"],"relics":["Empty Cage","Happy Flower","Oddly Smooth Stone","Lantern","Question Card","Ancient Tea Set","Black Star"],"potions_floor_usage":[16,19,21,22,22],"damage_taken":[{"damage":1,"enemies":"Cultist","floor":1,"turns":3},{"damage":22,"enemies":"Gremlin Nob","floor":6,"turns":4},{"damage":0,"enemies":"2 Louse","floor":8,"turns":2},{"damage":0,"enemies":"Small Slimes","floor":11,"turns":2},{"damage":14,"enemies":"Exordium Thugs","floor":14,"turns":4},{"damage":38,"enemies":"Hexaghost","floor":16,"turns":10},{"damage":7,"enemies":"Chosen","floor":18,"turns":6},{"damage":13,"enemies":"3 Byrds","floor":19,"turns":4},{"damage":26,"enemies":"Shelled Parasite and Fungi","floor":21,"turns":4},{"damage":47,"enemies":"Snecko","floor":22,"turns":6}],"seed_played":"4228194391289033182","potions_obtained":[{"floor":1,"key":"Ancient Potion"},{"floor":8,"key":"Explosive Potion"},{"floor":14,"key":"Strength Potion"},{"floor":16,"key":"FearPotion"},{"floor":18,"key":"Swift Potion"},{"floor":20,"key":"Fire Potion"},{"floor":21,"key":"Energy Potion"}],"is_trial":false,"path_per_floor":["M","?","?","$","?","E","R","M","T","R","M","?","R","M","R","B",null,"M","M","?","M","M"],"character_chosen":"DEFECT","items_purchased":["Oddly Smooth Stone"],"campfire_rested":2,"item_purchase_floors":[4],"current_hp_per_floor":[74,62,62,62,62,40,40,40,40,62,62,62,62,48,70,32,75,68,62,62,43,0],"gold":320,"neow_bonus":"BOSS_RELIC","is_prod":false,"is_daily":false,"chose_seed":false,"campfire_upgraded":2,"win_rate":0.0,"timestamp":1562249019,"path_taken":["M","?","?","$","?","E","R","M","T","R","?","?","R","M","R","BOSS","M","M","?","?","M"],"build_version":"2019-07-01","purchased_purges":0,"victory":false,"max_hp_per_floor":[75,75,75,75,75,75,75,75,75,75,75,75,75,75,75,75,75,75,75,75,75,75],"card_choices":[{"not_picked":["Hologram","Stack"],"picked":"Melter","floor":1},{"not_picked":["Beam Cell","Chaos"],"picked":"FTL","floor":6},{"not_picked":["Leap","Beam Cell"],"picked":"FTL","floor":8},{"not_picked":["Aggregate","Gash","Skim"],"picked":"Cold Snap","floor":11},{"not_picked":["Coolheaded","Ball Lightning","Conserve Battery"],"picked":"Redo","floor":14},{"not_picked":["Creative AI","Electrodynamics","Machine Learning"],"picked":"Reboot","floor":16},{"not_picked":["White Noise","Double Energy","Beam Cell"],"picked":"Self Repair","floor":18},{"not_picked":["Conserve Battery","Consume","Auto Shields"],"picked":"Doom and Gloom","floor":19},{"not_picked":["Hologram","Compile Driver","Ball Lightning"],"picked":"Loop","floor":21}],"player_experience":10504,"relics_obtained":[{"floor":6,"key":"Lantern"},{"floor":9,"key":"Question Card"}],"event_choices":[{"damage_healed":0,"gold_gain":0,"player_choice":"Success","damage_taken":12,"relics_obtained":["Happy Flower"],"max_hp_gain":0,"max_hp_loss":0,"event_name":"Scrap Ooze","floor":2,"gold_loss":0},{"damage_healed":0,"gold_gain":55,"player_choice":"Gained Gold","damage_taken":0,"max_hp_gain":0,"max_hp_loss":0,"event_name":"Golden Wing","floor":3,"gold_loss":0},{"cards_removed":["Strike_B"],"damage_healed":0,"gold_gain":0,"player_choice":"Card Removal","damage_taken":0,"max_hp_gain":0,"max_hp_loss":0,"event_name":"Wheel of Change","floor":5,"gold_loss":0},{"damage_healed":0,"gold_gain":0,"player_choice":"Box","damage_taken":0,"relics_obtained":["Ancient Tea Set"],"max_hp_gain":0,"max_hp_loss":0,"event_name":"Big Fish","floor":12,"gold_loss":0,"cards_obtained":["Regret"]},{"damage_healed":0,"gold_gain":0,"player_choice":"Got Potions","damage_taken":0,"max_hp_gain":0,"max_hp_loss":0,"event_name":"Lab","floor":20,"gold_loss":0}],"is_beta":false,"boss_relics":[{"not_picked":["Coffee Dripper","Sozu"],"picked":"Black Star"}],"items_purged_floors":[],"is_endless":false,"potions_floor_spawned":[1,8,14,16,18,21],"killed_by":"Snecko","ascension_level":0}