{"gold_per_floor":[112,27,27,46,58,58,71,71,71,71,124,124,139,172,172,172],"floor_reached":16,"playtime":464,"items_purged":[],"score":175,"play_id":"6bfc29c2-d7e8-4721-aa73-eff54b98b391","local_time":"20180711002300","is_ascension_mode":true,"campfire_choices":[{"data":"Footwork","floor":6,"key":"SMITH"},{"data":"Neutralize","floor":8,"key":"SMITH"},{"data":"Deadly Poison","floor":12,"key":"SMITH"},{"floor":15,"key":"REST"}],"neow_cost":"TEN_PERCENT_HP_LOSS","seed_source_timestamp":196486992387664,"circlet_count":0,"master_deck":["Defend_G","Defend_G","Defend_G","Defend_G","Defend_G","Strike_G","Strike_G","Strike_G","Strike_G","Strike_G+1","Survivor","Neutralize+1","AscendersBane","Tools of the Trade","Dagger Spray","Footwork+1","Cloak And Dagger+1","All Out Attack","Deadly Poison+1","Deadly Poison","Deflect"],"relics":["Ring of the Snake","Darkstone Periapt","Ancient Tea Set"],"potions_floor_usage":[14],"damage_taken":[{"damage":1,"enemies":"2 Louse","floor":1,"turns":3},{"damage":0,"enemies":"Jaw Worm","floor":4,"turns":6},{"damage":0,"enemies":"Small Slimes","floor":5,"turns":3},{"damage":7,"enemies":"Gremlin Gang","floor":7,"turns":3},{"damage":6,"enemies":"3 Louse","floor":13,"turns":3},{"damage":13,"enemies":"3 Sentries","floor":14,"turns":8},{"damage":33,"enemies":"Hexaghost","floor":16,"turns":9}],"seed_played":"7215533612074299646","potions_obtained":[{"floor":7,"key":"EssenceOfSteel"},{"floor":14,"key":"FearPotion"}],"is_trial":false,"path_per_floor":["M","$","?","M","M","R","M","R","T","?","?","R","M","E","R"],"character_chosen":"THE_SILENT","items_purchased":["Footwork","Cloak And Dagger"],"campfire_rested":1,"item_purchase_floors":[2,2],"current_hp_per_floor":[58,58,40,40,40,40,33,33,33,33,33,33,27,14,32,0],"gold":172,"neow_bonus":"THREE_RARE_CARDS","is_prod":false,"is_daily":false,"chose_seed":false,"campfire_upgraded":3,"win_rate":0,"timestamp":1531293780,"path_taken":["M","$","?","M","M","R","M","R","T","?","?","R","M","E","R","BOSS"],"build_version":"2018-07-09","purchased_purges":0,"victory":false,"max_hp_per_floor":[60,60,60,60,60,60,60,60,60,60,60,60,60,60,60,60],"card_choices":[{"not_picked":["Tactician","Unload"],"picked":"Tools of the Trade","floor":0},{"not_picked":["Dodge and Roll","PiercingWail"],"picked":"Dagger Spray","floor":1},{"not_picked":["Escape Plan","Acrobatics"],"picked":"All Out Attack","floor":4},{"not_picked":["Heel Hook","All Out Attack"],"picked":"Deadly Poison","floor":5},{"not_picked":["Well Laid Plans","PiercingWail"],"picked":"Deadly Poison","floor":7},{"not_picked":["Sucker Punch","PiercingWail"],"picked":"Deflect","floor":13}],"player_experience":578237,"relics_obtained":[{"floor":9,"key":"Darkstone Periapt"},{"floor":14,"key":"Ancient Tea Set"}],"event_choices":[{"event_name":"Shining Light","player_choice":"Entered Light","floor":3,"damage_taken":0},{"event_name":"Match and Keep!","player_choice":"0 cards matched","floor":10,"damage_taken":0},{"event_name":"Golden Wing","player_choice":"Gained Gold","floor":11,"damage_taken":0}],"boss_relics":[],"items_purged_floors":[],"is_endless":false,"potions_floor_spawned":[7,14],"killed_by":"Hexaghost","ascension_level":15}