{"gold_per_floor":[213,229,229,242,242,242,273,32,32,32,52,70,99,117,117,213,213,225,39,57,57,73,73,91,91,116,116,129,129,164,175,175,280,280,294,312,312,327,343,343,357,357,408,425,425,425,14,28,28,28],"floor_reached":51,"playtime":4803,"items_purged":[],"score":683,"play_id":"d627a18f-896c-4111-852e-23d5dc3b3588","local_time":"20180823195435","is_ascension_mode":false,"campfire_choices":[{"data":"Uppercut","floor":6,"key":"SMITH"},{"data":"Flame Barrier","floor":10,"key":"SMITH"},{"data":"Metallicize","floor":15,"key":"SMITH"},{"data":"Demon Form","floor":23,"key":"SMITH"},{"floor":27,"key":"REST"},{"data":"Shockwave","floor":29,"key":"SMITH"},{"floor":32,"key":"REST"},{"data":"Heavy Blade","floor":40,"key":"SMITH"},{"floor":45,"key":"REST"},{"floor":49,"key":"REST"}],"neow_cost":"NONE","seed_source_timestamp":536804422717185,"circlet_count":0,"master_deck":["Strike_R+1","Strike_R+1","Strike_R+1","Strike_R+1","Strike_R+1","Defend_R+1","Defend_R+1","Defend_R+1","Defend_R+1","Bash+1","Uppercut+1","True Grit+1","Flame Barrier+1","Metallicize+1","Battle Trance+1","Power Through+1","Anger+1","Demon Form+1","Clumsy","Parasite","Regret","Battle Trance+1","Whirlwind+1","Impervious+1","Heavy Blade+1","Shockwave+1","Shrug It Off+1","Shrug It Off+1","Clothesline+1","Offering+1","Shockwave+1","Body Slam+1","Burning Pact+1","Sword Boomerang+1","Finesse+1","Offering","Pommel Strike+1"],"relics":["Burning Blood","Blue Candle","Whetstone","Singing Bowl","Boot","Red Skull","Calling Bell","Omamori","Mercury Hourglass","Ginger","Frozen Egg 2","Potion Belt","Bag of Marbles","Cursed Key","Orichalcum","Mark of the Bloom","HandDrill"],"potions_floor_usage":[7,13,16,20,24,24,36,38,48,50,50,50],"damage_taken":[{"damage":13,"enemies":"2 Louse","floor":1,"turns":3},{"damage":6,"enemies":"Jaw Worm","floor":2,"turns":3},{"damage":1,"enemies":"Cultist","floor":4,"turns":3},{"damage":17,"enemies":"Gremlin Nob","floor":7,"turns":4},{"damage":12,"enemies":"Looter","floor":11,"turns":3},{"damage":8,"enemies":"3 Louse","floor":12,"turns":6},{"damage":21,"enemies":"Lagavulin","floor":13,"turns":8},{"damage":10,"enemies":"2 Fungi Beasts","floor":14,"turns":4},{"damage":12,"enemies":"Hexaghost","floor":16,"turns":9},{"damage":13,"enemies":"Shell Parasite","floor":18,"turns":5},{"damage":12,"enemies":"Chosen","floor":20,"turns":6},{"damage":24,"enemies":"Centurion and Healer","floor":22,"turns":8},{"damage":16,"enemies":"Snake Plant","floor":24,"turns":4},{"damage":12,"enemies":"Snecko","floor":28,"turns":4},{"damage":24,"enemies":"Book of Stabbing","floor":30,"turns":8},{"damage":9,"enemies":"Sentry and Sphere","floor":31,"turns":6},{"damage":23,"enemies":"Champ","floor":33,"turns":15},{"damage":16,"enemies":"3 Darklings","floor":35,"turns":4},{"damage":23,"enemies":"Flame Bruiser 1 Orb","floor":36,"turns":10},{"damage":11,"enemies":"3 Darklings","floor":38,"turns":3},{"damage":11,"enemies":"Transient","floor":39,"turns":5},{"damage":11,"enemies":"4 Shapes","floor":41,"turns":6},{"damage":17,"enemies":"Spire Growth","floor":44,"turns":4},{"damage":11,"enemies":"Jaw Worm Horde","floor":48,"turns":4},{"damage":35,"enemies":"Donu and Deca","floor":50,"turns":5}],"seed_played":"-665903191717678599","potions_obtained":[{"floor":1,"key":"Strength Potion"},{"floor":4,"key":"BloodPotion"},{"floor":12,"key":"Weak Potion"},{"floor":14,"key":"Explosive Potion"},{"floor":16,"key":"Swift Potion"},{"floor":18,"key":"AttackPotion"},{"floor":22,"key":"LiquidBronze"},{"floor":33,"key":"SpeedPotion"},{"floor":35,"key":"Regen Potion"},{"floor":41,"key":"PowerPotion"},{"floor":44,"key":"Dexterity Potion"}],"is_trial":false,"path_per_floor":["M","M","?","M","?","R","E","$","T","R","M","M","E","M","R","B",null,"M","$","M","?","M","R","M","?","T","R","M","R","E","M","R","B",null,"M","M","?","M","M","R","M","?","T","M","R","?","$","M","R","B"],"character_chosen":"IRONCLAD","items_purchased":["Singing Bowl","Whirlwind","Impervious","HandDrill","Offering","PowerPotion"],"campfire_rested":4,"item_purchase_floors":[8,19,19,47,47,47],"current_hp_per_floor":[73,73,66,71,76,76,65,65,65,65,59,57,50,46,46,40,85,78,78,74,74,56,56,46,46,46,72,66,66,48,45,71,54,87,77,74,74,71,66,66,61,61,61,52,79,79,79,68,68,33],"gold":28,"neow_bonus":"HUNDRED_GOLD","is_prod":false,"is_daily":false,"chose_seed":false,"campfire_upgraded":6,"win_rate":0,"timestamp":1535068475,"path_taken":["M","M","?","?","?","R","E","?","T","R","M","M","E","M","R","BOSS","M","$","M","?","?","R","M","?","T","R","M","R","E","M","R","BOSS","M","M","?","?","M","R","M","?","T","M","R","?","$","?","R","BOSS"],"build_version":"2018-08-23","purchased_purges":0,"victory":true,"max_hp_per_floor":[80,80,80,80,85,85,85,85,85,85,85,85,85,85,85,85,85,85,85,87,87,87,87,87,87,87,87,87,87,87,87,87,87,87,87,87,87,89,89,89,89,89,89,91,91,91,91,91,91,91],"card_choices":[{"not_picked":["Inflame","Sentinel"],"picked":"Uppercut","floor":1},{"not_picked":["Pommel Strike","Clash"],"picked":"True Grit","floor":2},{"not_picked":["Bloodletting","Twin Strike"],"picked":"Flame Barrier","floor":4},{"not_picked":["Havoc","Perfected Strike","Cleave"],"picked":"SKIP","floor":7},{"not_picked":["Headbutt","Pommel Strike"],"picked":"Metallicize","floor":11},{"not_picked":["True Grit","Rampage"],"picked":"Battle Trance","floor":12},{"not_picked":["Infernal Blade","Bludgeon"],"picked":"Power Through","floor":13},{"not_picked":["Havoc","Twin Strike"],"picked":"Anger","floor":14},{"not_picked":["Brutality","Barricade"],"picked":"Demon Form","floor":16},{"not_picked":["Clash+1","Infernal Blade"],"picked":"Battle Trance","floor":18},{"not_picked":["True Grit","Headbutt","Havoc"],"picked":"Singing Bowl","floor":20},{"not_picked":["Thunderclap","Armaments+1"],"picked":"Heavy Blade","floor":22},{"not_picked":["Cleave","Wild Strike+1"],"picked":"Shockwave","floor":24},{"not_picked":["Double Tap","Heavy Blade"],"picked":"Shrug It Off","floor":28},{"not_picked":["Reckless Charge","Rupture+1"],"picked":"Shrug It Off","floor":30},{"not_picked":["Iron Wave","Feel No Pain+1"],"picked":"Clothesline+1","floor":31},{"not_picked":["Brutality+1","Impervious"],"picked":"Offering","floor":33},{"not_picked":["Clash+1","Warcry"],"picked":"Shockwave+1","floor":35},{"not_picked":["Pommel Strike+1","Thunderclap+1"],"picked":"Body Slam+1","floor":36},{"not_picked":["Armaments+1","Whirlwind","Perfected Strike+1"],"picked":"Singing Bowl","floor":38},{"not_picked":["Body Slam+1","Havoc"],"picked":"Burning Pact","floor":39},{"not_picked":["Uppercut","Iron Wave+1"],"picked":"Sword Boomerang","floor":41},{"not_picked":["Swift Strike","Panacea"],"picked":"Finesse","floor":42},{"not_picked":["Infernal Blade","Thunderclap","Shockwave+1"],"picked":"Singing Bowl","floor":44},{"not_picked":["Disarm","Armaments+1"],"picked":"Pommel Strike+1","floor":48}],"player_experience":324882,"relics_obtained":[{"floor":7,"key":"Whetstone"},{"floor":9,"key":"Boot"},{"floor":13,"key":"Red Skull"},{"floor":17,"key":"Omamori"},{"floor":17,"key":"Mercury Hourglass"},{"floor":17,"key":"Ginger"},{"floor":26,"key":"Potion Belt"},{"floor":30,"key":"Bag of Marbles"},{"floor":43,"key":"Orichalcum"}],"event_choices":[{"event_name":"Scrap Ooze","player_choice":"success","floor":3,"damage_taken":7},{"event_name":"Big Fish","player_choice":"Donut","floor":5,"damage_taken":0},{"event_name":"Back to Basics","player_choice":"Simplicity","floor":21,"damage_taken":0},{"event_name":"The Mausoleum","player_choice":"Yes","floor":25,"damage_taken":0},{"event_name":"Tomb of Lord Red Mask","player_choice":"Ignored","floor":37,"damage_taken":0},{"event_name":"SensoryStone","player_choice":"Memory 1","floor":42,"damage_taken":0},{"event_name":"MindBloom","player_choice":"Upgrade","floor":46,"damage_taken":0}],"is_beta":true,"boss_relics":[{"not_picked":["Coffee Dripper","Orrery"],"picked":"Calling Bell"},{"not_picked":["Runic Pyramid","Philosopher\u0027s Stone"],"picked":"Cursed Key"}],"items_purged_floors":[],"is_endless":false,"potions_floor_spawned":[1,4,12,14,16,18,22,33,35,41,44],"ascension_level":0}