{"gold_per_floor":[117,67,67,67,77,77,103,103,158,191,191,204,204,218,218,218],"floor_reached":16,"playtime":385,"items_purged":[],"score":216,"play_id":"ff1a215c-0568-4d82-8f40-2c4b556302db","local_time":"20190330130109","is_ascension_mode":true,"campfire_choices":[{"data":"True Grit","floor":6,"key":"SMITH"},{"data":"Disarm","floor":8,"key":"SMITH"},{"data":"Perfected Strike","floor":13,"key":"SMITH"},{"floor":15,"key":"REST"}],"neow_cost":"NONE","seed_source_timestamp":5843006537934,"circlet_count":0,"master_deck":["AscendersBane","Strike_R","Strike_R+1","Strike_R","Defend_R","Defend_R","Bash+1","Offering+1","Intimidate+1","Perfected Strike+1","True Grit+1","Shrug It Off","Feel No Pain","Disarm+1","Limit Break+1","Perfected Strike+1","Infernal Blade"],"relics":["Astrolabe","Shuriken","Smiling Mask","Ornamental Fan"],"potions_floor_usage":[12,16,16],"damage_taken":[{"damage":13,"enemies":"Jaw Worm","floor":1,"turns":2},{"damage":6,"enemies":"Small Slimes","floor":5,"turns":2},{"damage":9,"enemies":"3 Sentries","floor":7,"turns":12},{"damage":8,"enemies":"Gremlin Nob","floor":10,"turns":3},{"damage":0,"enemies":"Cultist","floor":12,"turns":4},{"damage":6,"enemies":"Blue Slaver","floor":14,"turns":2},{"damage":19,"enemies":"Slime Boss","floor":16,"turns":6}],"seed_played":"-4092104265371290738","potions_obtained":[{"floor":7,"key":"GamblersBrew"},{"floor":10,"key":"BloodPotion"},{"floor":14,"key":"Swift Potion"}],"is_trial":false,"path_per_floor":["M","$","?","?","M","R","E","R","T","E","?","M","R","M","R","B"],"character_chosen":"IRONCLAD","items_purchased":["Shrug It Off"],"campfire_rested":1,"item_purchase_floors":[2],"current_hp_per_floor":[55,55,48,48,42,42,33,33,33,25,2,9,9,3,25,6],"gold":218,"neow_bonus":"BOSS_RELIC","is_prod":false,"is_daily":false,"chose_seed":false,"campfire_upgraded":3,"win_rate":0,"timestamp":1553976069,"path_taken":["M","$","?","?","?","R","E","R","T","E","?","M","R","M","R","BOSS"],"build_version":"2019-03-15","purchased_purges":0,"victory":false,"max_hp_per_floor":[75,75,75,75,75,75,75,75,75,75,75,75,75,75,75,75],"card_choices":[{"not_picked":["Havoc","Reckless Charge"],"picked":"True Grit","floor":1},{"not_picked":["Clash","Clothesline"],"picked":"Feel No Pain","floor":5},{"not_picked":["True Grit","Clothesline"],"picked":"Disarm","floor":7},{"not_picked":["Heavy Blade","Berserk"],"picked":"Limit Break","floor":10},{"not_picked":["Second Wind","Sword Boomerang"],"picked":"Perfected Strike","floor":12},{"not_picked":["Headbutt","Warcry"],"picked":"Infernal Blade","floor":14}],"player_experience":1388671,"relics_obtained":[{"floor":7,"key":"Shuriken"},{"floor":9,"key":"Smiling Mask"},{"floor":10,"key":"Ornamental Fan"}],"event_choices":[{"cards_removed":["Defend_R"],"damage_healed":0,"gold_gain":0,"player_choice":"Card Removal","damage_taken":7,"max_hp_gain":0,"max_hp_loss":0,"event_name":"Golden Wing","floor":3,"gold_loss":0},{"damage_healed":0,"gold_gain":0,"player_choice":"Forge","damage_taken":0,"max_hp_gain":0,"max_hp_loss":0,"event_name":"Accursed Blacksmith","floor":4,"gold_loss":0,"cards_upgraded":["Bash"]},{"damage_healed":0,"gold_gain":0,"player_choice":"Entered Light","damage_taken":23,"max_hp_gain":0,"max_hp_loss":0,"event_name":"Shining Light","floor":11,"gold_loss":0,"cards_upgraded":["Limit Break","Strike_R"]}],"is_beta":true,"boss_relics":[],"items_purged_floors":[],"is_endless":false,"potions_floor_spawned":[7,10,14],"killed_by":"Slime Boss","ascension_level":20}