{"gold_per_floor":[115,115,115,115,131,131,150,150,150,188,200,248,260,297,309,321],"floor_reached":16,"playtime":289,"items_purged":[],"score":216,"play_id":"a80f810e-f253-4dad-982c-1de4f331eeb7","local_time":"20190326234829","is_ascension_mode":true,"campfire_choices":[{"data":"Bash","floor":6,"key":"SMITH"},{"data":"Infernal Blade","floor":13,"key":"SMITH"},{"data":"Armaments","floor":15,"key":"SMITH"}],"neow_cost":"NONE","seed_source_timestamp":5564765896652,"circlet_count":0,"master_deck":["AscendersBane","Strike_R","Strike_R+1","Strike_R","Strike_R+1","Strike_R+1","Defend_R","Defend_R","Defend_R","Defend_R+1","Bash+1","Anger","Infernal Blade+1","Pommel Strike","Shockwave+1","Clash","Armaments+1"],"relics":["Burning Blood","NeowsBlessing","Golden Idol","Whetstone","MawBank","Lantern"],"potions_floor_usage":[12,16],"damage_taken":[{"damage":0,"enemies":"Cultist","floor":1,"turns":1},{"damage":0,"enemies":"2 Louse","floor":5,"turns":1},{"damage":0,"enemies":"Small Slimes","floor":7,"turns":1},{"damage":27,"enemies":"Lagavulin","floor":10,"turns":4},{"damage":34,"enemies":"3 Sentries","floor":12,"turns":8},{"damage":0,"enemies":"2 Fungi Beasts","floor":14,"turns":2},{"damage":0,"enemies":"Slime Boss","floor":16,"turns":5}],"seed_played":"1118512580787155961","potions_obtained":[{"floor":10,"key":"Regen Potion"},{"floor":14,"key":"GamblersBrew"}],"is_trial":false,"path_per_floor":["M","?","?","?","M","R","M","?","T","E","?","E","R","M","R","B"],"character_chosen":"IRONCLAD","items_purchased":[],"campfire_rested":0,"item_purchase_floors":[],"current_hp_per_floor":[74,68,73,51,57,57,63,63,63,42,42,29,29,35,35,35],"gold":321,"neow_bonus":"THREE_ENEMY_KILL","is_prod":false,"is_daily":false,"chose_seed":false,"campfire_upgraded":3,"win_rate":0,"timestamp":1553669309,"path_taken":["M","?","?","?","M","R","M","?","T","E","?","E","R","M","R","BOSS"],"build_version":"2019-03-15","purchased_purges":0,"victory":false,"max_hp_per_floor":[75,68,73,73,73,73,73,73,73,73,73,73,73,73,73,73],"card_choices":[{"not_picked":["Sword Boomerang","Cleave"],"picked":"Anger","floor":1},{"not_picked":["Headbutt","Warcry"],"picked":"Infernal Blade","floor":5},{"not_picked":["Dropkick","Barricade"],"picked":"Pommel Strike","floor":7},{"not_picked":["Flame Barrier","Body Slam"],"picked":"Shockwave","floor":10},{"not_picked":["Perfected Strike","Warcry"],"picked":"Clash","floor":12},{"not_picked":["Warcry","Heavy Blade"],"picked":"Armaments","floor":14}],"player_experience":1361739,"relics_obtained":[{"floor":9,"key":"Whetstone"},{"floor":10,"key":"MawBank"},{"floor":12,"key":"Lantern"}],"event_choices":[{"damage_healed":0,"gold_gain":0,"player_choice":"Lose Max HP","damage_taken":0,"relics_obtained":["Golden Idol"],"max_hp_gain":0,"max_hp_loss":7,"event_name":"Golden Idol","floor":2,"gold_loss":0},{"damage_healed":0,"gold_gain":0,"player_choice":"Donut","damage_taken":0,"max_hp_gain":5,"max_hp_loss":0,"event_name":"Big Fish","floor":3,"gold_loss":0},{"damage_healed":0,"gold_gain":0,"player_choice":"Entered Light","damage_taken":22,"max_hp_gain":0,"max_hp_loss":0,"event_name":"Shining Light","floor":4,"gold_loss":0,"cards_upgraded":["Strike_R","Defend_R"]},{"damage_healed":0,"gold_gain":0,"player_choice":"Ignored","damage_taken":0,"max_hp_gain":0,"max_hp_loss":0,"event_name":"Liars Game","floor":8,"gold_loss":0},{"damage_healed":0,"gold_gain":0,"player_choice":"Upgraded","damage_taken":0,"max_hp_gain":0,"max_hp_loss":0,"event_name":"Upgrade Shrine","floor":11,"gold_loss":0,"cards_upgraded":["Shockwave"]}],"is_beta":true,"boss_relics":[],"items_purged_floors":[],"is_endless":false,"potions_floor_spawned":[10,14],"killed_by":"Slime Boss","ascension_level":20}