{"gold_per_floor":[111,3,15,15,31,31,56,56,56,382,55,80,130,150,150,222,222,237,219,74,74,74],"floor_reached":22,"playtime":664,"items_purged":["Strike_G"],"score":354,"play_id":"25517a4f-a6d3-414e-9b8a-b6b33fd4a7d7","local_time":"20180704232429","is_ascension_mode":true,"campfire_choices":[{"floor":15,"key":"REST"}],"neow_cost":"NONE","seed_source_timestamp":15034205108017,"circlet_count":0,"master_deck":["Defend_G","Defend_G","Defend_G","Defend_G","Defend_G","Strike_G","Strike_G","Strike_G","Strike_G","Survivor","Neutralize+1","AscendersBane","Dagger Spray","Footwork+1","Terror","Dagger Throw","Endless Agony","Envenom","Riddle With Holes","Noxious Fumes","Riddle With Holes","Dodge and Roll+1","Noxious Fumes","Tools of the Trade","Escape Plan+1","Blur+1","Footwork+1"],"relics":["Fusion Hammer","Toxic Egg 2","Pantograph","Old Coin","Singing Bowl","Bottled Lightning","Black Star"],"potions_floor_usage":[12,14,19,22],"damage_taken":[{"damage":0,"enemies":"Small Slimes","floor":1,"turns":4},{"damage":0,"enemies":"Cultist","floor":3,"turns":3},{"damage":2,"enemies":"Jaw Worm","floor":5,"turns":3},{"damage":9,"enemies":"Gremlin Nob","floor":7,"turns":4},{"damage":15,"enemies":"Lagavulin","floor":10,"turns":6},{"damage":17,"enemies":"Gremlin Nob","floor":12,"turns":4},{"damage":10,"enemies":"Large Slime","floor":14,"turns":4},{"damage":26,"enemies":"The Guardian","floor":16,"turns":10},{"damage":16,"enemies":"3 Byrds","floor":18,"turns":6},{"damage":28,"enemies":"2 Thieves","floor":19,"turns":4},{"damage":41,"enemies":"3 Cultists","floor":22,"turns":4}],"seed_played":"-1214154737089966307","potions_obtained":[{"floor":1,"key":"EssenceOfSteel"},{"floor":5,"key":"GamblersBrew"},{"floor":16,"key":"PowerPotion"},{"floor":19,"key":"Regen Potion"}],"is_trial":false,"path_per_floor":["M","$","M","?","M","?","E","$","T","E","$","E","?","M","R","B",null,"M","M","$","?"],"character_chosen":"THE_SILENT","items_purchased":["Footwork","Terror","Noxious Fumes","Singing Bowl","Riddle With Holes","Dodge and Roll+1","Blur+1"],"campfire_rested":1,"item_purchase_floors":[2,2,11,11,11,11,20],"current_hp_per_floor":[59,59,59,59,57,57,48,48,48,33,33,18,18,8,28,27,58,42,16,16,16,0],"gold":74,"neow_bonus":"BOSS_RELIC","is_prod":false,"is_daily":false,"chose_seed":false,"campfire_upgraded":0,"win_rate":0,"timestamp":1530771869,"path_taken":["M","$","M","?","M","?","E","?","T","E","$","E","?","M","R","BOSS","M","M","$","?","M"],"build_version":"2018-07-03","purchased_purges":1,"victory":false,"max_hp_per_floor":[66,66,66,66,66,66,66,66,66,66,66,68,68,68,68,68,68,68,70,70,70,70],"card_choices":[{"not_picked":["Blur","Prepared"],"picked":"Dagger Spray","floor":1},{"not_picked":["Quick Slash","Dagger Spray"],"picked":"Dagger Throw","floor":3},{"not_picked":["Flying Knee","Acrobatics"],"picked":"Endless Agony","floor":5},{"not_picked":["Underhanded Strike","Tools of the Trade"],"picked":"Envenom","floor":7},{"not_picked":["Glass Knife","Dash"],"picked":"Riddle With Holes","floor":10},{"not_picked":["Deflect+1","Flying Knee","Grand Finale"],"picked":"Singing Bowl","floor":12},{"not_picked":["Deadly Poison+1","Setup+1"],"picked":"Noxious Fumes","floor":14},{"not_picked":["Tactician+1","Grand Finale"],"picked":"Tools of the Trade","floor":16},{"not_picked":["Poisoned Stab","Flying Knee"],"picked":"Escape Plan+1","floor":18},{"not_picked":["Flying Knee","Caltrops","Poisoned Stab"],"picked":"Singing Bowl","floor":19}],"player_experience":509204,"relics_obtained":[{"floor":7,"key":"Toxic Egg 2"},{"floor":9,"key":"Pantograph"},{"floor":10,"key":"Old Coin"},{"floor":12,"key":"Bottled Lightning"}],"event_choices":[{"event_name":"Accursed Blacksmith","player_choice":"Forge","floor":4,"damage_taken":0},{"event_name":"Upgrade Shrine","player_choice":"Upgraded","floor":6,"damage_taken":0},{"event_name":"Golden Shrine","player_choice":"Pray","floor":13,"damage_taken":0},{"event_name":"Duplicator","player_choice":"One dupe","floor":21,"damage_taken":0}],"boss_relics":[{"not_picked":["Philosopher\u0027s Stone","White Beast Statue"],"picked":"Black Star"}],"items_purged_floors":[20],"is_endless":false,"potions_floor_spawned":[1,5,10,16,19],"killed_by":"3 Cultists","ascension_level":15}