{"gold_per_floor":[116,127,139,11,30,30,63,63,111,111,140,152,2,31,31,134,134,144,155,155,167,23,23,56,155,155,155,57,87,103,103,103,198,198,218,218,318,166,186,186,214,214,268,268,279,18,44,144,144,144,144,144,18,46,46],"floor_reached":55,"playtime":2294,"items_purged":["Parasite"],"score":1105,"play_id":"a061b028-457b-41d1-993d-2867154d9502","local_time":"20190826171424","is_ascension_mode":true,"campfire_choices":[{"data":"Armaments","floor":6,"key":"SMITH"},{"data":"Whirlwind","floor":8,"key":"SMITH"},{"data":"Perfected Strike","floor":10,"key":"SMITH"},{"data":"Pommel Strike","floor":15,"key":"SMITH"},{"data":"Flame Barrier","floor":23,"key":"SMITH"},{"floor":27,"key":"REST"},{"floor":32,"key":"REST"},{"floor":40,"key":"RECALL"},{"floor":42,"key":"REST"},{"floor":49,"key":"REST"},{"floor":52,"key":"REST"}],"neow_cost":"CURSE","seed_source_timestamp":534166465783200,"circlet_count":0,"master_deck":["Strike_R","Strike_R","Strike_R","Strike_R","Strike_R","Defend_R+1","Defend_R","Defend_R","Defend_R+1","Bash","Flex","Rampage","Whirlwind+1","Body Slam","Combust","Metallicize","Armaments+1","Perfected Strike+1","Pommel Strike+1","Feed","Evolve","Shrug It Off","Flame Barrier+1","Wild Strike","Good Instincts","Corruption","Offering","Perfected Strike","Pommel Strike","Shockwave","Pommel Strike","Armaments+1","Perfected Strike","Feed","Pommel Strike+1","Shrug It Off","Double Tap","Clothesline+1","The Bomb","Finesse","Perfected Strike+1","Dual Wield","Impervious","Disarm","Wild Strike","Shrug It Off","Impervious"],"relics":["Burning Blood","Prayer Wheel","Mercury Hourglass","Potion Belt","Pen Nib","War Paint","Runic Dome","Blood Vial","Pantograph","Ancient Tea Set","Regal Pillow","Fusion Hammer","Turnip","Anchor","Bag of Marbles","Chemical X","Smiling Mask","Art of War"],"potions_floor_usage":[7,11,14,19,24,33,47,50,50,55,55],"damage_taken":[{"damage":1,"enemies":"2 Louse","floor":1,"turns":4},{"damage":4,"enemies":"Small Slimes","floor":2,"turns":3},{"damage":12,"enemies":"Jaw Worm","floor":3,"turns":3},{"damage":13,"enemies":"3 Louse","floor":5,"turns":5},{"damage":10,"enemies":"3 Sentries","floor":7,"turns":3},{"damage":16,"enemies":"Lagavulin","floor":11,"turns":5},{"damage":3,"enemies":"Blue Slaver","floor":12,"turns":2},{"damage":17,"enemies":"3 Sentries","floor":14,"turns":3},{"damage":22,"enemies":"The Guardian","floor":16,"turns":9},{"damage":28,"enemies":"2 Thieves","floor":18,"turns":3},{"damage":28,"enemies":"Spheric Guardian","floor":19,"turns":4},{"damage":7,"enemies":"Snecko","floor":21,"turns":4},{"damage":22,"enemies":"Book of Stabbing","floor":24,"turns":3},{"damage":28,"enemies":"Gremlin Leader","floor":29,"turns":4},{"damage":6,"enemies":"Centurion and Healer","floor":30,"turns":2},{"damage":29,"enemies":"Champ","floor":33,"turns":9},{"damage":20,"enemies":"3 Shapes","floor":35,"turns":5},{"damage":9,"enemies":"Mind Bloom Boss Battle","floor":37,"turns":5},{"damage":0,"enemies":"Orb Walker","floor":39,"turns":3},{"damage":43,"enemies":"Reptomancer","floor":41,"turns":3},{"damage":9,"enemies":"Jaw Worm Horde","floor":45,"turns":3},{"damage":15,"enemies":"Giant Head","floor":47,"turns":6},{"damage":84,"enemies":"Time Eater","floor":50,"turns":9},{"damage":39,"enemies":"Shield and Spear","floor":54,"turns":5},{"damage":95,"enemies":"The Heart","floor":55,"turns":8}],"seed_played":"2769803001141679902","potions_obtained":[{"floor":1,"key":"Poison Potion"},{"floor":3,"key":"LiquidBronze"},{"floor":5,"key":"SteroidPotion"},{"floor":11,"key":"Explosive Potion"},{"floor":14,"key":"BloodPotion"},{"floor":21,"key":"Block Potion"},{"floor":33,"key":"EssenceOfSteel"},{"floor":37,"key":"SteroidPotion"},{"floor":45,"key":"Weak Potion"}],"is_trial":false,"path_per_floor":["M","M","M","$","M","R","E","R","T","R","E","M","$","E","R","B",null,"M","M","?","M","$","R","E","?","T","R","$","E","M","?","R","B",null,"M","?","?","$","M","R","E","R","T","?","M","$","E","?","R","B",null,"R","$","E","B"],"character_chosen":"IRONCLAD","items_purchased":["Armaments","Wild Strike","Good Instincts","Blood Vial","Perfected Strike","PowerPotion","Anchor","Chemical X","Disarm","Dexterity Potion","Wild Strike","Shrug It Off"],"campfire_rested":5,"item_purchase_floors":[4,13,13,22,28,28,38,46,46,53,53,53],"current_hp_per_floor":[77,79,73,73,66,66,62,62,62,62,52,55,55,44,44,28,65,43,43,43,42,42,42,28,28,28,52,52,32,34,19,59,62,79,73,68,88,88,91,91,54,91,91,91,91,91,84,84,94,16,75,94,94,64,0],"gold":46,"neow_bonus":"ONE_RARE_RELIC","is_prod":false,"is_daily":false,"chose_seed":false,"campfire_upgraded":5,"win_rate":0,"timestamp":1566807264,"path_taken":["M","M","M","$","M","R","E","R","T","R","E","M","$","E","R","BOSS","M","M","?","M","$","R","E","?","T","R","?","E","M","?","R","BOSS","M","?","?","?","?","R","E","R","T","?","M","$","E","?","R","BOSS","R","$","E","BOSS"],"build_version":"2019-07-17","purchased_purges":1,"victory":false,"max_hp_per_floor":[80,80,80,77,77,77,77,77,77,77,77,77,77,77,77,77,77,77,80,80,80,80,80,80,80,80,80,80,80,80,85,85,85,85,91,91,91,91,91,91,91,91,91,91,94,94,94,94,94,94,94,94,94,97,97],"card_choices":[{"not_picked":["Carnage","Anger"],"picked":"Flex","floor":1},{"not_picked":["Ghostly Armor","Blood for Blood"],"picked":"Rampage","floor":1},{"not_picked":["Inflame","Cleave"],"picked":"Whirlwind","floor":2},{"not_picked":["Warcry","Perfected Strike"],"picked":"Body Slam","floor":2},{"not_picked":["Cleave","Pummel"],"picked":"Combust","floor":3},{"not_picked":["Headbutt","Iron Wave"],"picked":"Metallicize","floor":3},{"not_picked":["Flex","Clash"],"picked":"Perfected Strike","floor":5},{"not_picked":["Feel No Pain","Immolate"],"picked":"Pommel Strike","floor":5},{"not_picked":["Heavy Blade","Shrug It Off"],"picked":"Feed","floor":7},{"not_picked":["Headbutt","Iron Wave"],"picked":"Evolve","floor":11},{"not_picked":["Cleave","Shockwave"],"picked":"Shrug It Off","floor":12},{"not_picked":["Armaments","Sentinel"],"picked":"Flame Barrier","floor":12},{"not_picked":["Disarm","Feel No Pain"],"picked":"Corruption","floor":14},{"not_picked":["Bludgeon","Immolate"],"picked":"Offering","floor":16},{"not_picked":["Flex","Disarm"],"picked":"Perfected Strike","floor":18},{"not_picked":["Clash+1","Burning Pact"],"picked":"Pommel Strike","floor":18},{"not_picked":["Entrench","Sentinel"],"picked":"Shockwave","floor":19},{"not_picked":["Twin Strike","Headbutt+1"],"picked":"Pommel Strike","floor":19},{"not_picked":["Bloodletting","Spot Weakness"],"picked":"Armaments+1","floor":21},{"not_picked":["Hemokinesis+1","Anger+1","Clash+1"],"picked":"SKIP","floor":21},{"not_picked":["Body Slam","Seeing Red","Havoc"],"picked":"SKIP","floor":24},{"not_picked":["Intimidate","Corruption+1"],"picked":"Feed","floor":29},{"not_picked":["Spot Weakness","Flame Barrier"],"picked":"Pommel Strike+1","floor":30},{"not_picked":["Flex","Iron Wave+1"],"picked":"Shrug It Off","floor":30},{"not_picked":["Brutality","Fiend Fire"],"picked":"Double Tap","floor":33},{"not_picked":["Armaments","Anger+1"],"picked":"Clothesline+1","floor":35},{"not_picked":["Warcry","Second Wind+1","Heavy Blade"],"picked":"SKIP","floor":35},{"not_picked":["HandOfGreed","Deep Breath"],"picked":"The Bomb","floor":36},{"not_picked":["Forethought","Impatience"],"picked":"Finesse","floor":36},{"not_picked":["Second Wind","Uppercut"],"picked":"Perfected Strike+1","floor":37},{"not_picked":["Pummel+1","Evolve+1"],"picked":"Dual Wield","floor":39},{"not_picked":["Body Slam","Wild Strike"],"picked":"Impervious","floor":39},{"not_picked":["Anger+1","Blood for Blood"],"picked":"Clothesline+1","floor":41},{"not_picked":["Burning Pact","Rupture","Havoc+1"],"picked":"SKIP","floor":45},{"not_picked":["Warcry","Twin Strike","Thunderclap"],"picked":"SKIP","floor":45},{"not_picked":["Rage","Iron Wave","Combust+1"],"picked":"SKIP","floor":47},{"not_picked":["Metallicize+1","Havoc+1"],"picked":"Impervious","floor":54}],"player_experience":253885,"relics_obtained":[{"floor":7,"key":"Mercury Hourglass"},{"floor":9,"key":"Potion Belt"},{"floor":11,"key":"Pen Nib"},{"floor":14,"key":"War Paint"},{"floor":24,"key":"Pantograph"},{"floor":26,"key":"Ancient Tea Set"},{"floor":29,"key":"Regal Pillow"},{"floor":37,"key":"Turnip"},{"floor":41,"key":"Bag of Marbles"},{"floor":47,"key":"Smiling Mask"},{"floor":54,"key":"Art of War"}],"event_choices":[{"damage_healed":0,"gold_gain":0,"player_choice":"Ignored","damage_taken":0,"max_hp_gain":0,"max_hp_loss":0,"event_name":"Ghosts","floor":20,"gold_loss":0},{"damage_healed":0,"gold_gain":99,"player_choice":"Stole From Cult","damage_taken":0,"max_hp_gain":0,"max_hp_loss":0,"event_name":"Nest","floor":25,"gold_loss":0},{"damage_healed":0,"gold_gain":0,"player_choice":"Shed Blood","damage_taken":20,"max_hp_gain":5,"max_hp_loss":0,"event_name":"Forgotten Altar","floor":31,"gold_loss":0},{"damage_healed":0,"gold_gain":0,"player_choice":"Memory 2","damage_taken":5,"max_hp_gain":0,"max_hp_loss":0,"event_name":"SensoryStone","floor":36,"gold_loss":0},{"damage_healed":0,"gold_gain":0,"player_choice":"Fight","damage_taken":0,"max_hp_gain":0,"max_hp_loss":0,"event_name":"MindBloom","floor":37,"gold_loss":0},{"cards_removed":["Clothesline"],"damage_healed":0,"gold_gain":0,"player_choice":"Removed Attack","damage_taken":0,"max_hp_gain":0,"max_hp_loss":0,"event_name":"Falling","floor":44,"gold_loss":0},{"damage_healed":0,"gold_gain":100,"player_choice":"Pray","damage_taken":0,"max_hp_gain":0,"max_hp_loss":0,"event_name":"Golden Shrine","floor":48,"gold_loss":0}],"is_beta":false,"boss_relics":[{"not_picked":["Tiny House","Astrolabe"],"picked":"Runic Dome"},{"not_picked":["Black Star","Coffee Dripper"],"picked":"Fusion Hammer"}],"items_purged_floors":[4],"is_endless":false,"potions_floor_spawned":[1,3,5,11,14,21,33,37,45],"killed_by":"The Heart","ascension_level":6}