{"gold_per_floor":[115,265,265,277,23,23,23,43,70,86,98,5,31,42,42,120,120,134,134,146,8,8],"floor_reached":22,"playtime":737,"items_purged":[],"score":326,"play_id":"b9a7dbfc-be4d-4293-a8b3-5cc78b83e5e6","local_time":"20180708222256","is_ascension_mode":true,"campfire_choices":[{"floor":6.0,"key":"REST"},{"floor":15.0,"key":"REST"}],"neow_cost":"","seed_source_timestamp":90662716834397,"circlet_count":0,"master_deck":["Defend_G","Defend_G","Defend_G","Defend_G","Defend_G","Strike_G","Strike_G","Strike_G","Strike_G","Strike_G","Survivor","Neutralize","AscendersBane","Heel Hook","Flying Knee","Cloak And Dagger","Acrobatics","Bouncing Flask","Bane","Heel Hook","Dodge and Roll","Night Terror","Choke","Bane","Bullet Time"],"special_seed":0,"relics":["Fusion Hammer","Letter Opener","Strawberry","Kunai","Snecko Eye"],"potions_floor_usage":[18],"damage_taken":[{"damage":0.0,"enemies":"Jaw Worm","floor":1.0,"turns":4.0},{"damage":0.0,"enemies":"Cultist","floor":4.0,"turns":4.0},{"damage":0.0,"enemies":"Small Slimes","floor":8.0,"turns":4.0},{"damage":4.0,"enemies":"2 Fungi Beasts","floor":10.0,"turns":5.0},{"damage":3.0,"enemies":"Lots of Slimes","floor":11.0,"turns":5.0},{"damage":11.0,"enemies":"Lagavulin","floor":13.0,"turns":6.0},{"damage":2.0,"enemies":"Red Slaver","floor":14.0,"turns":2.0},{"damage":46.0,"enemies":"The Guardian","floor":16.0,"turns":10.0},{"damage":9,"enemies":"3 Byrds","floor":18,"turns":4},{"damage":31,"enemies":"2 Thieves","floor":20,"turns":3},{"damage":24,"enemies":"Chosen and Byrds","floor":22,"turns":4}],"seed_played":"8745396192898028368","potions_obtained":[{"floor":1.0,"key":"Block Potion"},{"floor":4.0,"key":"SteroidPotion"},{"floor":19,"key":"LiquidBronze"}],"is_trial":false,"path_per_floor":["M","?","?","M","$","R","$","M","T","M","M","$","E","M","R","B",null,"M","?","M","$"],"character_chosen":"THE_SILENT","items_purchased":["Letter Opener","Bouncing Flask","Bane","Bullet Time"],"campfire_rested":2,"item_purchase_floors":[],"current_hp_per_floor":[59,59,59,59,59,66,66,66,73,69,66,66,55,53,73,27,62,53,53,22,22,0],"gold":8,"neow_bonus":"","is_prod":false,"is_daily":false,"chose_seed":false,"campfire_upgraded":0,"win_rate":0,"timestamp":1531113776,"path_taken":["M","?","?","M","$","R","$","M","T","?","?","?","E","?","R","BOSS","M","?","M","$","M"],"build_version":"2018-07-05","purchased_purges":0,"victory":false,"max_hp_per_floor":[66,66,66,66,66,66,66,66,73,73,73,73,73,73,73,73,73,73,73,73,73,73],"card_choices":[{"not_picked":["Poisoned Stab","Deadly Poison"],"picked":"Heel Hook","floor":1.0},{"not_picked":["Acrobatics","Choke"],"picked":"Flying Knee","floor":4.0},{"not_picked":["Flying Knee","Slice"],"picked":"Cloak And Dagger","floor":8.0},{"not_picked":["Catalyst","Flechettes","Choke"],"picked":"SKIP","floor":10.0},{"not_picked":["Cloak And Dagger","Bane"],"picked":"Acrobatics","floor":11.0},{"not_picked":["Dodge and Roll","Sucker Punch"],"picked":"Heel Hook","floor":13.0},{"not_picked":["Venomology","Prepared"],"picked":"Dodge and Roll","floor":14.0},{"not_picked":["Doppelganger","Corpse Explosion"],"picked":"Night Terror","floor":16.0},{"not_picked":["Backflip","Slice"],"picked":"Choke","floor":18},{"not_picked":["Dagger Spray","Acrobatics"],"picked":"Bane","floor":20}],"player_experience":527256,"relics_obtained":[{"floor":9.0,"key":"Strawberry"},{"floor":13.0,"key":"Kunai"}],"event_choices":[{"event_name":"Liars Game","player_choice":"agreed","floor":2.0,"damage_taken":0.0},{"event_name":"Living Wall","player_choice":"Forget","floor":3.0,"damage_taken":0.0},{"event_name":"The Lab","player_choice":"Got Potions","floor":19,"damage_taken":0}],"boss_relics":[{"not_picked":["Busted Crown","Orrery"],"picked":"Snecko Eye"}],"items_purged_floors":[],"is_endless":false,"potions_floor_spawned":[1,4,10,16],"killed_by":"Chosen and Byrds","ascension_level":15}