{"gold_per_floor":[118,132,151,76,26,26,43,43,67,102,102,2,2,17,17,120,120,132,7,23,23,23,23,51,51,77,95,163,213,113,128,128,225,225,243,68,86,136,186,186,186],"floor_reached":41,"playtime":1080,"items_purged":["Bane","Doppelganger","Skewer","Backstab+1","Survivor"],"score":456,"play_id":"6dd41178-e9bc-4be6-af2f-525dd3791613","local_time":"20190806184234","is_ascension_mode":true,"campfire_choices":[{"data":"Neutralize","floor":6.0,"key":"SMITH"},{"data":"Glass Knife","floor":8.0,"key":"SMITH"},{"data":"Glass Knife","floor":11.0,"key":"SMITH"},{"data":"Footwork","floor":15.0,"key":"SMITH"},{"data":"Backstab","floor":23.0,"key":"SMITH"},{"data":"Backstab","floor":25.0,"key":"SMITH"},{"data":"Blur","floor":32.0,"key":"SMITH"},{"floor":40.0,"key":"REST"}],"neow_cost":"NONE","seed_source_timestamp":6163727786545,"circlet_count":0,"master_deck":["Glass Knife+1","Footwork+1","Blur+1","Glass Knife+1","Storm of Steel"],"special_seed":0,"relics":["Pandora\u0027s Box","Snake Skull","Omamori","Mercury Hourglass","SsserpentHead","Pocketwatch","Art of War","Empty Cage"],"potions_floor_usage":[41],"damage_taken":[{"damage":0.0,"enemies":"2 Louse","floor":1.0,"turns":1.0},{"damage":0.0,"enemies":"Small Slimes","floor":2.0,"turns":2.0},{"damage":0.0,"enemies":"Cultist","floor":3.0,"turns":2.0},{"damage":0.0,"enemies":"3 Louse","floor":7.0,"turns":3.0},{"damage":0.0,"enemies":"Gremlin Nob","floor":10.0,"turns":3.0},{"damage":0.0,"enemies":"Exordium Thugs","floor":14.0,"turns":1.0},{"damage":10.0,"enemies":"Hexaghost","floor":16.0,"turns":9.0},{"damage":0.0,"enemies":"3 Byrds","floor":18.0,"turns":4.0},{"damage":0.0,"enemies":"Spheric Guardian","floor":20.0,"turns":2.0},{"damage":2.0,"enemies":"Gremlin Leader","floor":24.0,"turns":5.0},{"damage":0.0,"enemies":"Snecko","floor":27.0,"turns":4.0},{"damage":1.0,"enemies":"Centurion and Healer","floor":28.0,"turns":3.0},{"damage":7.0,"enemies":"Snake Plant","floor":31.0,"turns":3.0},{"damage":33.0,"enemies":"Collector","floor":33.0,"turns":5.0},{"damage":13.0,"enemies":"3 Darklings","floor":35.0,"turns":6.0},{"damage":22.0,"enemies":"Orb Walker","floor":37.0,"turns":3.0},{"damage":66,"enemies":"Nemesis","floor":41,"turns":6}],"seed_played":"-7286812158597693004","potions_obtained":[{"floor":3.0,"key":"Swift Potion"},{"floor":10.0,"key":"EssenceOfSteel"},{"floor":14.0,"key":"Block Potion"},{"floor":16.0,"key":"EntropicBrew"},{"floor":20.0,"key":"AttackPotion"},{"floor":24.0,"key":"SneckoOil"},{"floor":37.0,"key":"Dexterity Potion"}],"is_trial":false,"path_per_floor":["M","M","M","$","?","R","M","R","T","E","R","$","?","M","R","B",null,"M","$","M","?","?","R","E","R","T","M","M","?","$","M","R","B",null,"M","$","M","?","$","R","E"],"character_chosen":"THE_SILENT","items_purchased":[],"campfire_rested":1,"item_purchase_floors":[],"current_hp_per_floor":[70,70,70,70,70,70,70,70,70,70,70,70,70,70,70,60,70,70,70,70,70,70,70,68,68,68,68,67,67,67,60,60,27,70,57,57,35,35,35,56,0],"gold":186,"neow_bonus":"BOSS_RELIC","is_prod":false,"is_daily":false,"chose_seed":false,"campfire_upgraded":7,"win_rate":0,"timestamp":1565142154,"path_taken":["M","M","M","$","?","R","M","R","T","E","R","$","?","M","R","BOSS","M","$","M","?","?","R","E","R","T","M","?","?","?","M","R","BOSS","M","$","M","?","?","R","E"],"build_version":"2019-07-18","purchased_purges":5,"victory":false,"max_hp_per_floor":[70,70,70,70,70,70,70,70,70,70,70,70,70,70,70,70,70,70,70,70,70,70,70,70,70,70,70,70,70,70,70,70,70,70,70,70,70,70,70,70,70],"card_choices":[{"not_picked":["Flying Knee","PiercingWail","Crippling Poison"],"picked":"SKIP","floor":1.0},{"not_picked":["Deadly Poison","Dagger Throw","Sucker Punch"],"picked":"SKIP","floor":2.0},{"not_picked":["Underhanded Strike","Concentrate"],"picked":"Storm of Steel","floor":3.0},{"not_picked":["Deflect","Footwork","Dagger Throw"],"picked":"SKIP","floor":7.0},{"not_picked":["Outmaneuver","Caltrops","Footwork"],"picked":"SKIP","floor":10.0},{"not_picked":["Cloak And Dagger","Sucker Punch","Deflect"],"picked":"SKIP","floor":14.0},{"not_picked":["Dagger Throw","Bouncing Flask","Deadly Poison+1"],"picked":"SKIP","floor":18.0},{"not_picked":["Heel Hook+1","Eviscerate","Bane"],"picked":"SKIP","floor":20.0},{"not_picked":["Slice","All Out Attack","Backflip"],"picked":"SKIP","floor":24.0},{"not_picked":["Accuracy","Distraction+1","Endless Agony+1"],"picked":"SKIP","floor":27.0},{"not_picked":["Choke","Catalyst","Flying Knee"],"picked":"SKIP","floor":28.0},{"not_picked":["Bouncing Flask","Deflect+1","Distraction+1"],"picked":"SKIP","floor":31.0},{"not_picked":["Cloak And Dagger+1","Blur+1","PiercingWail+1"],"picked":"SKIP","floor":35.0},{"not_picked":["Dodge and Roll+1","Leg Sweep","Footwork+1"],"picked":"SKIP","floor":37.0}],"player_experience":1377954,"relics_obtained":[{"floor":9.0,"key":"Snake Skull"},{"floor":10.0,"key":"Omamori"},{"floor":24.0,"key":"Pocketwatch"},{"floor":26.0,"key":"Art of War"}],"event_choices":[{"cards_removed":["Prepared"],"damage_healed":0.0,"max_hp_gain":0.0,"max_hp_loss":0.0,"gold_gain":0.0,"event_name":"The Cleric","player_choice":"Card Removal","floor":5.0,"gold_loss":50.0,"damage_taken":0.0},{"damage_healed":0.0,"max_hp_gain":0.0,"max_hp_loss":0.0,"gold_gain":0.0,"event_name":"Liars Game","player_choice":"Ignored","floor":13.0,"gold_loss":0.0,"damage_taken":0.0},{"damage_healed":0.0,"max_hp_gain":0.0,"max_hp_loss":0.0,"gold_gain":0.0,"event_name":"Addict","player_choice":"Stole Relic","floor":21.0,"gold_loss":0.0,"damage_taken":0.0,"relics_obtained":["Mercury Hourglass"],"cards_obtained":["Shame"]},{"damage_healed":0.0,"max_hp_gain":0.0,"max_hp_loss":0.0,"gold_gain":0.0,"event_name":"FaceTrader","player_choice":"Trade","floor":22.0,"gold_loss":0.0,"damage_taken":0.0,"relics_obtained":["SsserpentHead"]},{"damage_healed":0.0,"max_hp_gain":0.0,"max_hp_loss":0.0,"gold_gain":0.0,"event_name":"NoteForYourself","player_choice":"Ignored","floor":29.0,"gold_loss":0.0,"damage_taken":0.0},{"damage_healed":0.0,"max_hp_gain":0.0,"max_hp_loss":0.0,"gold_gain":0.0,"event_name":"SensoryStone","player_choice":"Memory 1","floor":38.0,"gold_loss":0.0,"damage_taken":0.0}],"is_beta":true,"boss_relics":[{"not_picked":["Velvet Choker","Ectoplasm","HoveringKite"]},{"not_picked":["Runic Dome","Coffee Dripper"],"picked":"Empty Cage"}],"items_purged_floors":[4,12,19,30,36],"is_endless":false,"potions_floor_spawned":[3,10,14,16,20,24,37],"killed_by":"Nemesis","ascension_level":1}