{"gold_per_floor":[111,111,111,126,139,139,171,171,171,188,61,61,31,56,56,56],"floor_reached":16,"playtime":1039,"items_purged":["Strike_G"],"score":108,"play_id":"8cf05cab-039e-4469-baa2-3c8986ce753c","local_time":"20190604212329","is_ascension_mode":false,"campfire_choices":[{"data":"Neutralize","floor":6,"key":"SMITH"},{"data":"Footwork","floor":8,"key":"SMITH"},{"data":"Cloak And Dagger","floor":15,"key":"SMITH"}],"neow_cost":"NONE","seed_source_timestamp":1423987568593066,"circlet_count":0,"master_deck":["Defend_G","Defend_G+1","Defend_G","Defend_G","Defend_G+1","Strike_G","Strike_G","Strike_G","Strike_G","Survivor","Neutralize+1","Cloak And Dagger+1","Blur","Slice","Footwork+1","Blade Dance","Decay","Dagger Spray"],"relics":["Lizard Tail","Ginger","Omamori"],"potions_floor_usage":[14,14],"damage_taken":[{"damage":3,"enemies":"Jaw Worm","floor":1,"turns":5},{"damage":7,"enemies":"2 Louse","floor":4,"turns":3},{"damage":0,"enemies":"Small Slimes","floor":5,"turns":5},{"damage":17,"enemies":"3 Sentries","floor":7,"turns":11},{"damage":11,"enemies":"3 Louse","floor":10,"turns":4},{"damage":0,"enemies":"Looter","floor":13,"turns":4},{"damage":41,"enemies":"Gremlin Nob","floor":14,"turns":8},{"damage":38,"enemies":"The Guardian","floor":16,"turns":18}],"seed_played":"-3232142324292566717","potions_obtained":[{"floor":4,"key":"SpeedPotion"},{"floor":10,"key":"Ancient Potion"}],"is_trial":false,"path_per_floor":["M","?","?","M","M","R","E","R","T","M","$","?","M","E","R","B"],"character_chosen":"THE_SILENT","items_purchased":["Blade Dance"],"campfire_rested":0,"item_purchase_floors":[11],"current_hp_per_floor":[67,72,57,50,50,50,33,33,33,22,22,22,22,37,37,0],"gold":56,"neow_bonus":"BOSS_RELIC","is_prod":false,"is_daily":false,"chose_seed":false,"campfire_upgraded":3,"win_rate":0,"timestamp":1559701409,"path_taken":["M","?","?","M","M","R","E","R","T","M","$","?","?","E","R","BOSS"],"build_version":"2019-01-23","purchased_purges":1,"victory":false,"max_hp_per_floor":[70,75,75,75,75,75,75,75,75,75,75,75,75,75,75,75],"card_choices":[{"not_picked":["Deflect","Slice"],"picked":"Cloak And Dagger","floor":1},{"not_picked":["Dagger Throw","Flying Knee"],"picked":"Blur","floor":4},{"not_picked":["Flying Knee","Outmaneuver"],"picked":"Slice","floor":5},{"not_picked":["Riddle With Holes","Deflect"],"picked":"Footwork","floor":7},{"not_picked":["Reflex","Acrobatics","Setup"],"picked":"SKIP","floor":10},{"not_picked":["Escape Plan","Outmaneuver","Quick Slash"],"picked":"SKIP","floor":13},{"not_picked":["Burst","Dodge and Roll"],"picked":"Dagger Spray","floor":14}],"player_experience":737761,"relics_obtained":[{"floor":7,"key":"Ginger"},{"floor":14,"key":"Omamori"}],"event_choices":[{"damage_healed":0,"gold_gain":0,"player_choice":"Donut","damage_taken":0,"max_hp_gain":5,"max_hp_loss":0,"event_name":"Big Fish","floor":2,"gold_loss":0},{"damage_healed":0,"gold_gain":0,"player_choice":"Entered Light","damage_taken":15,"max_hp_gain":0,"max_hp_loss":0,"event_name":"Shining Light","floor":3,"gold_loss":0,"cards_upgraded":["Defend_G","Defend_G"]},{"damage_healed":0,"gold_gain":0,"player_choice":"Cursed","damage_taken":0,"max_hp_gain":0,"max_hp_loss":0,"event_name":"Wheel of Change","floor":12,"gold_loss":0,"cards_obtained":["Decay"]}],"is_beta":false,"boss_relics":[],"items_purged_floors":[11],"is_endless":false,"potions_floor_spawned":[4,10],"killed_by":"The Guardian","ascension_level":0}