{"gold_per_floor":[109,34,34,34,34,65,65,65,135,135,7,38,48,48,48,125,125,140,140,208,286,336,336,336],"floor_reached":24,"playtime":601,"items_purged":["Strike_B"],"score":396,"play_id":"b396a414-d95f-4428-b6ec-ab7dd753d834","local_time":"20190228224002","is_ascension_mode":true,"campfire_choices":[{"data":"Zap","floor":7.0,"key":"SMITH"},{"floor":10.0,"key":"REST"},{"data":"Redo","floor":15.0,"key":"SMITH"},{"data":"Redo","floor":23,"key":"SMITH"}],"neow_cost":"NONE","seed_source_timestamp":19477527803500,"circlet_count":0,"master_deck":["AscendersBane","Defend_B","Defend_B","Zap+1","Dualcast","Rebound+1","Reinforced Body+1","Doom and Gloom+1","Gash","Machine Learning","Coolheaded","Redo+1","Fission","Redo+1","Gash"],"special_seed":0,"relics":["Astrolabe","Pen Nib","Darkstone Periapt","SsserpentHead","Bottled Flame","Strawberry","Busted Crown","Red Mask"],"potions_floor_usage":[20,21],"damage_taken":[{"damage":7.0,"enemies":"Jaw Worm","floor":1.0,"turns":3.0},{"damage":26.0,"enemies":"3 Sentries","floor":6.0,"turns":5.0},{"damage":8.0,"enemies":"Lagavulin","floor":12.0,"turns":5.0},{"damage":5.0,"enemies":"2 Louse","floor":13.0,"turns":2.0},{"damage":10,"enemies":"Hexaghost","floor":16,"turns":7},{"damage":1,"enemies":"3 Byrds","floor":18,"turns":5},{"damage":26,"enemies":"Chosen","floor":20,"turns":8},{"damage":20,"enemies":"Masked Bandits","floor":21,"turns":4},{"damage":40,"enemies":"Book of Stabbing","floor":24,"turns":5}],"seed_played":"-2772016819957426436","potions_obtained":[{"floor":6.0,"key":"Energy Potion"},{"floor":18,"key":"Regen Potion"},{"floor":20,"key":"SkillPotion"}],"is_trial":false,"path_per_floor":["M","?","?","?","$","E","R","?","T","R","$","E","M","$","R","B",null,"M","?","M","?","?","R","E"],"character_chosen":"DEFECT","items_purchased":["Coolheaded"],"campfire_rested":1,"item_purchase_floors":[11],"current_hp_per_floor":[57,57,62,44,44,18,18,18,18,40,40,39,34,34,34,24,68,67,67,55,35,35,35,0],"gold":336,"neow_bonus":"BOSS_RELIC","is_prod":false,"is_daily":false,"chose_seed":false,"campfire_upgraded":3,"win_rate":0,"timestamp":1551422402,"path_taken":["M","?","?","?","$","E","R","?","T","R","$","E","M","$","R","BOSS","M","?","?","?","?","R","E"],"build_version":"2019-02-06","purchased_purges":1,"victory":false,"max_hp_per_floor":[71,71,76,76,76,76,76,76,76,76,76,83,83,83,83,83,83,83,83,83,83,83,83,83],"card_choices":[{"not_picked":["Barrage","Aggregate"],"picked":"Gash","floor":1.0},{"not_picked":["Storm","Barrage"],"picked":"Machine Learning","floor":6.0},{"not_picked":["Go for the Eyes","Barrage"],"picked":"Redo","floor":12.0},{"not_picked":["Meteor Strike","Machine Learning"],"picked":"Fission","floor":16},{"not_picked":[],"picked":"Redo","floor":18},{"not_picked":["Aggregate"],"picked":"SKIP","floor":20},{"not_picked":[],"picked":"Gash","floor":21}],"player_experience":1241941,"relics_obtained":[{"floor":6.0,"key":"Darkstone Periapt"},{"floor":9.0,"key":"Bottled Flame"},{"floor":12.0,"key":"Strawberry"},{"floor":21,"key":"Red Mask"}],"event_choices":[{"cards_removed":["Strike_B"],"damage_healed":0.0,"max_hp_gain":0.0,"max_hp_loss":0.0,"gold_gain":0.0,"event_name":"The Cleric","player_choice":"Card Removal","floor":2.0,"gold_loss":75.0,"damage_taken":0.0},{"damage_healed":0.0,"max_hp_gain":5.0,"max_hp_loss":0.0,"gold_gain":0.0,"event_name":"Big Fish","player_choice":"Donut","floor":3.0,"gold_loss":0.0,"damage_taken":0.0},{"damage_healed":0.0,"max_hp_gain":0.0,"max_hp_loss":0.0,"gold_gain":0.0,"event_name":"Scrap Ooze","player_choice":"Success","floor":4.0,"gold_loss":0.0,"damage_taken":18.0,"relics_obtained":["Pen Nib"]},{"damage_healed":0.0,"max_hp_gain":0.0,"max_hp_loss":0.0,"gold_gain":0.0,"event_name":"FaceTrader","player_choice":"Trade","floor":8.0,"gold_loss":0.0,"damage_taken":0.0,"relics_obtained":["SsserpentHead"]},{"damage_healed":0,"gold_gain":0,"player_choice":"Bet on Murderer","damage_taken":0,"max_hp_gain":0,"max_hp_loss":0,"event_name":"The Joust","floor":19,"gold_loss":50},{"damage_healed":0,"gold_gain":0,"player_choice":"Fought Bandits","damage_taken":0,"max_hp_gain":0,"max_hp_loss":0,"event_name":"Masked Bandits","floor":21,"gold_loss":0},{"cards_removed":["Defend_B"],"damage_healed":0,"gold_gain":0,"player_choice":"Offered Basic","damage_taken":0,"max_hp_gain":0,"max_hp_loss":0,"event_name":"Bonfire Elementals","floor":22,"gold_loss":0}],"is_beta":true,"boss_relics":[{"not_picked":["Runic Pyramid","Eternal Feather"],"picked":"Busted Crown"}],"items_purged_floors":[11],"is_endless":false,"potions_floor_spawned":[6,18,20],"killed_by":"Book of Stabbing","ascension_level":20}