{"gold_per_floor":[118,118,135,154,229,229,247,279,358,358],"floor_reached":10,"playtime":222,"items_purged":[],"score":136,"play_id":"f10bcd24-798a-480b-8c63-d72db1894288","local_time":"20190813000547","is_ascension_mode":true,"campfire_choices":[{"data":"Bash","floor":6,"key":"SMITH"}],"neow_cost":"NONE","seed_source_timestamp":4292550415377,"circlet_count":0,"master_deck":["AscendersBane","Strike_R","Strike_R","Strike_R","Strike_R","Strike_R","Defend_R","Defend_R","Defend_R","Defend_R","Bash+1","Wild Strike","Shockwave","Iron Wave","Shockwave"],"relics":["Runic Dome","Unceasing Top","Shuriken"],"potions_floor_usage":[8,10,10],"damage_taken":[{"damage":9,"enemies":"Small Slimes","floor":1,"turns":3},{"damage":7,"enemies":"Jaw Worm","floor":3,"turns":3},{"damage":4,"enemies":"2 Louse","floor":4,"turns":2},{"damage":14,"enemies":"Exordium Wildlife","floor":7,"turns":5},{"damage":22,"enemies":"Gremlin Nob","floor":8,"turns":4},{"damage":7,"enemies":"Lagavulin","floor":10,"turns":5}],"seed_played":"5595835062919619047","potions_obtained":[{"floor":4,"key":"PowerPotion"},{"floor":8,"key":"EntropicBrew"}],"is_trial":false,"path_per_floor":["M","?","M","M","?","R","M","E","T","E"],"character_chosen":"IRONCLAD","items_purchased":[],"campfire_rested":0,"item_purchase_floors":[],"current_hp_per_floor":[59,59,52,48,37,37,23,1,1,0],"gold":358,"neow_bonus":"BOSS_RELIC","is_prod":false,"is_daily":false,"chose_seed":false,"campfire_upgraded":1,"win_rate":0,"timestamp":1565679947,"path_taken":["M","?","M","M","?","R","M","E","T","E"],"build_version":"2019-07-18","purchased_purges":0,"victory":false,"max_hp_per_floor":[75,75,75,75,75,75,75,75,75,75],"card_choices":[{"not_picked":["Pommel Strike","Havoc"],"picked":"Wild Strike","floor":1},{"not_picked":["Bludgeon","Rampage"],"picked":"Shockwave","floor":3},{"not_picked":["Anger","Warcry"],"picked":"Iron Wave","floor":4},{"not_picked":["True Grit","Heavy Blade"],"picked":"Shockwave","floor":7},{"not_picked":["Heavy Blade","Warcry","Dark Embrace"],"picked":"SKIP","floor":8}],"player_experience":1406292,"relics_obtained":[{"floor":8,"key":"Unceasing Top"},{"floor":9,"key":"Shuriken"}],"event_choices":[{"damage_healed":0,"gold_gain":0,"player_choice":"Ignored","damage_taken":0,"max_hp_gain":0,"max_hp_loss":0,"event_name":"Liars Game","floor":2,"gold_loss":0},{"damage_healed":0,"gold_gain":75,"player_choice":"Gather Gold","damage_taken":11,"max_hp_gain":0,"max_hp_loss":0,"event_name":"World of Goop","floor":5,"gold_loss":0}],"is_beta":true,"boss_relics":[],"items_purged_floors":[],"is_endless":false,"potions_floor_spawned":[4,8],"killed_by":"Lagavulin","ascension_level":20}