{"path_per_floor":["M","$","?","M","?","R","M","M","T","R","M","R","M","?","R","B",null,"M","M","$","M","M","R","E","R","T","?","$","R","M","M","R"],"character_chosen":"IRONCLAD","items_purchased":["Whirlwind","Flame Barrier","Barricade"],"gold_per_floor":[117,44,44,64,64,64,77,88,112,112,131,131,142,142,142,238,238,251,261,110,123,140,140,171,171,219,219,76,76,87,99,99],"floor_reached":33,"campfire_rested":1,"playtime":4617,"current_hp_per_floor":[80,80,77,78,83,83,85,82,82,82,69,69,70,63,63,37,85,81,75,75,47,59,59,56,56,56,56,56,56,37,43,68],"items_purged":["Defend_R"],"gold":99,"score":259,"play_id":"19781239-8100-4602-9690-468fc08fdaba","is_prod":false,"is_daily":false,"is_ascension_mode":false,"campfire_upgraded":7,"path_taken":["M","$","?","M","?","R","M","M","T","R","M","R","M","?","R","BOSS","M","M","$","?","M","R","E","R","T","?","$","R","M","M","R","BOSS"],"build_version":"2018-02-22-PROD2","purchased_purges":1,"victory":false,"master_deck":["Strike_R","Strike_R","Strike_R","Strike_R","Defend_R","Defend_R","Defend_R","Bash","Flex","Whirlwind+1","True Grit+1","Twin Strike","Iron Wave+1","Body Slam+1","Impervious","Shrug It Off","Flame Barrier+1","Body Slam+1","Pommel Strike","Barricade+1"],"max_hp_per_floor":[80,80,80,80,85,85,85,85,85,85,85,85,85,85,85,85,85,85,85,85,85,85,85,85,85,85,85,85,85,85,85,85],"relics":["Burning Blood","Bronze Scales","Mummified Hand","Bag of Marbles","Mark of Pain","Calipers","Ancient Tea Set"],"card_choices":[{"not_picked":["Rage","Thunderclap"],"picked":"Flex"},{"not_picked":["Wild Strike","Offering"],"picked":"True Grit"},{"not_picked":["Infernal Blade","Second Wind"],"picked":"Twin Strike"},{"not_picked":["Clothesline","Infernal Blade"],"picked":"Iron Wave"},{"not_picked":["Inflame","Ghostly Armor"],"picked":"Body Slam"},{"not_picked":["Berserk","Brutality"],"picked":"Impervious"},{"not_picked":["Ghostly Armor","Sword Boomerang"],"picked":"Shrug It Off"},{"not_picked":["Intimidate","Flex"],"picked":"Body Slam"},{"not_picked":["True Grit","Intimidate"],"picked":"Pommel Strike"}],"player_experience":50164,"potions_floor_usage":[16,19,21,22,24,33],"damage_taken":[{"damage":6,"enemies":"Jaw Worm","floor":1,"turns":3},{"damage":5,"enemies":"Small Slimes","floor":4,"turns":3},{"damage":1,"enemies":"Cultist","floor":7,"turns":3},{"damage":9,"enemies":"Blue Slaver","floor":8,"turns":4},{"damage":19,"enemies":"Gremlin Gang","floor":11,"turns":3},{"damage":5,"enemies":"Looter","floor":13,"turns":2},{"damage":32,"enemies":"The Guardian","floor":16,"turns":10},{"damage":10,"enemies":"Chosen","floor":18,"turns":3},{"damage":12,"enemies":"Shell Parasite","floor":19,"turns":2},{"damage":34,"enemies":"Cultist and Chosen","floor":21,"turns":7},{"damage":0,"enemies":"Sentry and Sphere","floor":22,"turns":3},{"damage":21,"enemies":"Slavers","floor":24,"turns":5},{"damage":25,"enemies":"Snecko","floor":30,"turns":4},{"damage":0,"enemies":"Snake Plant","floor":31,"turns":3},{"damage":69,"enemies":"Collector","floor":33,"turns":11}],"event_choices":[{"event_name":"Scrap Ooze","player_choice":"success","floor":3,"damage_taken":3},{"event_name":"Big Fish","player_choice":"Donut","floor":5,"damage_taken":0},{"event_name":"Golden Wing","player_choice":"Card Removal","floor":14,"damage_taken":0},{"event_name":"Transmorgrifier","player_choice":"Skipped","floor":27,"damage_taken":0}],"boss_relics":[{"not_picked":["Runic Dome","Lizard Tail"],"picked":"Mark of Pain"}],"potions_floor_spawned":[1,13,19,21,22,30,31],"seed_played":"-8597701117028681126","killed_by":"Collector","ascension_level":0,"is_trial":false}