{"gold_per_floor":[14,14,29,41,41,41,70,83,83,83,110,35,35,66,66,145,145,165,183,20,38,38,38,38,38,65,93,18,37,52,62,62,139,139,158,70,28,41,41,66,66,84,84,84,1,1,1,19,19,19,19],"floor_reached":51,"playtime":1944,"items_purged":["Strike_R"],"score":1401,"play_id":"98814a07-77ce-442b-b341-b32c92878360","local_time":"20190303122657","is_ascension_mode":true,"campfire_choices":[{"data":"Armaments","floor":6.0,"key":"SMITH"},{"data":"Immolate","floor":10.0,"key":"SMITH"},{"data":"True Grit","floor":15.0,"key":"SMITH"},{"floor":23.0,"key":"REST"},{"floor":25.0,"key":"RECALL"},{"floor":32.0,"key":"REST"},{"floor":41.0,"key":"REST"},{"floor":46.0,"key":"REST"},{"floor":49.0,"key":"REST"}],"neow_cost":"NO_GOLD","seed_source_timestamp":4115313566074,"circlet_count":0,"master_deck":["AscendersBane","Strike_R","Defend_R","Defend_R","Defend_R","Defend_R","Bash","Armaments+1","Immolate+1","Shockwave+1","Shrug It Off","Exhume","Shrug It Off","Double Tap","True Grit+1","Double Tap","Metallicize+1","Iron Wave+1","Clothesline+1","Shrug It Off","Hemokinesis+1","Entrench","Dropkick+1","Shrug It Off+1","Fiend Fire+1","Body Slam+1","Inflame+1","Metallicize+1","Offering","Body Slam+1","Whirlwind+1","Flame Barrier","Magnetism+1"],"special_seed":0,"relics":["Burning Blood","Thread and Needle","Mummified Hand","Molten Egg 2","Frozen Egg 2","Happy Flower","Fusion Hammer","Bronze Scales","Vajra","Regal Pillow","Sozu","PreservedInsect","Letter Opener","Art of War"],"potions_floor_usage":[51],"damage_taken":[{"damage":1.0,"enemies":"Small Slimes","floor":1.0,"turns":3.0},{"damage":0.0,"enemies":"Cultist","floor":3.0,"turns":2.0},{"damage":3.0,"enemies":"Jaw Worm","floor":4.0,"turns":2.0},{"damage":16.0,"enemies":"Lagavulin","floor":7.0,"turns":8.0},{"damage":0.0,"enemies":"Lots of Slimes","floor":8.0,"turns":1.0},{"damage":6.0,"enemies":"3 Sentries","floor":11.0,"turns":4.0},{"damage":5.0,"enemies":"Lagavulin","floor":14.0,"turns":7.0},{"damage":25.0,"enemies":"Hexaghost","floor":16.0,"turns":9.0},{"damage":4.0,"enemies":"Chosen","floor":18.0,"turns":7.0},{"damage":11.0,"enemies":"Shell Parasite","floor":19.0,"turns":5.0},{"damage":0.0,"enemies":"Centurion and Healer","floor":21.0,"turns":7.0},{"damage":0.0,"enemies":"Slavers","floor":27.0,"turns":1.0},{"damage":2.0,"enemies":"Sentry and Sphere","floor":29.0,"turns":4.0},{"damage":0.0,"enemies":"Snecko","floor":30.0,"turns":3.0},{"damage":4.0,"enemies":"Centurion and Healer","floor":31.0,"turns":5.0},{"damage":37.0,"enemies":"Collector","floor":33.0,"turns":12.0},{"damage":0.0,"enemies":"Orb Walker","floor":35.0,"turns":2.0},{"damage":0.0,"enemies":"3 Darklings","floor":38.0,"turns":5.0},{"damage":13.0,"enemies":"Giant Head","floor":40.0,"turns":7.0},{"damage":17.0,"enemies":"Sphere and 2 Shapes","floor":42.0,"turns":4.0},{"damage":6.0,"enemies":"Jaw Worm Horde","floor":48.0,"turns":2.0},{"damage":50,"enemies":"Donu and Deca","floor":50,"turns":8},{"damage":41,"enemies":"Awakened One","floor":51,"turns":12}],"seed_played":"487608711687858178","potions_obtained":[{"floor":4.0,"key":"Block Potion"},{"floor":11.0,"key":"Explosive Potion"},{"floor":14.0,"key":"Fire Potion"},{"floor":27.0,"key":"SkillPotion"},{"floor":29.0,"key":"AttackPotion"},{"floor":30.0,"key":"SneckoOil"},{"floor":33.0,"key":"PowerPotion"}],"is_trial":false,"path_per_floor":["M","?","M","M","$","R","E","M","T","R","E","$","?","E","R","B",null,"M","M","$","M","?","R","$","R","T","E","?","M","M","M","R","B",null,"M","$","$","M","$","E","R","M","T","T","$","R","?","M","R","B","B"],"character_chosen":"IRONCLAD","items_purchased":["Bronze Scales","Inflame+1","Metallicize+1","Flame Barrier"],"campfire_rested":5,"item_purchase_floors":[20,36,37,45],"current_hp_per_floor":[73,73,75,75,75,75,65,71,71,71,71,71,71,72,72,53,70,72,67,67,73,73,75,75,75,75,75,75,75,75,75,75,44,67,73,73,73,75,75,68,75,64,64,64,64,75,65,65,75,31,0],"gold":19,"neow_bonus":"ONE_RARE_RELIC","is_prod":false,"is_daily":false,"chose_seed":false,"campfire_upgraded":3,"win_rate":0,"timestamp":1551644817,"path_taken":["M","?","?","M","?","R","E","M","T","R","E","$","?","E","R","BOSS","M","M","$","?","?","R","?","R","T","E","?","?","M","M","R","BOSS","M","?","$","M","?","E","R","M","T","?","$","R","?","?","R","BOSS","BOSS"],"build_version":"2019-02-06","purchased_purges":1,"victory":false,"max_hp_per_floor":[75,75,75,75,75,75,75,75,75,75,75,75,75,75,75,75,75,75,75,75,75,75,75,75,75,75,75,75,75,75,75,75,75,75,75,75,75,75,75,75,75,75,75,75,75,75,75,75,75,75,75],"card_choices":[{"not_picked":["Sword Boomerang","Cleave"],"picked":"Armaments","floor":1.0},{"not_picked":["Disarm","Sever Soul"],"picked":"Shockwave","floor":3.0},{"not_picked":["Perfected Strike","Warcry"],"picked":"Shrug It Off","floor":4.0},{"not_picked":["Heavy Blade","Anger"],"picked":"Exhume","floor":7.0},{"not_picked":["Sword Boomerang","Rampage"],"picked":"Shrug It Off","floor":8.0},{"not_picked":["Sever Soul+1","Perfected Strike+1"],"picked":"Double Tap","floor":11.0},{"not_picked":["Entrench","Brutality+1"],"picked":"True Grit","floor":14.0},{"not_picked":["Juggernaut+1","Limit Break"],"picked":"Double Tap","floor":16.0},{"not_picked":["Body Slam+1","Pommel Strike+1"],"picked":"Metallicize+1","floor":18.0},{"not_picked":["Clothesline+1","Whirlwind+1"],"picked":"Iron Wave+1","floor":19.0},{"not_picked":["Wild Strike+1","Iron Wave+1"],"picked":"Clothesline+1","floor":21.0},{"not_picked":["Cleave+1","Entrench"],"picked":"Shrug It Off","floor":27.0},{"not_picked":["Rupture+1","Headbutt+1"],"picked":"Dropkick+1","floor":29.0},{"not_picked":["Whirlwind+1","Shockwave+1"],"picked":"Shrug It Off+1","floor":31.0},{"not_picked":["Reaper+1","Exhume"],"picked":"Fiend Fire+1","floor":33.0},{"not_picked":["Anger+1","Havoc"],"picked":"Body Slam+1","floor":35.0},{"not_picked":["Hemokinesis+1","Cleave+1"],"picked":"Offering","floor":38.0},{"not_picked":["Warcry","Searing Blow+1"],"picked":"Body Slam+1","floor":40.0},{"not_picked":["Headbutt+1","Infernal Blade"],"picked":"Whirlwind+1","floor":42.0},{"not_picked":["Enlightenment","Mayhem+1"],"picked":"Magnetism+1","floor":47.0}],"player_experience":1271868,"relics_obtained":[{"floor":7.0,"key":"Mummified Hand"},{"floor":9.0,"key":"Molten Egg 2"},{"floor":11.0,"key":"Frozen Egg 2"},{"floor":14.0,"key":"Happy Flower"},{"floor":26.0,"key":"Vajra"},{"floor":27.0,"key":"Regal Pillow"},{"floor":40.0,"key":"PreservedInsect"},{"floor":43.0,"key":"Letter Opener"},{"floor":44.0,"key":"Art of War"}],"event_choices":[{"damage_healed":0.0,"max_hp_gain":0.0,"max_hp_loss":0.0,"gold_gain":0.0,"cards_transformed":["Strike_R"],"event_name":"Transmorgrifier","player_choice":"Transformed","floor":2.0,"gold_loss":0.0,"damage_taken":0.0,"cards_obtained":["Immolate"]},{"damage_healed":0.0,"max_hp_gain":0.0,"max_hp_loss":0.0,"gold_gain":0.0,"event_name":"Upgrade Shrine","player_choice":"Upgraded","floor":13.0,"gold_loss":0.0,"damage_taken":0.0,"cards_upgraded":["Shockwave"]},{"damage_healed":0.0,"max_hp_gain":0.0,"max_hp_loss":0.0,"gold_gain":0.0,"event_name":"Vampires","player_choice":"Ignored","floor":22.0,"gold_loss":0.0,"damage_taken":0.0},{"damage_healed":0.0,"max_hp_gain":0.0,"max_hp_loss":0.0,"gold_gain":0.0,"cards_transformed":["Strike_R","Strike_R"],"event_name":"Designer","player_choice":"Transformed Cards","floor":28.0,"gold_loss":75.0,"damage_taken":0.0,"cards_obtained":["Hemokinesis","Entrench"]},{"damage_healed":0.0,"max_hp_gain":0.0,"max_hp_loss":0.0,"gold_gain":0.0,"event_name":"SensoryStone","player_choice":"Memory 3","floor":47.0,"gold_loss":0.0,"damage_taken":10.0}],"is_beta":true,"boss_relics":[{"not_picked":["Eternal Feather","White Beast Statue"],"picked":"Fusion Hammer"},{"not_picked":["Orrery","Runic Pyramid"],"picked":"Sozu"}],"items_purged_floors":[12],"is_endless":false,"potions_floor_spawned":[4,11,14,27,29,30,33,35,42],"killed_by":"Awakened One","ascension_level":20}