{"gold_per_floor":[11,27,38,38,38,38,72,72,151,186,214,214,232,232,232,333,333,351,364,364],"floor_reached":20,"playtime":1369,"items_purged":[],"score":200,"play_id":"c9961c57-e3e6-434c-94e9-edbde5037c0a","local_time":"20180709183758","is_ascension_mode":true,"campfire_choices":[{"data":"Neutralize","floor":6,"key":"SMITH"},{"data":"Dagger Spray","floor":8,"key":"SMITH"},{"data":"Cloak And Dagger","floor":12,"key":"SMITH"},{"floor":15,"key":"REST"}],"neow_cost":"NO_GOLD","seed_source_timestamp":0,"circlet_count":0,"master_deck":["Defend_G","Defend_G","Defend_G","Defend_G+1","Defend_G","Strike_G+1","Strike_G","Strike_G","Strike_G","Strike_G","Survivor","Neutralize+1","Leg Sweep","Dagger Spray+1","Blur","Dodge and Roll","Bouncing Flask","Cloak And Dagger+1","Dagger Spray","Corpse Explosion","Skewer"],"special_seed":17721,"relics":["Ring of the Snake","Ice Cream","Ancient Tea Set","Bottled Flame","Sundial","Odd Mushroom","Runic Pyramid"],"potions_floor_usage":[2,16,20],"damage_taken":[{"damage":5,"enemies":"Small Slimes","floor":1,"turns":3},{"damage":0,"enemies":"Jaw Worm","floor":2,"turns":5},{"damage":0,"enemies":"2 Louse","floor":3,"turns":2},{"damage":12,"enemies":"3 Sentries","floor":7,"turns":9},{"damage":19,"enemies":"Gremlin Nob","floor":10,"turns":6},{"damage":8,"floor":11,"turns":4},{"damage":0,"enemies":"Large Slime","floor":13,"turns":5},{"damage":11,"enemies":"Hexaghost","floor":16,"turns":11},{"damage":31,"enemies":"2 Thieves","floor":18,"turns":4},{"damage":27,"enemies":"Spheric Guardian","floor":19,"turns":6},{"damage":31,"enemies":"Snake Plant","floor":20,"turns":4}],"seed_played":"2365577451791200373","potions_obtained":[{"floor":1,"key":"Block Potion"},{"floor":2,"key":"FairyPotion"},{"floor":11,"key":"GamblersBrew"},{"floor":13,"key":"Energy Potion"}],"is_trial":false,"path_per_floor":["M","M","M","$","?","R","E","R","T","E","?","R","M","?","R","B",null,"M","M"],"character_chosen":"THE_SILENT","items_purchased":[],"campfire_rested":1,"item_purchase_floors":[],"current_hp_per_floor":[65,65,65,65,70,70,58,58,58,39,31,31,31,16,38,27,75,44,17,0],"gold":364,"neow_bonus":"ONE_RARE_RELIC","is_prod":false,"is_daily":false,"chose_seed":false,"campfire_upgraded":3,"win_rate":0,"timestamp":1531175878,"path_taken":["M","M","M","$","?","R","E","R","T","E","?","R","M","?","R","BOSS","M","M","M"],"build_version":"2018-07-05","purchased_purges":0,"victory":false,"max_hp_per_floor":[70,70,70,70,75,75,75,75,75,75,75,75,75,75,75,75,75,75,75,75],"card_choices":[{"not_picked":["Dagger Spray","Flying Knee"],"picked":"Leg Sweep","floor":1},{"not_picked":["Flechettes","Underhanded Strike"],"picked":"Dagger Spray","floor":2},{"not_picked":["Slice","Deflect"],"picked":"Blur","floor":3},{"not_picked":["Prepared","Night Terror"],"picked":"Dodge and Roll","floor":7},{"not_picked":["Bane","Envenom"],"picked":"Bouncing Flask","floor":10},{"not_picked":["Flying Knee","Slice"],"picked":"Cloak And Dagger","floor":11},{"not_picked":["Expertise","Quick Slash"],"picked":"Dagger Spray","floor":13},{"not_picked":["Storm of Steel","Burst"],"picked":"Corpse Explosion","floor":16},{"not_picked":["Poisoned Stab","Dagger Throw","Acrobatics"],"picked":"SKIP","floor":18},{"not_picked":["Malaise","Infinite Blades"],"picked":"Skewer","floor":19}],"player_experience":250493,"relics_obtained":[{"floor":7,"key":"Ancient Tea Set"},{"floor":9,"key":"Bottled Flame"},{"floor":10,"key":"Sundial"},{"floor":11,"key":"Odd Mushroom"}],"event_choices":[{"event_name":"Big Fish","player_choice":"Donut","floor":5,"damage_taken":0},{"event_name":"Mushrooms","player_choice":"Fought Mushrooms","floor":11,"damage_taken":0},{"event_name":"Shining Light","player_choice":"Entered Light","floor":14,"damage_taken":0}],"boss_relics":[{"not_picked":["Eternal Feather","Tiny House"],"picked":"Runic Pyramid"}],"items_purged_floors":[],"is_endless":false,"potions_floor_spawned":[1,2,11,13],"killed_by":"Snake Plant","ascension_level":2}