{"gold_per_floor":[118,135,135,60,75,102,118,180,204,217,236,236,236,255,255,255],"floor_reached":16,"playtime":1186,"items_purged":[],"score":205,"play_id":"58aa0da0-7680-42ca-b9be-d542112d077f","local_time":"20190712200058","is_ascension_mode":true,"campfire_choices":[{"floor":12,"key":"REST"},{"floor":15,"key":"REST"}],"neow_cost":"NONE","seed_source_timestamp":224998331320224,"circlet_count":0,"master_deck":["AscendersBane","Strike_G","Strike_G","Strike_G","Defend_G","Defend_G","Defend_G","Defend_G","Defend_G","Survivor","Neutralize","Footwork","Adrenaline","Poisoned Stab","Blade Dance","Acrobatics","Caltrops","Leg Sweep","Dagger Spray","Footwork"],"relics":["Ring of the Snake","Tough Bandages","Tiny Chest","Oddly Smooth Stone"],"potions_floor_usage":[8,10,11,16],"damage_taken":[{"damage":4,"enemies":"Small Slimes","floor":1,"turns":6},{"damage":3,"enemies":"2 Louse","floor":2,"turns":4},{"damage":5,"enemies":"Cultist","floor":5,"turns":7},{"damage":47,"enemies":"Lagavulin","floor":6,"turns":13},{"damage":1,"enemies":"Red Slaver","floor":7,"turns":6},{"damage":3,"enemies":"3 Sentries","floor":8,"turns":16},{"damage":0,"enemies":"3 Louse","floor":10,"turns":2},{"damage":0,"enemies":"Exordium Wildlife","floor":11,"turns":8},{"damage":0,"enemies":"Looter","floor":14,"turns":4},{"damage":46,"enemies":"Slime Boss","floor":16,"turns":13}],"seed_played":"-3551572157752342102","potions_obtained":[{"floor":7,"key":"GhostInAJar"},{"floor":8,"key":"AttackPotion"},{"floor":10,"key":"Dexterity Potion"},{"floor":14,"key":"Weak Potion"}],"is_trial":false,"path_per_floor":["M","M","?","?","M","E","M","E","T","M","M","R","?","M","R","B"],"character_chosen":"THE_SILENT","items_purchased":[],"campfire_rested":2,"item_purchase_floors":[],"current_hp_per_floor":[55,52,57,57,52,5,4,1,1,1,1,22,22,22,43,0],"gold":255,"neow_bonus":"REMOVE_CARD","is_prod":false,"is_daily":false,"chose_seed":false,"campfire_upgraded":0,"win_rate":0,"timestamp":1562979658,"path_taken":["M","M","?","?","M","E","M","E","T","M","M","R","?","M","R","BOSS"],"build_version":"2019-07-05","purchased_purges":0,"victory":false,"max_hp_per_floor":[66,66,71,71,71,71,71,71,71,71,71,71,71,71,71,71],"card_choices":[{"not_picked":["Sucker Punch","Dagger Spray"],"picked":"Footwork","floor":1},{"not_picked":["Deflect","Outmaneuver"],"picked":"Adrenaline","floor":2},{"not_picked":["Deflect","Flying Knee"],"picked":"Poisoned Stab","floor":5},{"not_picked":["Flying Knee","Well Laid Plans"],"picked":"Blade Dance","floor":6},{"not_picked":["Well Laid Plans","Backflip"],"picked":"Acrobatics","floor":7},{"not_picked":["Catalyst","PiercingWail"],"picked":"Caltrops","floor":8},{"not_picked":["Acrobatics","Distraction"],"picked":"Leg Sweep","floor":10},{"not_picked":["Wraith Form v2","Endless Agony"],"picked":"Dagger Spray","floor":11},{"not_picked":["Dagger Throw","Backflip"],"picked":"Footwork","floor":14}],"player_experience":856701,"relics_obtained":[{"floor":6,"key":"Tough Bandages"},{"floor":8,"key":"Tiny Chest"},{"floor":9,"key":"Oddly Smooth Stone"}],"event_choices":[{"damage_healed":0,"gold_gain":0,"player_choice":"Donut","damage_taken":0,"max_hp_gain":5,"max_hp_loss":0,"event_name":"Big Fish","floor":3,"gold_loss":0},{"cards_removed":["Strike_G"],"damage_healed":0,"gold_gain":0,"player_choice":"Card Removal","damage_taken":0,"max_hp_gain":0,"max_hp_loss":0,"event_name":"The Cleric","floor":4,"gold_loss":75},{"damage_healed":0,"gold_gain":0,"player_choice":"Ignored","damage_taken":0,"max_hp_gain":0,"max_hp_loss":0,"event_name":"Shining Light","floor":13,"gold_loss":0}],"is_beta":false,"boss_relics":[],"items_purged_floors":[],"is_endless":false,"potions_floor_spawned":[7,8,10,14],"killed_by":"Slime Boss","ascension_level":16}