{"gold_per_floor":[110,125,145,23,38,38,65,45,70,100,100,119,142,142,142,213,213,203,2,2,12,12,12,27,54,54,67,67,67,67,67,67,142,142,154,154,29,42,42,42,75,75,151,151,151,170,181,210,210,210],"floor_reached":51,"playtime":2430,"items_purged":["Strike_B"],"score":1748,"play_id":"811f62b6-0fb3-4074-a3b1-83696f881f2d","local_time":"20180715230159","is_ascension_mode":true,"campfire_choices":[{"data":"Rainbow","floor":6.0,"key":"SMITH"},{"data":"Defragment","floor":11.0,"key":"SMITH"},{"floor":15,"key":"REST"},{"data":"Rainbow","floor":23,"key":"SMITH"},{"floor":30,"key":"REST"},{"floor":32,"key":"REST"},{"floor":40,"key":"REST"},{"floor":42,"key":"REST"},{"data":"Buffer","floor":45,"key":"SMITH"},{"data":"Hello World","floor":49,"key":"SMITH"}],"neow_cost":"NONE","seed_source_timestamp":334752758954709,"circlet_count":0,"master_deck":["Strike_B+1","Strike_B+1","Strike_B","Defend_B","Defend_B","Defend_B","Defend_B+1","Zap","Dualcast","AscendersBane","Ball Lightning+1","Auto Shields","Darkness","Stack","Rainbow+1","Defragment+1","Coolheaded","Stack","Stack","Rainbow+1","Coolheaded","Loop","Leap+1","Stack+1","Skim","Fission","Compile Driver","Conserve Battery","Conserve Battery","Self Repair","Buffer+1","Hello World+1"],"special_seed":0,"relics":["Velvet Choker","Bag of Preparation","Whetstone","Centennial Puzzle","Regal Pillow","Runic Dome","Medical Kit","Omamori","Ice Cream","Nilry\u0027s Codex","Lizard Tail","Incense Burner","Darkstone Periapt","Singing Bowl","Juzu Bracelet"],"potions_floor_usage":[25,50],"damage_taken":[{"damage":5.0,"enemies":"Small Slimes","floor":1.0,"turns":3.0},{"damage":1.0,"enemies":"Cultist","floor":2.0,"turns":4.0},{"damage":2.0,"enemies":"2 Louse","floor":3.0,"turns":3.0},{"damage":9.0,"enemies":"Red Slaver","floor":5.0,"turns":5.0},{"damage":8.0,"enemies":"3 Sentries","floor":7.0,"turns":6.0},{"damage":6.0,"enemies":"Lagavulin","floor":10.0,"turns":6.0},{"damage":2.0,"enemies":"Exordium Thugs","floor":12.0,"turns":4.0},{"damage":13,"enemies":"Slime Boss","floor":16,"turns":7},{"damage":10,"enemies":"2 Thieves","floor":18,"turns":4},{"damage":8,"enemies":"Spheric Guardian","floor":21,"turns":4},{"damage":13,"enemies":"Cultist and Chosen","floor":24,"turns":5},{"damage":25,"enemies":"Gremlin Leader","floor":25,"turns":10},{"damage":0,"enemies":"3 Cultists","floor":27,"turns":6},{"damage":0,"enemies":"Champ","floor":33,"turns":14},{"damage":43,"enemies":"Orb Walker","floor":35,"turns":7},{"damage":10,"floor":36,"turns":9},{"damage":7,"enemies":"Flame Bruiser 1 Orb","floor":38,"turns":9},{"damage":104,"enemies":"Giant Head","floor":41,"turns":13},{"damage":63,"enemies":"Transient","floor":46,"turns":5},{"damage":11,"enemies":"Sphere and 2 Shapes","floor":47,"turns":6},{"damage":0,"enemies":"Nemesis","floor":48,"turns":11},{"damage":33,"enemies":"Time Eater","floor":50,"turns":14}],"seed_played":"3199062671014650920","potions_obtained":[{"floor":1.0,"key":"FairyPotion"},{"floor":2.0,"key":"SteroidPotion"},{"floor":8.0,"key":"Fire Potion"},{"floor":25,"key":"Strength Potion"},{"floor":41,"key":"FearPotion"}],"is_trial":false,"path_per_floor":["M","M","M","$","M","R","E","?","T","E","R","M","T","?","R","B",null,"M","$","?","M","$","R","M","E","T","M","?","?","R","?","R","B",null,"M","?","$","M","$","R","E","R","T","?","R","M","M","E","R","B"],"character_chosen":"DEFECT","items_purchased":["Stack","Rainbow","Medical Kit","Conserve Battery"],"campfire_rested":5,"item_purchase_floors":[4,4,19,37],"current_hp_per_floor":[59,58,56,56,47,47,39,39,39,33,33,31,31,10,46,33,62,52,52,52,44,44,44,31,6,6,6,6,6,42,21,57,57,68,32,22,22,15,15,51,14,50,50,50,50,51,47,56,56,30],"gold":210,"neow_bonus":"BOSS_RELIC","is_prod":false,"is_daily":false,"chose_seed":false,"campfire_upgraded":5,"win_rate":0,"timestamp":1531720919,"path_taken":["M","M","M","$","M","R","E","?","T","E","R","?","?","?","R","BOSS","M","$","?","?","?","R","?","E","T","M","?","?","R","?","R","BOSS","M","?","$","M","$","R","E","R","T","?","R","M","?","E","R","BOSS"],"build_version":"2018-07-13","purchased_purges":1,"victory":true,"max_hp_per_floor":[71,71,71,71,71,71,71,71,71,71,71,71,71,71,71,71,71,71,71,71,71,71,71,71,71,71,71,71,71,71,71,71,71,71,71,71,71,71,71,71,71,71,71,71,71,73,73,75,75,75],"card_choices":[{"not_picked":["FTL","Hologram"],"picked":"Ball Lightning","floor":1.0},{"not_picked":["Go for the Eyes","Storm"],"picked":"Auto Shields","floor":2.0},{"not_picked":["FTL","Gash"],"picked":"Darkness","floor":3.0},{"not_picked":["Hologram","Auto Shields"],"picked":"Defragment","floor":5.0},{"not_picked":["Storm","Gash"],"picked":"Coolheaded","floor":7.0},{"not_picked":["Turbo","Biased Cognition"],"picked":"Stack","floor":10.0},{"not_picked":["Lockon","Consume"],"picked":"Stack","floor":12.0},{"not_picked":["Fission","Thunder Strike"],"picked":"Rainbow","floor":16},{"not_picked":["Ball Lightning","Consume"],"picked":"Coolheaded","floor":18},{"not_picked":["Rebound+1","Darkness"],"picked":"Loop","floor":21},{"not_picked":["Beam Cell","Hello World"],"picked":"Leap+1","floor":24},{"not_picked":["Steam","Cold Snap+1"],"picked":"Stack+1","floor":25},{"not_picked":["Sunder","Scrape+1"],"picked":"Skim","floor":27},{"not_picked":["Thunder Strike","Hyperbeam"],"picked":"Fission","floor":33},{"not_picked":["Rebound","Cold Snap+1"],"picked":"Compile Driver","floor":35},{"not_picked":["Doom and Gloom","Barrage"],"picked":"Conserve Battery","floor":36},{"not_picked":["Leap","Steam Power"],"picked":"Self Repair","floor":38},{"not_picked":["Static Discharge","Chaos"],"picked":"Buffer","floor":41},{"not_picked":["Ball Lightning","Gash+1","Go for the Eyes"],"picked":"Singing Bowl","floor":46},{"not_picked":["Cold Snap","Skim"],"picked":"Hello World","floor":47},{"not_picked":["Rip and Tear","Barrage+1","Aggregate+1"],"picked":"Singing Bowl","floor":48}],"player_experience":653491,"relics_obtained":[{"floor":7.0,"key":"Bag of Preparation"},{"floor":9.0,"key":"Whetstone"},{"floor":10.0,"key":"Centennial Puzzle"},{"floor":13.0,"key":"Regal Pillow"},{"floor":25,"key":"Omamori"},{"floor":26,"key":"Ice Cream"},{"floor":31,"key":"Nilry\u0027s Codex"},{"floor":36,"key":"Incense Burner"},{"floor":41,"key":"Darkstone Periapt"},{"floor":43,"key":"Singing Bowl"},{"floor":48,"key":"Juzu Bracelet"}],"event_choices":[{"event_name":"The Woman in Blue","player_choice":"Bought 1 Potion","floor":8.0,"damage_taken":0.0},{"event_name":"Shining Light","player_choice":"Entered Light","floor":14,"damage_taken":0},{"event_name":"Ghosts","player_choice":"Ignored","floor":20,"damage_taken":0},{"event_name":"Beggar","player_choice":"Ignored","floor":28,"damage_taken":0},{"event_name":"Drug Dealer","player_choice":"Ignored","floor":29,"damage_taken":0},{"event_name":"Cursed Tome","player_choice":"Obtained Book","floor":31,"damage_taken":0},{"event_name":"MindBloom","player_choice":"Fight","floor":36,"damage_taken":0},{"event_name":"Mysterious Sphere","player_choice":"Ignore","floor":44,"damage_taken":0}],"boss_relics":[{"not_picked":["Orrery","Philosopher\u0027s Stone"],"picked":"Runic Dome"},{"not_picked":["White Beast Statue","Cursed Key"],"picked":"Lizard Tail"}],"items_purged_floors":[37],"is_endless":false,"potions_floor_spawned":[1,2,3,24,25,41,46,47,48],"ascension_level":15}