{"gold_per_floor":[113,113,188,338,338,338,368,368,368,34,50,50,50],"floor_reached":13,"playtime":174,"items_purged":["Pain"],"score":208,"play_id":"28857b9f-c9df-408a-85b3-db25eb546f45","local_time":"20190103005752","is_ascension_mode":true,"campfire_choices":[{"data":"Neutralize","floor":6,"key":"SMITH"},{"data":"Distraction","floor":8,"key":"SMITH"},{"floor":12,"key":"REST"}],"neow_cost":"NONE","seed_source_timestamp":23565561744683,"circlet_count":0,"master_deck":["AscendersBane","Defend_G","Defend_G","Defend_G","Defend_G","Defend_G","Strike_G+1","Strike_G","Strike_G","Strike_G","Strike_G+1","Survivor","Neutralize+1","Distraction+1","Doubt","Dodge and Roll","Backstab"],"relics":["Ring of the Snake","NeowsBlessing","WarpedTongs","Dream Catcher","Mummified Hand","OrangePellets"],"potions_floor_usage":[],"damage_taken":[{"damage":0,"enemies":"Jaw Worm","floor":1,"turns":1},{"damage":1,"enemies":"3 Sentries","floor":7,"turns":2},{"damage":0,"enemies":"2 Louse","floor":11,"turns":1},{"damage":38,"enemies":"Lagavulin","floor":13,"turns":12}],"seed_played":"-6058895988582537137","potions_obtained":[],"is_trial":false,"path_per_floor":["M","?","?","?","?","R","E","R","T","$","M","R","E"],"character_chosen":"THE_SILENT","items_purchased":["OrangePellets","Dodge and Roll"],"campfire_rested":1,"item_purchase_floors":[10,10],"current_hp_per_floor":[59,39,28,28,28,28,27,27,27,27,27,46,8],"gold":50,"neow_bonus":"THREE_ENEMY_KILL","is_prod":false,"is_daily":false,"chose_seed":false,"campfire_upgraded":2,"win_rate":0,"timestamp":1546505872,"path_taken":["M","?","?","?","?","R","E","R","T","$","M","R","E"],"build_version":"2019-01-01v2","purchased_purges":1,"victory":false,"max_hp_per_floor":[66,66,66,66,66,66,66,66,66,66,66,66,66],"card_choices":[{"not_picked":["Dagger Spray","Slice"],"picked":"Distraction","floor":1},{"not_picked":["Blade Dance","Bane"],"picked":"Backstab","floor":11}],"player_experience":1017363,"relics_obtained":[{"floor":7,"key":"Dream Catcher"},{"floor":9,"key":"Mummified Hand"}],"event_choices":[{"damage_healed":0,"gold_gain":0,"player_choice":"Entered Light","damage_taken":20,"max_hp_gain":0,"max_hp_loss":0,"event_name":"Shining Light","floor":2,"gold_loss":0,"cards_upgraded":["Strike_G","Strike_G"]},{"damage_healed":0,"gold_gain":75,"player_choice":"Gather Gold","damage_taken":11,"max_hp_gain":0,"max_hp_loss":0,"event_name":"World of Goop","floor":3,"gold_loss":0},{"damage_healed":0,"gold_gain":150,"player_choice":"AGREE","damage_taken":0,"max_hp_gain":0,"max_hp_loss":0,"event_name":"Liars Game","floor":4,"gold_loss":0,"cards_obtained":["Doubt"]},{"damage_healed":0,"gold_gain":0,"player_choice":"Rummage","damage_taken":0,"relics_obtained":["WarpedTongs"],"max_hp_gain":0,"max_hp_loss":0,"event_name":"Accursed Blacksmith","floor":5,"gold_loss":0,"cards_obtained":["Pain"]}],"is_beta":true,"boss_relics":[],"items_purged_floors":[10],"is_endless":false,"potions_floor_spawned":[],"killed_by":"Lagavulin","ascension_level":20}