{"gold_per_floor":[116,116,126,126,47,47,76,76,160,185,205,221,221,250,250,329,329,347,164,164,164,174,208,208,219,244,244,277,277,277,291,291,291],"floor_reached":33,"playtime":782,"items_purged":["Strike_G"],"score":656,"play_id":"68c504ed-32a3-4eca-92ad-085674b2e515","local_time":"20190103175044","is_ascension_mode":true,"campfire_choices":[{"data":"Predator","floor":6,"key":"SMITH"},{"data":"Noxious Fumes","floor":8,"key":"SMITH"},{"data":"Malaise","floor":15,"key":"SMITH"},{"floor":24,"key":"DIG"},{"floor":27,"key":"DIG"},{"floor":30,"key":"DIG"},{"floor":32,"key":"DIG"}],"neow_cost":"NONE","seed_source_timestamp":52973890071426,"circlet_count":0,"master_deck":["AscendersBane","Defend_G","Defend_G","Defend_G","Defend_G","Defend_G","Strike_G","Strike_G","Strike_G","Survivor","Neutralize+1","Predator+1","Dagger Throw","Noxious Fumes+1","Backstab","Noxious Fumes","Bane","Infinite Blades","Malaise+1","Corpse Explosion","Footwork","Dodge and Roll","Backflip+1"],"relics":["Ring of the Snake","NeowsBlessing","Omamori","Smiling Mask","Tiny Chest","Meat on the Bone","Anchor","Busted Crown","Shovel","Question Card","Thread and Needle","Bronze Scales","Blood Vial","Art of War","Bag of Preparation","Potion Belt"],"potions_floor_usage":[23,23,29],"damage_taken":[{"damage":0,"enemies":"2 Louse","floor":1,"turns":1},{"damage":0,"enemies":"Cultist","floor":3,"turns":1},{"damage":0,"enemies":"Lagavulin","floor":7,"turns":1},{"damage":30,"enemies":"Gremlin Nob","floor":10,"turns":4},{"damage":0,"enemies":"Small Slimes","floor":11,"turns":2},{"damage":11,"enemies":"Exordium Wildlife","floor":12,"turns":4},{"damage":10,"enemies":"Lagavulin","floor":14,"turns":5},{"damage":4,"enemies":"Hexaghost","floor":16,"turns":10},{"damage":8,"enemies":"Shell Parasite","floor":18,"turns":6},{"damage":3,"enemies":"Chosen","floor":22,"turns":5},{"damage":6,"enemies":"Slavers","floor":23,"turns":4},{"damage":0,"enemies":"Centurion and Healer","floor":25,"turns":5},{"damage":5,"enemies":"Book of Stabbing","floor":28,"turns":5},{"damage":0,"enemies":"Chosen and Byrds","floor":29,"turns":2},{"damage":0,"enemies":"3 Cultists","floor":31,"turns":3},{"damage":30,"enemies":"Collector","floor":33,"turns":6}],"seed_played":"2584030115520120646","potions_obtained":[{"floor":1,"key":"SteroidPotion"},{"floor":11,"key":"Fire Potion"},{"floor":14,"key":"Explosive Potion"},{"floor":28,"key":"SmokeBomb"}],"is_trial":false,"path_per_floor":["M","?","M","?","$","R","E","R","T","E","M","M","?","E","R","B",null,"M","$","?","?","M","E","R","M","T","R","E","M","R","M","R","B"],"character_chosen":"THE_SILENT","items_purchased":["Noxious Fumes","Footwork","Dodge and Roll"],"campfire_rested":0,"item_purchase_floors":[5,19,19],"current_hp_per_floor":[59,59,59,59,59,59,59,59,59,29,41,42,35,37,37,45,61,53,53,53,53,50,44,44,44,44,44,41,43,43,45,45,17],"gold":291,"neow_bonus":"THREE_ENEMY_KILL","is_prod":false,"is_daily":false,"chose_seed":false,"campfire_upgraded":3,"win_rate":0,"timestamp":1546566644,"path_taken":["M","?","?","?","$","R","E","R","T","E","M","M","?","E","R","BOSS","M","$","?","?","M","E","R","?","T","R","E","M","R","M","R","BOSS"],"build_version":"2019-01-02","purchased_purges":1,"victory":false,"max_hp_per_floor":[66,66,66,66,66,66,66,66,66,66,66,66,66,66,66,66,66,66,66,66,66,66,66,66,66,66,66,66,66,66,66,66,66],"card_choices":[{"not_picked":["Skewer","All Out Attack"],"picked":"Predator","floor":1},{"not_picked":["Prepared","Bouncing Flask"],"picked":"Dagger Throw","floor":3},{"not_picked":["Dagger Spray","Blur"],"picked":"Backstab","floor":7},{"not_picked":["Blur","Poisoned Stab"],"picked":"Noxious Fumes","floor":10},{"not_picked":["Blade Dance","Escape Plan"],"picked":"Bane","floor":11},{"not_picked":["Concentrate","Well Laid Plans"],"picked":"Infinite Blades","floor":12},{"not_picked":["Deflect","Quick Slash"],"picked":"Malaise","floor":14},{"not_picked":["Night Terror","Doppelganger"],"picked":"Corpse Explosion","floor":16},{"not_picked":["Prepared"],"picked":"SKIP","floor":22},{"not_picked":["Predator"],"picked":"Backflip+1","floor":25}],"player_experience":1005390,"relics_obtained":[{"floor":7,"key":"Smiling Mask"},{"floor":9,"key":"Tiny Chest"},{"floor":10,"key":"Meat on the Bone"},{"floor":14,"key":"Anchor"},{"floor":23,"key":"Question Card"},{"floor":24,"key":"Thread and Needle"},{"floor":26,"key":"Bronze Scales"},{"floor":27,"key":"Blood Vial"},{"floor":28,"key":"Art of War"},{"floor":30,"key":"Bag of Preparation"},{"floor":32,"key":"Potion Belt"}],"event_choices":[{"damage_healed":0,"gold_gain":0,"player_choice":"Gave Potion","damage_taken":0,"relics_obtained":["Omamori"],"max_hp_gain":0,"max_hp_loss":0,"event_name":"WeMeetAgain","floor":2,"gold_loss":0},{"damage_healed":0,"gold_gain":0,"player_choice":"Grow","damage_taken":0,"max_hp_gain":0,"max_hp_loss":0,"event_name":"Living Wall","floor":4,"gold_loss":0,"cards_upgraded":["Neutralize"]},{"cards_removed":["Strike_G"],"damage_healed":0,"gold_gain":0,"player_choice":"Card Removal","damage_taken":7,"max_hp_gain":0,"max_hp_loss":0,"event_name":"Golden Wing","floor":13,"gold_loss":0},{"damage_healed":0,"gold_gain":0,"player_choice":"Stole Relic","damage_taken":0,"relics_obtained":["Shovel"],"max_hp_gain":0,"max_hp_loss":0,"event_name":"Addict","floor":20,"gold_loss":0,"cards_obtained":["Shame"]},{"damage_healed":0,"gold_gain":0,"player_choice":"Got Potions","damage_taken":0,"max_hp_gain":0,"max_hp_loss":0,"event_name":"Lab","floor":21,"gold_loss":0}],"is_beta":true,"boss_relics":[{"not_picked":["WristBlade","White Beast Statue"],"picked":"Busted Crown"}],"items_purged_floors":[19],"is_endless":false,"potions_floor_spawned":[1,11,14,22,28,29],"killed_by":"Collector","ascension_level":20}