{"gold_per_floor":[111,111,111,111,136,136,180,21,21,52,76,2,2,18,18,18],"floor_reached":16,"playtime":313,"items_purged":[],"score":266,"play_id":"76032d4f-b3cb-4386-94ec-d73ccff977f4","local_time":"20190202171406","is_ascension_mode":true,"campfire_choices":[{"data":"Malaise","floor":6,"key":"SMITH"},{"data":"Reflex","floor":13,"key":"SMITH"},{"data":"Noxious Fumes","floor":15,"key":"SMITH"}],"neow_cost":"NONE","seed_source_timestamp":53137864871748,"circlet_count":0,"master_deck":["AscendersBane","Defend_G","Defend_G","Defend_G+1","Defend_G","Strike_G","Strike_G","Strike_G","Strike_G","Strike_G","Survivor","Neutralize+1","Deflect","Concentrate+1","Malaise+1","Leg Sweep","Reflex+1","Underhanded Strike","Dagger Throw","Leg Sweep","Underhanded Strike","Reflex","Noxious Fumes+1"],"relics":["Ring of the Snake","NeowsBlessing","Golden Idol","Lantern","War Paint","Letter Opener"],"potions_floor_usage":[10,16],"damage_taken":[{"damage":0,"enemies":"2 Louse","floor":1,"turns":1},{"damage":0,"enemies":"Jaw Worm","floor":5,"turns":1},{"damage":0,"enemies":"Lagavulin","floor":7,"turns":1},{"damage":26,"enemies":"Gremlin Nob","floor":10,"turns":6},{"damage":0,"enemies":"Cultist","floor":11,"turns":4},{"damage":0,"enemies":"Lots of Slimes","floor":14,"turns":6},{"damage":0,"enemies":"The Guardian","floor":16,"turns":6}],"seed_played":"6224818710401600014","potions_obtained":[{"floor":7,"key":"AttackPotion"},{"floor":10,"key":"GhostInAJar"}],"is_trial":false,"path_per_floor":["M","?","?","?","M","R","E","$","T","E","M","$","R","M","R","B"],"character_chosen":"THE_SILENT","items_purchased":["Reflex","Underhanded Strike","Dagger Throw","Reflex"],"campfire_rested":0,"item_purchase_floors":[8,8,8,12],"current_hp_per_floor":[59,59,59,59,59,59,59,59,59,33,33,33,33,33,33,33],"gold":18,"neow_bonus":"THREE_ENEMY_KILL","is_prod":false,"is_daily":false,"chose_seed":false,"campfire_upgraded":3,"win_rate":0,"timestamp":1549156446,"path_taken":["M","?","?","?","?","R","E","$","T","E","M","?","R","M","R","BOSS"],"build_version":"2019-01-23","purchased_purges":0,"victory":false,"max_hp_per_floor":[66,66,60,60,60,60,60,60,60,60,60,60,60,60,60,60],"card_choices":[{"not_picked":["Slice","Underhanded Strike"],"picked":"Deflect","floor":1},{"not_picked":["Dodge and Roll","Deadly Poison"],"picked":"Malaise","floor":5},{"not_picked":["Eviscerate","PiercingWail"],"picked":"Leg Sweep","floor":7},{"not_picked":["Deadly Poison","Blade Dance"],"picked":"Leg Sweep","floor":10},{"not_picked":["Slice","All Out Attack"],"picked":"Underhanded Strike","floor":11},{"not_picked":["Infinite Blades","Choke"],"picked":"Noxious Fumes","floor":14}],"player_experience":1110323,"relics_obtained":[{"floor":7,"key":"Lantern"},{"floor":9,"key":"War Paint"},{"floor":10,"key":"Letter Opener"}],"event_choices":[{"damage_healed":0,"gold_gain":0,"player_choice":"Grow","damage_taken":0,"max_hp_gain":0,"max_hp_loss":0,"event_name":"Living Wall","floor":2,"gold_loss":0,"cards_upgraded":["Neutralize"]},{"damage_healed":0,"gold_gain":0,"player_choice":"Lose Max HP","damage_taken":0,"relics_obtained":["Golden Idol"],"max_hp_gain":0,"max_hp_loss":6,"event_name":"Golden Idol","floor":3,"gold_loss":0},{"damage_healed":0,"gold_gain":0,"cards_transformed":["Defend_G"],"player_choice":"Transformed","damage_taken":0,"max_hp_gain":0,"max_hp_loss":0,"event_name":"Transmorgrifier","floor":4,"gold_loss":0,"cards_obtained":["Concentrate"]}],"is_beta":true,"boss_relics":[],"items_purged_floors":[],"is_endless":false,"potions_floor_spawned":[7,10],"killed_by":"The Guardian","ascension_level":20}