{"gold_per_floor":[109,122,141,155,155,189,189,209,209,209,37,37,37,52,52,172,172,195,179,104,123,45,45,59,59,84,104,147,172,74,74,74,198,198,221,221,221,241,66,66,91,109,109,72,72,92,107,128,128,128,128,128,3,42,42],"floor_reached":55,"playtime":4489,"items_purged":["Writhe","Writhe","Injury"],"score":693,"play_id":"77b70e1f-2fd5-4ee2-b66c-4b53bf3e466a","local_time":"20190706235832","is_ascension_mode":false,"campfire_choices":[{"floor":10,"key":"REST"},{"data":"Neutralize","floor":13,"key":"SMITH"},{"floor":15,"key":"REST"},{"data":"Night Terror","floor":23,"key":"SMITH"},{"data":"Caltrops","floor":25,"key":"SMITH"},{"floor":32,"key":"REST"},{"floor":40,"key":"RECALL"},{"floor":45,"key":"REST"},{"data":"Footwork","floor":49,"key":"SMITH"},{"data":"Footwork","floor":52,"key":"SMITH"}],"neow_cost":"NONE","seed_source_timestamp":466707387568937,"circlet_count":0,"master_deck":["Strike_G","Strike_G","Strike_G","Strike_G","Defend_G","Defend_G","Defend_G","Defend_G","Defend_G","Survivor","Neutralize+1","PiercingWail","Poisoned Stab","Poisoned Stab","Caltrops+1","Footwork+1","Night Terror+1","Crippling Poison+1","Dark Shackles+1","Well Laid Plans","Adrenaline+1","Dagger Spray","Catalyst+1","Infinite Blades+1","Venomology+1","Deadly Poison+1","Dodge and Roll+1","Dodge and Roll+1","Dark Shackles+1","Night Terror+1","Noxious Fumes+1","Deadly Poison+1","Noxious Fumes","Slice+1","Footwork+1","Noxious Fumes+1","Deflect+1","PiercingWail+1","Bullet Time+1"],"relics":["Ring of the Snake","Happy Flower","Golden Idol","Boot","Toxic Egg 2","Calling Bell","Anchor","Pear","Calipers","Blood Vial","Letter Opener","Runic Pyramid","Meat on the Bone","Nunchaku"],"potions_floor_usage":[24,27,28,28,29,29,33,33,35,55,55,55],"damage_taken":[{"damage":0,"enemies":"2 Louse","floor":1,"turns":3},{"damage":5,"enemies":"Jaw Worm","floor":2,"turns":6},{"damage":1,"enemies":"Cultist","floor":3,"turns":4},{"damage":1,"enemies":"Exordium Wildlife","floor":4,"turns":2},{"damage":21,"enemies":"Gremlin Nob","floor":6,"turns":5},{"damage":0,"enemies":"Lots of Slimes","floor":8,"turns":4},{"damage":4,"enemies":"Blue Slaver","floor":14,"turns":4},{"damage":48,"enemies":"Slime Boss","floor":16,"turns":16},{"damage":0,"enemies":"3 Byrds","floor":18,"turns":4},{"damage":9,"enemies":"2 Thieves","floor":19,"turns":4},{"damage":1,"enemies":"Sentry and Sphere","floor":21,"turns":4},{"damage":3,"enemies":"Centurion and Healer","floor":24,"turns":4},{"damage":21,"enemies":"Snecko","floor":27,"turns":5},{"damage":8,"enemies":"Gremlin Leader","floor":28,"turns":5},{"damage":0,"enemies":"Snake Plant","floor":29,"turns":3},{"damage":62,"enemies":"Collector","floor":33,"turns":10},{"damage":14,"enemies":"3 Darklings","floor":35,"turns":7},{"damage":0,"enemies":"Orb Walker","floor":38,"turns":6},{"damage":29,"enemies":"Sphere and 2 Shapes","floor":41,"turns":7},{"damage":0,"enemies":"Maw","floor":42,"turns":7},{"damage":2,"enemies":"4 Shapes","floor":46,"turns":4},{"damage":4,"enemies":"Jaw Worm Horde","floor":47,"turns":5},{"damage":0,"enemies":"Writhing Mass","floor":48,"turns":5},{"damage":26,"enemies":"Awakened One","floor":50,"turns":13},{"damage":12,"enemies":"Shield and Spear","floor":54,"turns":7},{"damage":98,"enemies":"The Heart","floor":55,"turns":5}],"seed_played":"-8355537606292560626","potions_obtained":[{"floor":4,"key":"Energy Potion"},{"floor":8,"key":"EssenceOfSteel"},{"floor":16,"key":"Swift Potion"},{"floor":28,"key":"Ancient Potion"},{"floor":29,"key":"PowerPotion"},{"floor":38,"key":"Strength Potion"},{"floor":41,"key":"Dexterity Potion"}],"is_trial":false,"path_per_floor":["M","M","M","M","?","E","T","M","T","R","$","?","R","M","R","B",null,"M","M","$","M","$","R","M","R","T","M","E","M","$","?","R","B",null,"M","?","?","M","$","R","M","M","T","$","R","M","M","M","R","B",null,"R","$","E","B"],"character_chosen":"THE_SILENT","items_purchased":["Crippling Poison+1","Dark Shackles+1","Venomology+1","Dark Shackles+1","Noxious Fumes","Footwork"],"campfire_rested":4,"item_purchase_floors":[11,11,22,30,39,44],"current_hp_per_floor":[70,65,64,63,46,25,25,25,25,46,46,39,39,35,56,8,80,80,71,71,70,70,70,67,67,67,48,42,44,44,44,68,8,80,66,66,66,68,68,68,41,43,43,43,67,67,65,67,67,43,80,80,80,68,0],"gold":42,"neow_bonus":"RANDOM_COMMON_RELIC","is_prod":false,"is_daily":false,"chose_seed":false,"campfire_upgraded":5,"win_rate":0,"timestamp":1562425112,"path_taken":["M","M","M","M","?","E","?","M","T","R","$","?","R","M","R","BOSS","M","M","$","M","$","R","M","R","T","M","E","M","$","?","R","BOSS","M","?","?","M","$","R","M","M","T","?","R","M","M","?","R","BOSS","R","$","E","BOSS"],"build_version":"2019-07-05","purchased_purges":3,"victory":false,"max_hp_per_floor":[70,70,70,70,70,70,70,70,70,70,70,70,70,70,70,70,80,80,80,80,80,80,80,80,80,80,80,80,80,80,80,80,80,80,80,80,80,80,80,80,80,80,80,80,80,80,80,80,80,80,80,80,80,80,80],"card_choices":[{"not_picked":["Outmaneuver","Bane"],"picked":"PiercingWail","floor":1},{"not_picked":["Expertise","Distraction"],"picked":"Poisoned Stab","floor":2},{"not_picked":["Outmaneuver","Underhanded Strike"],"picked":"Poisoned Stab","floor":3},{"not_picked":["Slice","Backflip"],"picked":"Caltrops","floor":4},{"not_picked":["Bane","Predator"],"picked":"Footwork","floor":6},{"not_picked":["Cloak And Dagger","Choke"],"picked":"Night Terror","floor":8},{"not_picked":["Prepared+1","Slice"],"picked":"Well Laid Plans","floor":14},{"not_picked":["Doppelganger+1","Tools of the Trade"],"picked":"Adrenaline+1","floor":16},{"not_picked":["Quick Slash","Poisoned Stab"],"picked":"Dagger Spray","floor":18},{"not_picked":["Choke","Quick Slash"],"picked":"Catalyst+1","floor":19},{"not_picked":["Flying Knee+1","Predator"],"picked":"Infinite Blades+1","floor":21},{"not_picked":["Acrobatics+1","Cloak And Dagger+1"],"picked":"Deadly Poison+1","floor":24},{"not_picked":["Finisher","Well Laid Plans"],"picked":"Dodge and Roll+1","floor":27},{"not_picked":["Glass Knife","Flying Knee"],"picked":"Dodge and Roll+1","floor":28},{"not_picked":["Endless Agony","Distraction+1","Sucker Punch+1"],"picked":"SKIP","floor":29},{"not_picked":["Phantasmal Killer+1","Wraith Form v2"],"picked":"Night Terror+1","floor":33},{"not_picked":["Quick Slash+1","Tactician+1"],"picked":"Noxious Fumes+1","floor":35},{"not_picked":["Acrobatics+1","Eviscerate"],"picked":"Deadly Poison+1","floor":38},{"not_picked":["Prepared+1","Flying Knee+1"],"picked":"Slice+1","floor":41},{"not_picked":["Underhanded Strike","Prepared+1","Infinite Blades+1"],"picked":"SKIP","floor":42},{"not_picked":["Dagger Spray+1","Distraction+1"],"picked":"Noxious Fumes+1","floor":46},{"not_picked":["Endless Agony","Choke+1"],"picked":"Deflect+1","floor":47},{"not_picked":["Slice","Backflip+1"],"picked":"PiercingWail+1","floor":48},{"not_picked":["Eviscerate","Escape Plan+1"],"picked":"Bullet Time+1","floor":54}],"player_experience":65824,"relics_obtained":[{"floor":6,"key":"Boot"},{"floor":9,"key":"Toxic Egg 2"},{"floor":17,"key":"Anchor"},{"floor":17,"key":"Pear"},{"floor":17,"key":"Calipers"},{"floor":26,"key":"Blood Vial"},{"floor":28,"key":"Letter Opener"},{"floor":43,"key":"Meat on the Bone"},{"floor":54,"key":"Nunchaku"}],"event_choices":[{"damage_healed":0,"gold_gain":0,"player_choice":"Take Damage","damage_taken":17,"relics_obtained":["Golden Idol"],"max_hp_gain":0,"max_hp_loss":0,"event_name":"Golden Idol","floor":5,"gold_loss":0},{"cards_removed":["Strike_G"],"damage_healed":0,"gold_gain":0,"player_choice":"Card Removal","damage_taken":7,"max_hp_gain":0,"max_hp_loss":0,"event_name":"Golden Wing","floor":12,"gold_loss":0},{"damage_healed":0,"gold_gain":0,"player_choice":"Ignored","damage_taken":0,"max_hp_gain":0,"max_hp_loss":0,"event_name":"Cursed Tome","floor":31,"gold_loss":0},{"damage_healed":0,"gold_gain":0,"player_choice":"Ignored","damage_taken":0,"max_hp_gain":0,"max_hp_loss":0,"event_name":"Tomb of Lord Red Mask","floor":36,"gold_loss":0},{"damage_healed":0,"gold_gain":0,"player_choice":"Ignored","damage_taken":0,"max_hp_gain":0,"max_hp_loss":0,"event_name":"Mysterious Sphere","floor":37,"gold_loss":0}],"is_beta":false,"boss_relics":[{"not_picked":["Runic Dome","HoveringKite"],"picked":"Calling Bell"},{"not_picked":["Empty Cage","Cursed Key"],"picked":"Runic Pyramid"}],"items_purged_floors":[20,39,53],"is_endless":false,"potions_floor_spawned":[4,8,16,18,21,28,29,38,41,46,54],"killed_by":"The Heart","ascension_level":0}