{"gold_per_floor":[116,116,128,53,53,79,95,111,193,193,193,205,221,246,246,320,320,334,334,334,163,163,163,189,209,209,309,309,329,364,376,376,449,449,463,481,495,220,220,252,252,272,272,272,291,391,125,0,0,0,0],"floor_reached":51,"playtime":2195,"items_purged":["Decay"],"score":1475,"play_id":"edcf84b2-4db6-48ab-ac58-e1bb2a6316a2","local_time":"20190413005403","is_ascension_mode":true,"campfire_choices":[{"data":"Metallicize","floor":11.0,"key":"SMITH"},{"data":"Clash","floor":15.0,"key":"SMITH"},{"data":"Metallicize","floor":23.0,"key":"SMITH"},{"floor":28.0,"key":"REST"},{"data":"Shockwave","floor":32.0,"key":"SMITH"},{"floor":41.0,"key":"REST"},{"floor":44.0,"key":"REST"},{"floor":49,"key":"REST"}],"neow_cost":"NONE","seed_source_timestamp":26112268755978,"circlet_count":0,"master_deck":["AscendersBane","Bash+1","Metallicize+1","Clash+1","Cleave","Shrug It Off","Anger+1","Cleave+1","Twin Strike+1","Reaper+1","Metallicize+1","Shockwave","Anger+1","Rampage+1","Clothesline+1","Shockwave+1","Clash+1","Burning Pact","Anger+1","Shrug It Off","Feel No Pain","Feed+1","Shrug It Off+1","Battle Trance","Warcry+1","Bludgeon+1","Shrug It Off+1","Good Instincts","Metallicize+1","Body Slam+1","True Grit","Blind"],"special_seed":0,"relics":["Burning Blood","NeowsBlessing","Charon\u0027s Ashes","Molten Egg 2","War Paint","Pandora\u0027s Box","Mercury Hourglass","Meat on the Bone","Gambling Chip","Ornamental Fan","Runic Pyramid","Happy Flower","WingedGreaves","Bag of Marbles","Girya","Red Mask"],"potions_floor_usage":[50,51],"damage_taken":[{"damage":0.0,"enemies":"Small Slimes","floor":1.0,"turns":1.0},{"damage":0.0,"enemies":"2 Louse","floor":3.0,"turns":1.0},{"damage":0.0,"enemies":"3 Sentries","floor":6.0,"turns":2.0},{"damage":4.0,"enemies":"Jaw Worm","floor":7.0,"turns":2.0},{"damage":0.0,"enemies":"3 Louse","floor":8.0,"turns":3.0},{"damage":2.0,"enemies":"2 Fungi Beasts","floor":12.0,"turns":4.0},{"damage":6.0,"enemies":"Lots of Slimes","floor":13.0,"turns":2.0},{"damage":10.0,"enemies":"Lagavulin","floor":14.0,"turns":7.0},{"damage":46.0,"enemies":"Hexaghost","floor":16.0,"turns":9.0},{"damage":23.0,"enemies":"Spheric Guardian","floor":18.0,"turns":4.0},{"damage":42.0,"enemies":"Slavers","floor":24.0,"turns":6.0},{"damage":11.0,"enemies":"2 Thieves","floor":25.0,"turns":3.0},{"damage":26.0,"enemies":"Colosseum Slavers","floor":27.0,"turns":4.0},{"damage":13.0,"enemies":"Colosseum Nobs","floor":27.0,"turns":6.0},{"damage":0.0,"enemies":"3 Cultists","floor":29.0,"turns":3.0},{"damage":8.0,"enemies":"Gremlin Leader","floor":30.0,"turns":7.0},{"damage":9.0,"enemies":"Centurion and Healer","floor":31.0,"turns":3.0},{"damage":82.0,"enemies":"Champ","floor":33.0,"turns":13.0},{"damage":16.0,"enemies":"3 Darklings","floor":35.0,"turns":4.0},{"damage":6.0,"enemies":"3 Shapes","floor":36.0,"turns":6.0},{"damage":9.0,"enemies":"Maw","floor":37.0,"turns":7.0},{"damage":37.0,"enemies":"Reptomancer","floor":40.0,"turns":7.0},{"damage":91.0,"enemies":"Transient","floor":42.0,"turns":6.0},{"damage":16,"enemies":"Jaw Worm Horde","floor":45,"turns":4},{"damage":0,"enemies":"Mind Bloom Boss Battle","floor":46,"turns":7},{"damage":42,"enemies":"Time Eater","floor":50,"turns":11},{"damage":95,"enemies":"Awakened One","floor":51,"turns":15}],"seed_played":"-7600507006826483796","potions_obtained":[{"floor":1.0,"key":"EssenceOfSteel"},{"floor":6.0,"key":"SkillPotion"},{"floor":14.0,"key":"FearPotion"},{"floor":16.0,"key":"EssenceOfSteel"},{"floor":18.0,"key":"Fruit Juice"},{"floor":29.0,"key":"Regen Potion"},{"floor":30.0,"key":"Swift Potion"},{"floor":35.0,"key":"SkillPotion"},{"floor":36.0,"key":"AttackPotion"}],"is_trial":false,"path_per_floor":["M","?","M","?","$","E","M","M","T","?","R","M","M","E","R","B",null,"M","?","?","$","?","R","E","M","T","?","R","M","E","M","R","B",null,"M","M","M","$","?","E","R","M","T","R","M","?","$","?","R","B","B"],"character_chosen":"IRONCLAD","items_purchased":["Shrug It Off","Feel No Pain","Happy Flower","Good Instincts","Dexterity Potion","PowerPotion","True Grit","Blind"],"campfire_rested":4,"item_purchase_floors":[21,21,38,38,47,47,47,47],"current_hp_per_floor":[74,51,57,57,57,63,65,71,71,71,71,75,75,71,71,31,64,52,52,52,52,52,52,27,32,32,33,59,83,85,82,82,32,80,91,95,96,96,96,76,104,31,31,62,66,83,83,83,112,76,0],"gold":0,"neow_bonus":"THREE_ENEMY_KILL","is_prod":false,"is_daily":false,"chose_seed":false,"campfire_upgraded":4,"win_rate":0,"timestamp":1555142043,"path_taken":["M","?","M","?","$","E","M","M","T","?","R","M","M","E","R","BOSS","M","?","?","$","?","R","E","M","T","?","R","M","E","M","R","BOSS","M","M","M","$","?","E","R","M","T","R","?","?","$","?","R","BOSS","BOSS"],"build_version":"2019-04-04","purchased_purges":1,"victory":false,"max_hp_per_floor":[75,75,75,75,75,75,75,75,75,75,75,75,75,75,75,75,75,80,80,80,80,80,80,84,84,84,88,88,92,96,96,96,96,96,96,100,104,104,104,104,104,104,104,104,108,112,112,112,112,112,116],"card_choices":[{"not_picked":["Heavy Blade","Wild Strike"],"picked":"Metallicize","floor":1.0},{"not_picked":["Flex","Inflame"],"picked":"Clash","floor":3.0},{"not_picked":["Intimidate","Sword Boomerang"],"picked":"Cleave","floor":6.0},{"not_picked":["Body Slam","True Grit"],"picked":"Shrug It Off","floor":8.0},{"not_picked":["Entrench","Feel No Pain"],"picked":"Anger+1","floor":12.0},{"not_picked":["Shockwave","Dark Embrace"],"picked":"Cleave+1","floor":13.0},{"not_picked":["Fire Breathing","Sentinel"],"picked":"Twin Strike+1","floor":14.0},{"not_picked":["Juggernaut","Fiend Fire+1"],"picked":"Reaper+1","floor":16.0},{"not_picked":["Pommel Strike+1","Havoc"],"picked":"Clash+1","floor":18.0},{"not_picked":["Demon Form","Havoc"],"picked":"Shrug It Off+1","floor":24.0},{"not_picked":["Sever Soul+1","Power Through"],"picked":"Battle Trance","floor":27.0},{"not_picked":["Sever Soul+1","Twin Strike+1"],"picked":"Warcry+1","floor":29.0},{"not_picked":["Sentinel","Searing Blow+1","Fire Breathing"],"picked":"SKIP","floor":30.0},{"not_picked":["Sever Soul+1","Sentinel","Fire Breathing"],"picked":"SKIP","floor":31.0},{"not_picked":["Offering","Impervious"],"picked":"Bludgeon+1","floor":33.0},{"not_picked":["Iron Wave+1","Dual Wield"],"picked":"Shrug It Off+1","floor":35.0},{"not_picked":["Reckless Charge+1","Wild Strike+1","Intimidate"],"picked":"SKIP","floor":40.0},{"not_picked":["Perfected Strike+1","Iron Wave+1"],"picked":"Body Slam+1","floor":45}],"player_experience":1418838,"relics_obtained":[{"floor":6.0,"key":"Charon\u0027s Ashes"},{"floor":9.0,"key":"Molten Egg 2"},{"floor":14.0,"key":"War Paint"},{"floor":24.0,"key":"Mercury Hourglass"},{"floor":26.0,"key":"Meat on the Bone"},{"floor":27.0,"key":"Gambling Chip"},{"floor":27.0,"key":"Ornamental Fan"},{"floor":40.0,"key":"WingedGreaves"},{"floor":43.0,"key":"Bag of Marbles"},{"floor":46,"key":"Girya"}],"event_choices":[{"damage_healed":0.0,"max_hp_gain":0.0,"max_hp_loss":0.0,"gold_gain":0.0,"event_name":"Shining Light","player_choice":"Entered Light","floor":2.0,"gold_loss":0.0,"damage_taken":23.0,"cards_upgraded":["Strike_R","Strike_R"]},{"cards_removed":["Defend_R"],"damage_healed":0.0,"max_hp_gain":0.0,"max_hp_loss":0.0,"gold_gain":0.0,"event_name":"The Cleric","player_choice":"Card Removal","floor":4.0,"gold_loss":75.0,"damage_taken":0.0},{"damage_healed":0.0,"max_hp_gain":0.0,"max_hp_loss":0.0,"gold_gain":0.0,"event_name":"Living Wall","player_choice":"Grow","floor":10.0,"gold_loss":0.0,"damage_taken":0.0,"cards_upgraded":["Bash"]},{"damage_healed":0.0,"max_hp_gain":0.0,"max_hp_loss":0.0,"gold_gain":0.0,"cards_transformed":["Sever Soul","Power Through"],"event_name":"Drug Dealer","player_choice":"Became Test Subject","floor":19.0,"gold_loss":0.0,"damage_taken":0.0,"cards_obtained":["Burning Pact","Anger"]},{"damage_healed":0.0,"max_hp_gain":0.0,"max_hp_loss":0.0,"gold_gain":0.0,"event_name":"Forgotten Altar","player_choice":"Smashed Altar","floor":20.0,"gold_loss":0.0,"damage_taken":0.0,"cards_obtained":["Decay"]},{"damage_healed":0.0,"max_hp_gain":0.0,"max_hp_loss":0.0,"gold_gain":0.0,"event_name":"The Library","player_choice":"Read","floor":22.0,"gold_loss":0.0,"damage_taken":0.0,"cards_obtained":["Feed"]},{"damage_healed":0.0,"max_hp_gain":0.0,"max_hp_loss":0.0,"gold_gain":0.0,"event_name":"Colosseum","player_choice":"Fight","floor":27.0,"gold_loss":0.0,"damage_taken":0.0},{"damage_healed":0.0,"max_hp_gain":0.0,"max_hp_loss":0.0,"gold_gain":0.0,"event_name":"Colosseum","player_choice":"Fought Nobs","floor":27.0,"gold_loss":0.0,"damage_taken":0.0},{"damage_healed":0.0,"max_hp_gain":0.0,"max_hp_loss":0.0,"gold_gain":0.0,"event_name":"Duplicator","player_choice":"Copied","floor":39.0,"gold_loss":0.0,"damage_taken":0.0,"cards_obtained":["Metallicize"]},{"damage_healed":0,"gold_gain":0,"player_choice":"Fight","damage_taken":0,"max_hp_gain":0,"max_hp_loss":0,"event_name":"MindBloom","floor":46,"gold_loss":0},{"damage_healed":0,"gold_gain":0,"player_choice":"Paid","damage_taken":0,"relics_obtained":["Red Mask"],"max_hp_gain":0,"max_hp_loss":0,"event_name":"Tomb of Lord Red Mask","floor":48,"gold_loss":125}],"is_beta":true,"boss_relics":[{"not_picked":["Tiny House","Eternal Feather"],"picked":"Pandora\u0027s Box"},{"not_picked":["Velvet Choker","Empty Cage"],"picked":"Runic Pyramid"}],"items_purged_floors":[21],"is_endless":false,"potions_floor_spawned":[1,6,14,16,18,29,30,31,35,36],"killed_by":"Awakened One","ascension_level":20}