{"gold_per_floor":[109,30,46,57,132,132,160,160,214,214,214],"floor_reached":11,"playtime":270,"items_purged":[],"score":142,"play_id":"073a0396-27b1-4198-a927-097d45fc5fa0","local_time":"20190319105203","is_ascension_mode":true,"campfire_choices":[{"data":"Neutralize","floor":6.0,"key":"SMITH"},{"data":"Noxious Fumes","floor":8.0,"key":"SMITH"}],"neow_cost":"NONE","seed_source_timestamp":890397919936,"circlet_count":0,"master_deck":["AscendersBane","Defend_G","Defend_G","Defend_G+1","Defend_G","Strike_G","Strike_G","Strike_G","Strike_G","Survivor+1","Neutralize+1","Poisoned Stab","Noxious Fumes+1","Dagger Spray","Bane"],"special_seed":0,"relics":["Empty Cage","Blood Vial","Boot"],"potions_floor_usage":[],"damage_taken":[{"damage":0.0,"enemies":"Cultist","floor":1.0,"turns":4.0},{"damage":2.0,"enemies":"Jaw Worm","floor":3.0,"turns":5.0},{"damage":1.0,"enemies":"2 Louse","floor":4.0,"turns":3.0},{"damage":37.0,"enemies":"Lagavulin","floor":7.0,"turns":9.0},{"damage":0,"enemies":"Exordium Wildlife","floor":11,"turns":3}],"seed_played":"2941053680397060396","potions_obtained":[{"floor":1.0,"key":"FairyPotion"}],"is_trial":false,"path_per_floor":["M","$","M","M","?","R","E","R","T","?","M"],"character_chosen":"THE_SILENT","items_purchased":["Noxious Fumes"],"campfire_rested":0,"item_purchase_floors":[2],"current_hp_per_floor":[59,59,57,56,45,45,8,8,8,6,8],"gold":214,"neow_bonus":"BOSS_RELIC","is_prod":false,"is_daily":false,"chose_seed":false,"campfire_upgraded":2,"win_rate":0,"timestamp":1553017923,"path_taken":["M","?","M","?","?","R","E","R","T","?","M"],"build_version":"2019-03-15","purchased_purges":0,"victory":false,"max_hp_per_floor":[66,66,66,66,66,66,66,66,66,66,66],"card_choices":[{"not_picked":["Accuracy","Tactician"],"picked":"Poisoned Stab","floor":1.0},{"not_picked":["Terror","Tactician"],"picked":"Dagger Spray","floor":3.0},{"not_picked":["Sucker Punch","Quick Slash"],"picked":"Bane","floor":4.0}],"player_experience":1320893,"relics_obtained":[{"floor":7.0,"key":"Blood Vial"},{"floor":9.0,"key":"Boot"}],"event_choices":[{"damage_healed":0.0,"max_hp_gain":0.0,"max_hp_loss":0.0,"gold_gain":75.0,"event_name":"World of Goop","player_choice":"Gather Gold","floor":5.0,"gold_loss":0.0,"damage_taken":11.0},{"damage_healed":0,"gold_gain":0,"player_choice":"Entered Light","damage_taken":20,"max_hp_gain":0,"max_hp_loss":0,"event_name":"Shining Light","floor":10,"gold_loss":0,"cards_upgraded":["Survivor","Defend_G"]}],"is_beta":true,"boss_relics":[],"items_purged_floors":[],"is_endless":false,"potions_floor_spawned":[1],"killed_by":"Exordium Wildlife","ascension_level":20}