{"gold_per_floor":[19,19,35,55,66,66,83,98,171,171,171,199,41,41,41,139,139,150,167,190,140,140,140,156,171,171,205,219,219,169,184,184,279,279,297,312,324,340,290,290,303,303,327,181,215,215,228,178,178,178,178,178,21,48,48],"floor_reached":55,"playtime":2867,"items_purged":["Strike_R","Bash","Uppercut","Rage+1","Uppercut+1"],"score":861,"play_id":"271c3198-e128-4c1a-8dcd-d4e320b10a3f","local_time":"20190728203921","is_ascension_mode":false,"campfire_choices":[{"data":"Uppercut","floor":6,"key":"SMITH"},{"data":"Ghostly Armor","floor":10,"key":"SMITH"},{"floor":15,"key":"REST"},{"data":"Dual Wield","floor":23,"key":"SMITH"},{"data":"Rage","floor":29,"key":"SMITH"},{"data":"Metallicize","floor":32,"key":"SMITH"},{"floor":40,"key":"REST"},{"data":"Flex","floor":42,"key":"SMITH"},{"floor":49,"key":"RECALL"},{"floor":52,"key":"REST"}],"neow_cost":"NO_GOLD","seed_source_timestamp":1608023700674105,"circlet_count":0,"master_deck":["Flash of Steel+1","Dual Wield+1","Flex+1"],"relics":["Burning Blood","Mummified Hand","PreservedInsect","Odd Mushroom","Pandora\u0027s Box","Smiling Mask","Bottled Lightning","Magic Flower","Empty Cage","Lantern","Dream Catcher","Bronze Scales","Bottled Flame"],"potions_floor_usage":[12,16,16,27,55,55,55],"damage_taken":[{"damage":9,"enemies":"2 Louse","floor":1,"turns":4},{"damage":6,"enemies":"Jaw Worm","floor":3,"turns":3},{"damage":6,"enemies":"Small Slimes","floor":4,"turns":3},{"damage":18,"enemies":"Blue Slaver","floor":5,"turns":4},{"damage":12,"enemies":"3 Louse","floor":7,"turns":4},{"damage":8,"enemies":"Red Slaver","floor":8,"turns":4},{"damage":18,"enemies":"The Mushroom Lair","floor":12,"turns":4},{"damage":28,"enemies":"Hexaghost","floor":16,"turns":9},{"damage":0,"enemies":"Shell Parasite","floor":18,"turns":4},{"damage":2,"enemies":"Spheric Guardian","floor":19,"turns":4},{"damage":6,"enemies":"Centurion and Healer","floor":24,"turns":2},{"damage":3,"enemies":"Snake Plant","floor":25,"turns":3},{"damage":0,"enemies":"Slavers","floor":27,"turns":3},{"damage":0,"enemies":"Sentry and Sphere","floor":28,"turns":2},{"damage":0,"enemies":"3 Cultists","floor":31,"turns":2},{"damage":0,"enemies":"Collector","floor":33,"turns":2},{"damage":0,"enemies":"3 Darklings","floor":35,"turns":1},{"damage":0,"enemies":"Orb Walker","floor":36,"turns":1},{"damage":0,"enemies":"Transient","floor":37,"turns":1},{"damage":0,"enemies":"Maw","floor":38,"turns":1},{"damage":0,"enemies":"Writhing Mass","floor":41,"turns":1},{"damage":0,"enemies":"Reptomancer","floor":45,"turns":1},{"damage":0,"enemies":"Jaw Worm Horde","floor":47,"turns":1},{"damage":0,"enemies":"Donu and Deca","floor":50,"turns":1},{"damage":0,"enemies":"Shield and Spear","floor":54,"turns":1},{"damage":128,"enemies":"The Heart","floor":55,"turns":3}],"seed_played":"6711136527400370567","potions_obtained":[{"floor":5,"key":"Poison Potion"},{"floor":7,"key":"Strength Potion"},{"floor":8,"key":"Explosive Potion"},{"floor":12,"key":"EssenceOfSteel"},{"floor":16,"key":"FearPotion"},{"floor":18,"key":"SteroidPotion"},{"floor":31,"key":"Poison Potion"},{"floor":35,"key":"Fire Potion"}],"is_trial":false,"path_per_floor":["M","?","M","M","M","R","M","M","T","R","?","?","$","?","R","B",null,"M","M","T","$","?","R","M","M","T","E","M","R","$","M","R","B",null,"M","M","M","M","$","R","M","R","T","$","E","?","M","$","R","B",null,"R","$","E","B"],"character_chosen":"IRONCLAD","items_purchased":["Flash of Steel","Lantern","Bronze Scales"],"campfire_rested":3,"item_purchase_floors":[13,44,53],"current_hp_per_floor":[77,77,77,77,65,65,59,57,57,57,50,38,38,38,62,40,80,80,80,80,80,80,80,80,80,80,80,80,80,80,80,80,80,80,80,80,80,80,80,80,80,80,80,80,80,80,80,80,80,80,80,80,80,80,0],"gold":48,"neow_bonus":"REMOVE_TWO","is_prod":false,"is_daily":false,"chose_seed":false,"campfire_upgraded":6,"win_rate":0,"timestamp":1564364361,"path_taken":["M","?","M","M","M","R","M","M","T","R","?","?","?","?","R","BOSS","M","M","?","$","?","R","M","M","T","E","M","R","$","?","R","BOSS","M","M","M","M","$","R","M","R","T","$","E","?","M","?","R","BOSS","R","$","E","BOSS"],"build_version":"2019-07-17","purchased_purges":5,"victory":false,"max_hp_per_floor":[80,80,80,80,80,80,80,80,80,80,80,80,80,80,80,80,80,80,80,80,80,80,80,80,80,80,80,80,80,80,80,80,80,80,80,80,80,80,80,80,80,80,80,80,80,80,80,80,80,80,80,80,80,80,80],"card_choices":[{"not_picked":["Anger","Clash","Sword Boomerang"],"picked":"SKIP","floor":1},{"not_picked":["Perfected Strike","Clash"],"picked":"Uppercut","floor":3},{"not_picked":["Intimidate","Flex","True Grit"],"picked":"SKIP","floor":4},{"not_picked":["Perfected Strike","Flex","Fire Breathing"],"picked":"SKIP","floor":5},{"not_picked":["Dual Wield","Shockwave","Battle Trance"],"picked":"SKIP","floor":7},{"not_picked":["Thunderclap","Clothesline"],"picked":"Ghostly Armor","floor":8},{"not_picked":["Intimidate","Infernal Blade+1","Perfected Strike"],"picked":"SKIP","floor":18},{"not_picked":["Fire Breathing+1","Body Slam+1","Wild Strike"],"picked":"SKIP","floor":19},{"not_picked":["Clothesline","Iron Wave","Flex+1"],"picked":"SKIP","floor":24},{"not_picked":["Clothesline","True Grit","Body Slam"],"picked":"SKIP","floor":25},{"not_picked":["Seeing Red","Juggernaut","Limit Break"],"picked":"SKIP","floor":27},{"not_picked":["Spot Weakness+1","Havoc+1","Flex+1"],"picked":"SKIP","floor":28},{"not_picked":["Perfected Strike","Sever Soul","Flex+1"],"picked":"SKIP","floor":31},{"not_picked":["Warcry","Blood for Blood","Armaments+1"],"picked":"SKIP","floor":35},{"not_picked":["Warcry+1","True Grit","Clash"],"picked":"SKIP","floor":36},{"not_picked":["Headbutt+1","Searing Blow","Spot Weakness"],"picked":"SKIP","floor":37},{"not_picked":["Anger+1","Wild Strike","Metallicize+1"],"picked":"SKIP","floor":38},{"not_picked":["Wild Strike","Whirlwind+1"],"picked":"Flex","floor":41},{"not_picked":["Anger+1","Cleave+1","Pummel+1"],"picked":"SKIP","floor":45},{"not_picked":["Headbutt+1","Pummel+1","Uppercut"],"picked":"SKIP","floor":47},{"not_picked":["Sword Boomerang","Pommel Strike+1","Exhume"],"picked":"SKIP","floor":54}],"player_experience":923343,"relics_obtained":[{"floor":9,"key":"Mummified Hand"},{"floor":12,"key":"Odd Mushroom"},{"floor":20,"key":"Smiling Mask"},{"floor":26,"key":"Bottled Lightning"},{"floor":27,"key":"Magic Flower"},{"floor":45,"key":"Dream Catcher"},{"floor":54,"key":"Bottled Flame"}],"event_choices":[{"cards_removed":["Strike_R"],"damage_healed":0,"gold_gain":0,"player_choice":"Forget","damage_taken":0,"max_hp_gain":0,"max_hp_loss":0,"event_name":"Living Wall","floor":2,"gold_loss":0},{"damage_healed":0,"gold_gain":0,"player_choice":"Success","damage_taken":7,"relics_obtained":["PreservedInsect"],"max_hp_gain":0,"max_hp_loss":0,"event_name":"Scrap Ooze","floor":11,"gold_loss":0},{"damage_healed":0,"gold_gain":0,"player_choice":"Fought Mushrooms","damage_taken":0,"max_hp_gain":0,"max_hp_loss":0,"event_name":"Mushrooms","floor":12,"gold_loss":0},{"damage_healed":0,"gold_gain":0,"player_choice":"Forge","damage_taken":0,"max_hp_gain":0,"max_hp_loss":0,"event_name":"Accursed Blacksmith","floor":14,"gold_loss":0,"cards_upgraded":["Flash of Steel"]},{"cards_removed":["Thunderclap"],"damage_healed":0,"gold_gain":0,"player_choice":"Purged","damage_taken":0,"max_hp_gain":0,"max_hp_loss":0,"event_name":"Purifier","floor":22,"gold_loss":0},{"damage_healed":0,"gold_gain":0,"player_choice":"Ignored","damage_taken":0,"max_hp_gain":0,"max_hp_loss":0,"event_name":"Duplicator","floor":46,"gold_loss":0}],"is_beta":false,"boss_relics":[{"not_picked":["Runic Pyramid","Calling Bell"],"picked":"Pandora\u0027s Box"},{"not_picked":["Fusion Hammer","Astrolabe"],"picked":"Empty Cage"}],"items_purged_floors":[13,21,30,39,48],"is_endless":false,"potions_floor_spawned":[5,7,8,12,16,18,31,35,36,41,47],"killed_by":"The Heart","ascension_level":0}