{"gold_per_floor":[219,169,169,179,193,210,285,47,71,71,84,84,97,115,115,220,220,160,177,177,122,122,122,150,150,150,150,100,115,115,134,134,134],"floor_reached":33,"playtime":971,"items_purged":[],"score":255,"play_id":"53b4a679-ccee-47be-8829-0e884f86c0a9","local_time":"20190118210754","is_ascension_mode":false,"campfire_choices":[{"data":"Iron Wave","floor":12,"key":"SMITH"},{"data":"Armaments","floor":15,"key":"SMITH"},{"floor":23,"key":"REST"},{"floor":25,"key":"REST"},{"floor":27,"key":"REST"},{"floor":30,"key":"REST"},{"floor":32,"key":"REST"}],"neow_cost":"NONE","seed_source_timestamp":788264663147932,"circlet_count":0,"master_deck":["Strike_R","Strike_R","Strike_R","Strike_R","Defend_R","Defend_R","Defend_R","Defend_R","Bash","Cleave","Spot Weakness","Iron Wave+1","Fire Breathing+1","Armaments+1","Limit Break","Ghostly Armor+1","Shrug It Off+1"],"relics":["Burning Blood","Frozen Egg 2","Ancient Tea Set","Black Star","Tiny Chest","Turnip","Toxic Egg 2","Gremlin Horn"],"potions_floor_usage":[16,24,24,33],"damage_taken":[{"damage":0,"enemies":"Small Slimes","floor":1,"turns":4},{"damage":2,"enemies":"2 Louse","floor":4,"turns":4},{"damage":1,"enemies":"Cultist","floor":5,"turns":4},{"damage":5,"enemies":"3 Louse","floor":6,"turns":3},{"damage":5,"enemies":"Looter","floor":11,"turns":3},{"damage":5,"enemies":"Gremlin Gang","floor":13,"turns":4},{"damage":6,"enemies":"Exordium Wildlife","floor":14,"turns":4},{"damage":37,"enemies":"The Guardian","floor":16,"turns":12},{"damage":23,"enemies":"2 Thieves","floor":18,"turns":4},{"damage":39,"enemies":"Spheric Guardian","floor":19,"turns":6},{"damage":49,"enemies":"Slavers","floor":24,"turns":7},{"damage":27,"enemies":"Snecko","floor":29,"turns":8},{"damage":27,"enemies":"Snake Plant","floor":31,"turns":8},{"damage":80,"enemies":"Champ","floor":33,"turns":14}],"seed_played":"-1818363788275412709","potions_obtained":[{"floor":1,"key":"AttackPotion"},{"floor":4,"key":"Dexterity Potion"},{"floor":13,"key":"BloodPotion"},{"floor":14,"key":"GamblersBrew"},{"floor":29,"key":"LiquidBronze"}],"is_trial":false,"path_per_floor":["M","?","?","M","M","M","?","$","T","?","M","R","M","M","R","B",null,"M","M","$","?","$","R","E","R","T","R","?","M","R","M","R","B"],"character_chosen":"IRONCLAD","items_purchased":["Frozen Egg 2"],"campfire_rested":5,"item_purchase_floors":[8],"current_hp_per_floor":[80,80,80,80,80,80,69,69,69,69,70,70,71,71,71,40,80,63,30,30,30,30,54,19,43,43,67,67,46,70,49,73,0],"gold":134,"neow_bonus":"HUNDRED_GOLD","is_prod":false,"is_daily":false,"chose_seed":false,"campfire_upgraded":2,"win_rate":0.0,"timestamp":1547863674,"path_taken":["M","?","?","M","?","M","?","$","T","?","M","R","M","M","R","BOSS","M","?","$","?","$","R","E","R","T","R","?","?","R","M","R","BOSS"],"build_version":"2019-01-17v2","purchased_purges":0,"victory":false,"max_hp_per_floor":[80,80,80,80,80,80,80,80,80,80,80,80,80,80,80,80,80,80,80,80,80,80,80,80,80,80,80,80,80,80,80,80,80],"card_choices":[{"not_picked":["Combust","True Grit","Sentinel"],"picked":"SKIP","floor":1},{"not_picked":["Heavy Blade","Headbutt"],"picked":"Cleave","floor":4},{"not_picked":["Power Through","Entrench"],"picked":"Body Slam","floor":5},{"not_picked":["Twin Strike","Battle Trance"],"picked":"Spot Weakness","floor":6},{"not_picked":["Second Wind","Headbutt","Iron Wave"],"picked":"SKIP","floor":11},{"not_picked":["Headbutt","Clothesline"],"picked":"Fire Breathing+1","floor":13},{"not_picked":["Twin Strike","Shrug It Off"],"picked":"Armaments","floor":14},{"not_picked":["Brutality+1","Offering"],"picked":"Limit Break","floor":16},{"not_picked":["Perfected Strike","Reckless Charge","Havoc"],"picked":"SKIP","floor":18},{"not_picked":["Havoc","Sever Soul","Headbutt"],"picked":"SKIP","floor":19},{"not_picked":["Armaments","True Grit+1"],"picked":"Ghostly Armor","floor":24},{"not_picked":["Searing Blow","Reckless Charge"],"picked":"Shrug It Off+1","floor":29},{"not_picked":["Clash","Iron Wave","Cleave"],"picked":"SKIP","floor":31}],"player_experience":42432,"relics_obtained":[{"floor":9,"key":"Ancient Tea Set"},{"floor":24,"key":"Turnip"},{"floor":24,"key":"Toxic Egg 2"},{"floor":26,"key":"Gremlin Horn"}],"event_choices":[{"cards_removed":["Strike_R"],"damage_healed":0,"gold_gain":0,"player_choice":"Card Removal","damage_taken":0,"max_hp_gain":0,"max_hp_loss":0,"event_name":"The Cleric","floor":2,"gold_loss":50},{"damage_healed":0,"gold_gain":0,"player_choice":"Bought 0 Potions","damage_taken":0,"max_hp_gain":0,"max_hp_loss":0,"event_name":"The Woman in Blue","floor":3,"gold_loss":0},{"damage_healed":0,"gold_gain":75,"player_choice":"Gather Gold","damage_taken":11,"max_hp_gain":0,"max_hp_loss":0,"event_name":"World of Goop","floor":7,"gold_loss":0},{"cards_removed":["Body Slam"],"damage_healed":0,"gold_gain":0,"player_choice":"Took Card","damage_taken":0,"max_hp_gain":0,"max_hp_loss":0,"event_name":"NoteForYourself","floor":10,"gold_loss":0,"cards_obtained":["Iron Wave"]},{"damage_healed":0,"gold_gain":0,"player_choice":"Obtained Relic","damage_taken":0,"relics_obtained":["Tiny Chest"],"max_hp_gain":0,"max_hp_loss":0,"event_name":"Addict","floor":21,"gold_loss":85},{"damage_healed":0,"gold_gain":0,"player_choice":"Bet on Owner","damage_taken":0,"max_hp_gain":0,"max_hp_loss":0,"event_name":"The Joust","floor":28,"gold_loss":50}],"is_beta":false,"boss_relics":[{"not_picked":["Mark of Pain","Astrolabe"],"picked":"Black Star"}],"items_purged_floors":[],"is_endless":false,"potions_floor_spawned":[1,4,13,14,29],"killed_by":"Champ","ascension_level":0}