{"gold_per_floor":[115,125,142,26,38,38,65,89,101,144,172,284,50,20],"floor_reached":14,"playtime":675,"items_purged":["Strike_G"],"score":107,"play_id":"2b790654-656f-4cce-b229-a494266ceb80","local_time":"20190828153402","is_ascension_mode":true,"campfire_choices":[{"data":"Noxious Fumes","floor":6,"key":"SMITH"}],"neow_cost":"NONE","seed_source_timestamp":114841354991400,"circlet_count":0,"master_deck":["Strike_G","Strike_G","Strike_G","Strike_G","Defend_G","Defend_G","Defend_G","Defend_G","Defend_G","Survivor","Neutralize","Bouncing Flask","Backflip","Bouncing Flask","Noxious Fumes+1","Backflip","Envenom"],"relics":["White Beast Statue","MawBank","Bottled Lightning","Ornamental Fan","Bottled Tornado"],"potions_floor_usage":[3,7,7,8,11,14,14],"damage_taken":[{"damage":0,"enemies":"Small Slimes","floor":1,"turns":4},{"damage":4,"enemies":"Cultist","floor":2,"turns":4},{"damage":9,"enemies":"Jaw Worm","floor":3,"turns":5},{"damage":3,"enemies":"Exordium Wildlife","floor":5,"turns":5},{"damage":8,"enemies":"Gremlin Nob","floor":7,"turns":3},{"damage":8,"enemies":"2 Fungi Beasts","floor":8,"turns":5},{"damage":15,"enemies":"3 Sentries","floor":10,"turns":8},{"damage":20,"enemies":"Gremlin Gang","floor":11,"turns":5},{"damage":5,"enemies":"Looter","floor":14,"turns":2}],"seed_played":"-8061708124007512505","potions_obtained":[{"floor":1,"key":"SteroidPotion"},{"floor":2,"key":"Fire Potion"},{"floor":3,"key":"Swift Potion"},{"floor":5,"key":"FearPotion"},{"floor":7,"key":"Poison Potion"},{"floor":8,"key":"Ancient Potion"},{"floor":10,"key":"AttackPotion"},{"floor":11,"key":"Poison Potion"}],"is_trial":false,"path_per_floor":["M","M","M","$","M","R","E","M","T","E","M","?","$","M"],"character_chosen":"THE_SILENT","items_purchased":["Noxious Fumes","Bottled Tornado"],"campfire_rested":0,"item_purchase_floors":[4,13],"current_hp_per_floor":[70,66,57,57,54,54,46,38,38,23,3,3,3,0],"gold":20,"neow_bonus":"BOSS_RELIC","is_prod":false,"is_daily":false,"chose_seed":false,"campfire_upgraded":1,"win_rate":0,"timestamp":1567031642,"path_taken":["M","M","M","$","M","R","E","M","T","E","M","?","$","?"],"build_version":"2019-07-17","purchased_purges":1,"victory":false,"max_hp_per_floor":[70,70,70,70,70,70,70,70,70,70,70,70,70,70],"card_choices":[{"not_picked":["Acrobatics","Heel Hook"],"picked":"Bouncing Flask","floor":1},{"not_picked":["Flechettes","All Out Attack"],"picked":"Backflip","floor":2},{"not_picked":["Slice","Cloak And Dagger"],"picked":"Bouncing Flask","floor":3},{"not_picked":["Eviscerate","Calculated Gamble","Endless Agony"],"picked":"SKIP","floor":5},{"not_picked":["Terror","Dagger Throw"],"picked":"Backflip","floor":7},{"not_picked":["Bane","Skewer","Underhanded Strike"],"picked":"SKIP","floor":8},{"not_picked":["Backflip","Infinite Blades"],"picked":"Envenom","floor":10},{"not_picked":["Flying Knee","Outmaneuver","Dagger Spray"],"picked":"SKIP","floor":11}],"player_experience":139496,"relics_obtained":[{"floor":7,"key":"MawBank"},{"floor":9,"key":"Bottled Lightning"},{"floor":10,"key":"Ornamental Fan"}],"event_choices":[{"damage_healed":0,"gold_gain":100,"player_choice":"Pray","damage_taken":0,"max_hp_gain":0,"max_hp_loss":0,"event_name":"Golden Shrine","floor":12,"gold_loss":0}],"is_beta":false,"boss_relics":[],"items_purged_floors":[4],"is_endless":false,"potions_floor_spawned":[1,2,3,5,7,8,10,11],"killed_by":"Looter","ascension_level":1}