{"gold_per_floor":[112,112,129,142,162,162,196,210,210,210,227,256,304,315,315,416,416,427,440,440,451,468,468,486,106,174,209,209,40,52,84,84,183,183,196,207,0,0,18,46,46,46,46,64,64,64,11,45,45,45],"floor_reached":51,"playtime":2084,"items_purged":["Strike_R"],"score":1198,"play_id":"12a1d58f-9f4d-44d2-b6dc-d40865e368aa","local_time":"20190827183056","is_ascension_mode":true,"campfire_choices":[{"data":"Whirlwind","floor":6,"key":"SMITH"},{"data":"Bash","floor":10,"key":"SMITH"},{"data":"Clothesline","floor":15,"key":"SMITH"},{"floor":23,"key":"REST"},{"floor":28,"key":"REST"},{"data":"Corruption","floor":32,"key":"SMITH"},{"data":"Fiend Fire","floor":41,"key":"SMITH"},{"floor":49,"key":"REST"}],"neow_cost":"NONE","seed_source_timestamp":625360410881100,"circlet_count":0,"master_deck":["Defend_R","Defend_R","Defend_R","Bash+1","Whirlwind+1","Thunderclap","Shrug It Off","Clothesline+1","Flex","Pommel Strike","Shrug It Off+1","Armaments+1","Offering+1","Thunderclap+1","Combust+1","Fiend Fire+1","Sentinel+1","Heavy Blade","J.A.X.+1","Sword Boomerang+1","Feel No Pain+1","Feel No Pain","Shrug It Off+1","True Grit+1","Corruption+1","Fiend Fire+1","True Grit+1","Seeing Red+1","Parasite","Havoc+1","Rage+1","Regret","Havoc+1","Normality","Madness+1","Madness+1","Shrug It Off+1"],"relics":["Burning Blood","Bronze Scales","Pantograph","Toxic Egg 2","Letter Opener","Bag of Marbles","Astrolabe","Paper Frog","Mummified Hand","Pen Nib","Lantern","Blue Candle","Cursed Key","Red Mask","Incense Burner","Art of War","Kunai"],"potions_floor_usage":[7,12,33,40,48,50,50,50],"damage_taken":[{"damage":4,"enemies":"2 Louse","floor":1,"turns":3},{"damage":0,"enemies":"Cultist","floor":3,"turns":4},{"damage":9,"enemies":"Jaw Worm","floor":4,"turns":5},{"damage":3,"enemies":"3 Louse","floor":5,"turns":2},{"damage":15,"enemies":"3 Sentries","floor":7,"turns":5},{"damage":6,"enemies":"Blue Slaver","floor":8,"turns":5},{"damage":6,"enemies":"Looter","floor":11,"turns":3},{"damage":12,"enemies":"Gremlin Nob","floor":12,"turns":3},{"damage":28,"enemies":"Exordium Thugs","floor":14,"turns":5},{"damage":42,"enemies":"The Guardian","floor":16,"turns":11},{"damage":10,"enemies":"Shell Parasite","floor":18,"turns":5},{"damage":6,"enemies":"Chosen","floor":19,"turns":1},{"damage":26,"enemies":"Snecko","floor":21,"turns":4},{"damage":34,"enemies":"Shelled Parasite and Fungi","floor":22,"turns":5},{"damage":14,"enemies":"Snake Plant","floor":24,"turns":2},{"damage":9,"enemies":"Book of Stabbing","floor":27,"turns":2},{"damage":6,"enemies":"3 Cultists","floor":30,"turns":1},{"damage":6,"enemies":"Slavers","floor":31,"turns":3},{"damage":21,"enemies":"Champ","floor":33,"turns":6},{"damage":0,"enemies":"3 Shapes","floor":35,"turns":4},{"damage":6,"enemies":"3 Darklings","floor":36,"turns":3},{"damage":11,"enemies":"Writhing Mass","floor":39,"turns":7},{"damage":13,"enemies":"Giant Head","floor":40,"turns":5},{"damage":15,"enemies":"Maw","floor":44,"turns":6},{"damage":45,"enemies":"Nemesis","floor":48,"turns":7},{"damage":57,"enemies":"Time Eater","floor":50,"turns":9}],"seed_played":"1573446917750146399","potions_obtained":[{"floor":4,"key":"AttackPotion"},{"floor":11,"key":"Fire Potion"},{"floor":12,"key":"FearPotion"},{"floor":18,"key":"Explosive Potion"},{"floor":24,"key":"SkillPotion"},{"floor":30,"key":"Fire Potion"},{"floor":33,"key":"PowerPotion"},{"floor":44,"key":"AttackPotion"},{"floor":48,"key":"Explosive Potion"}],"is_trial":false,"path_per_floor":["M","?","M","M","M","R","E","M","T","R","M","E","T","M","R","B",null,"M","M","?","M","M","R","M","$","T","E","R","$","M","E","R","B",null,"M","M","?","?","M","E","R","?","T","M","T","?","$","E","R","B",null],"character_chosen":"IRONCLAD","items_purchased":["Paper Frog","Shrug It Off+1","Lantern","True Grit+1","Shrug It Off+1"],"campfire_rested":3,"item_purchase_floors":[25,25,29,29,47],"current_hp_per_floor":[74,74,80,77,80,80,71,71,71,71,71,65,65,43,43,32,68,64,64,64,44,16,40,32,32,32,29,53,53,53,53,53,63,76,80,80,80,80,75,68,68,68,68,59,59,49,49,10,34,8],"gold":45,"neow_bonus":"RANDOM_COMMON_RELIC","is_prod":false,"is_daily":false,"chose_seed":false,"campfire_upgraded":5,"win_rate":0,"timestamp":1566898256,"path_taken":["M","?","?","M","M","R","E","M","T","R","M","E","?","M","R","BOSS","M","M","?","M","M","R","M","$","T","E","R","$","M","E","R","BOSS","M","M","?","?","M","E","R","?","T","?","?","?","?","E","R","BOSS"],"build_version":"2019-07-17","purchased_purges":1,"victory":true,"max_hp_per_floor":[80,80,80,80,80,80,80,80,80,80,80,80,80,80,80,80,80,80,80,80,80,80,80,80,80,80,80,80,80,80,80,80,80,80,80,80,80,80,80,80,80,80,80,80,80,80,80,80,80,80],"card_choices":[{"not_picked":["Wild Strike","Flame Barrier"],"picked":"Whirlwind","floor":1},{"not_picked":["Perfected Strike","Fire Breathing"],"picked":"Thunderclap","floor":3},{"not_picked":["Inflame","Reckless Charge"],"picked":"Shrug It Off","floor":4},{"not_picked":["Twin Strike","Cleave"],"picked":"Clothesline","floor":5},{"not_picked":["Dark Embrace","Dual Wield"],"picked":"Flex","floor":7},{"not_picked":["Clash","Thunderclap"],"picked":"Pommel Strike","floor":8},{"not_picked":["Flex+1","Searing Blow"],"picked":"Shrug It Off+1","floor":11},{"not_picked":["Cleave","Berserk"],"picked":"Armaments+1","floor":12},{"not_picked":["Rage+1","Anger"],"picked":"Sword Boomerang","floor":14},{"not_picked":["Fiend Fire","Dark Embrace"],"picked":"Offering+1","floor":16},{"not_picked":["Iron Wave","Rampage"],"picked":"Sentinel+1","floor":18},{"not_picked":["Anger+1","Sever Soul+1"],"picked":"Heavy Blade","floor":19},{"not_picked":["Carnage","Cleave"],"picked":"Sword Boomerang+1","floor":21},{"not_picked":["Clothesline","Clash+1"],"picked":"Feel No Pain+1","floor":22},{"not_picked":["Second Wind+1","Heavy Blade"],"picked":"Feel No Pain","floor":24},{"not_picked":["Whirlwind","Anger+1","Perfected Strike"],"picked":"SKIP","floor":27},{"not_picked":["Iron Wave","Rupture"],"picked":"Corruption","floor":30},{"not_picked":["Armaments+1","Immolate","Whirlwind+1"],"picked":"SKIP","floor":31},{"not_picked":["Brutality","Limit Break+1"],"picked":"Fiend Fire","floor":33},{"not_picked":["Thunderclap+1","Sword Boomerang+1"],"picked":"True Grit+1","floor":35},{"not_picked":["Intimidate+1","Feel No Pain+1"],"picked":"Seeing Red+1","floor":36},{"not_picked":["Pommel Strike","Thunderclap","Searing Blow+1"],"picked":"SKIP","floor":39},{"not_picked":["Thunderclap+1","Uppercut"],"picked":"Havoc+1","floor":40},{"not_picked":["Carnage","Blood for Blood+1"],"picked":"Havoc+1","floor":44},{"not_picked":["Rage+1","Whirlwind","Body Slam+1"],"picked":"SKIP","floor":48}],"player_experience":262251,"relics_obtained":[{"floor":7,"key":"Pantograph"},{"floor":9,"key":"Toxic Egg 2"},{"floor":12,"key":"Letter Opener"},{"floor":13,"key":"Bag of Marbles"},{"floor":26,"key":"Mummified Hand"},{"floor":27,"key":"Pen Nib"},{"floor":31,"key":"Blue Candle"},{"floor":40,"key":"Incense Burner"},{"floor":45,"key":"Art of War"},{"floor":48,"key":"Kunai"}],"event_choices":[{"cards_removed":["Strike_R"],"damage_healed":0,"gold_gain":0,"player_choice":"Purged","damage_taken":0,"max_hp_gain":0,"max_hp_loss":0,"event_name":"Purifier","floor":2,"gold_loss":0},{"damage_healed":0,"gold_gain":0,"player_choice":"Obtain J.A.X.","damage_taken":0,"max_hp_gain":0,"max_hp_loss":0,"event_name":"Drug Dealer","floor":20,"gold_loss":0,"cards_obtained":["J.A.X."]},{"damage_healed":0,"gold_gain":0,"player_choice":"Paid","damage_taken":0,"relics_obtained":["Red Mask"],"max_hp_gain":0,"max_hp_loss":0,"event_name":"Tomb of Lord Red Mask","floor":37,"gold_loss":207},{"cards_removed":["Sword Boomerang"],"damage_healed":0,"gold_gain":0,"player_choice":"Removed Attack","damage_taken":0,"max_hp_gain":0,"max_hp_loss":0,"event_name":"Falling","floor":38,"gold_loss":0},{"damage_healed":0,"gold_gain":0,"cards_transformed":["Defend_R"],"player_choice":"Transformed","damage_taken":0,"max_hp_gain":0,"max_hp_loss":0,"event_name":"Transmorgrifier","floor":42,"gold_loss":0,"cards_obtained":["Rage"]},{"damage_healed":0,"gold_gain":0,"player_choice":"Embrace Madness","damage_taken":10,"max_hp_gain":0,"max_hp_loss":0,"event_name":"Winding Halls","floor":46,"gold_loss":0,"cards_obtained":["Madness","Madness"]}],"is_beta":false,"boss_relics":[{"not_picked":["Velvet Choker","Black Blood"],"picked":"Astrolabe"},{"not_picked":["Orrery","Lizard Tail"],"picked":"Cursed Key"}],"items_purged_floors":[25],"is_endless":false,"potions_floor_spawned":[4,11,12,18,24,30,31,33,35,36,44,48],"ascension_level":8}