{"path_per_floor":["M","?","?","?","$","R","M","M","T","R","E","R","?","M","R","B",null,"M","?","M","$","?","R"],"character_chosen":"THE_SILENT","items_purchased":["Frozen Egg 2","Footwork"],"gold_per_floor":[115,115,290,365,41,41,57,76,76,76,105,105,105,118,118,219,219,237,237,247,68,68,68],"floor_reached":24,"campfire_rested":0,"playtime":3596,"current_hp_per_floor":[70,70,70,59,59,59,58,58,58,58,34,34,34,34,34,15,70,70,70,60,60,60,60],"items_purged":["Regret","Writhe"],"gold":68,"score":202,"play_id":"d2c55d05-685d-4e3c-a623-429ca29ac3a3","is_prod":false,"is_daily":false,"is_ascension_mode":true,"campfire_upgraded":5,"path_taken":["M","?","?","?","$","R","M","M","T","R","E","R","?","M","R","BOSS","M","?","M","$","?","R","E"],"build_version":"2018-02-22-PROD2","purchased_purges":2,"victory":false,"master_deck":["Defend_G","Defend_G","Defend_G","Defend_G","Defend_G","Strike_G","Strike_G","Strike_G","Strike_G","Survivor","Neutralize+1","Acrobatics+1","Deadly Poison+1","Burst+1","Deflect","Prepared+1","Footwork+1"],"max_hp_per_floor":[70,70,70,70,70,70,70,70,70,70,70,70,70,70,70,70,70,70,70,70,70,70,70],"relics":["Ring of the Snake","Anchor","Frozen Egg 2","Ice Cream","Juzu Bracelet","Velvet Choker","Gremlin Horn"],"card_choices":[{"not_picked":["Sucker Punch","Deflect"],"picked":"Acrobatics"},{"not_picked":["Slice","Acrobatics"],"picked":"Deadly Poison"},{"not_picked":["Poisoned Stab","Finisher"],"picked":"Burst"},{"not_picked":["Expertise","Poisoned Stab"],"picked":"Deflect"},{"not_picked":["Bane","Underhanded Strike"],"picked":"Prepared"}],"player_experience":83549,"potions_floor_usage":[11,20],"damage_taken":[{"damage":0,"enemies":"2 Louse","floor":1,"turns":3},{"damage":1,"enemies":"Small Slimes","floor":7,"turns":5},{"damage":0,"enemies":"Jaw Worm","floor":8,"turns":5},{"damage":24,"enemies":"3 Sentries","floor":11,"turns":15},{"damage":0,"enemies":"Blue Slaver","floor":14,"turns":5},{"damage":19,"enemies":"The Guardian","floor":16,"turns":9},{"damage":0,"enemies":"Shell Parasite","floor":18,"turns":5},{"damage":10,"enemies":"Spheric Guardian","floor":20,"turns":10},{"damage":70,"enemies":"Gremlin Leader","floor":24,"turns":7}],"event_choices":[{"event_name":"Big Fish","player_choice":"Box","floor":2,"damage_taken":0},{"event_name":"Liars Game","player_choice":"agreed","floor":3,"damage_taken":0},{"event_name":"World of Goop","player_choice":"Gather Gold","floor":4,"damage_taken":0},{"event_name":"Living Wall","player_choice":"Forget","floor":13,"damage_taken":0},{"event_name":"The Mausoleum","player_choice":"Yes","floor":19,"damage_taken":0},{"event_name":"Addict","player_choice":"Ignored","floor":22,"damage_taken":0}],"boss_relics":[{"not_picked":["Snecko Eye","Black Star"],"picked":"Velvet Choker"}],"potions_floor_spawned":[8,16,18],"seed_played":"-1234409958306977356","killed_by":"Gremlin Leader","ascension_level":1,"is_trial":false}