{"gold_per_floor":[111,261,281,206,36,36,46,79,79,79,96,109,182,197,197,272,272,272,47,2,2,2,2,2,2,2,2,2,2,2,2,2,2],"floor_reached":33,"playtime":1028,"items_purged":[],"score":593,"play_id":"13ff49c3-5805-4615-96e3-877d86f60b54","local_time":"20180703000315","is_ascension_mode":true,"campfire_choices":[{"floor":6,"key":"REST"},{"floor":15,"key":"REST"},{"floor":23,"key":"REST"},{"floor":27,"key":"REST"},{"floor":32,"key":"REST"}],"neow_cost":"NONE","seed_source_timestamp":15741038287856,"circlet_count":0,"master_deck":["Defend_G","Defend_G","Defend_G","Defend_G","Defend_G","Strike_G","Strike_G","Strike_G","Strike_G","Strike_G","Survivor","Neutralize+1","AscendersBane","Quick Slash","Skewer+1","Acrobatics","PiercingWail","Dagger Spray","Terror","Glass Knife","Dagger Spray+1","Well Laid Plans+1","All Out Attack","Finisher","Leg Sweep","Outmaneuver","Dash"],"relics":["Fusion Hammer","Orichalcum","Centennial Puzzle","Frozen Egg 2","Ninja Scroll","Ectoplasm","Bronze Scales","Singing Bowl","Lantern","Matryoshka"],"potions_floor_usage":[16,28,31,33],"damage_taken":[{"damage":0,"enemies":"Small Slimes","floor":1,"turns":4},{"damage":3,"enemies":"Jaw Worm","floor":3,"turns":4},{"damage":0,"enemies":"2 Louse","floor":7,"turns":2},{"damage":31,"enemies":"Lagavulin","floor":8,"turns":8},{"damage":1,"enemies":"Looter","floor":11,"turns":4},{"damage":3,"enemies":"Large Slime","floor":12,"turns":5},{"damage":1,"enemies":"Blue Slaver","floor":14,"turns":2},{"damage":0,"enemies":"Slime Boss","floor":16,"turns":7},{"damage":5,"enemies":"Spheric Guardian","floor":18,"turns":3},{"damage":9,"enemies":"2 Thieves","floor":20,"turns":3},{"damage":8,"enemies":"Book of Stabbing","floor":24,"turns":3},{"damage":0,"enemies":"Chosen and Byrds","floor":25,"turns":3},{"damage":13,"enemies":"Slavers","floor":28,"turns":3},{"damage":16,"enemies":"Sentry and Sphere","floor":29,"turns":3},{"damage":4,"enemies":"Centurion and Healer","floor":30,"turns":4},{"damage":28,"enemies":"Cultist and Chosen","floor":31,"turns":5},{"damage":54,"enemies":"Champ","floor":33,"turns":10}],"seed_played":"2057629480795386529","potions_obtained":[{"floor":3,"key":"Regen Potion"},{"floor":7,"key":"Strength Potion"},{"floor":18,"key":"Block Potion"},{"floor":28,"key":"Regen Potion"}],"is_trial":false,"path_per_floor":["M","?","M","?","$","R","M","E","T","?","M","M","T","M","R","B",null,"M","$","M","?","?","R","E","M","T","R","E","M","M","M","R"],"character_chosen":"THE_SILENT","items_purchased":["Orichalcum","Acrobatics","Well Laid Plans+1","Bronze Scales"],"campfire_rested":5,"item_purchase_floors":[5,5,19,19],"current_hp_per_floor":[59,59,56,56,56,66,66,35,35,35,34,31,31,30,49,49,62,57,57,48,48,48,66,58,60,60,68,55,41,37,14,35,0],"gold":2,"neow_bonus":"BOSS_RELIC","is_prod":false,"is_daily":false,"chose_seed":false,"campfire_upgraded":0,"win_rate":0,"timestamp":1530601395,"path_taken":["M","?","M","?","$","R","M","E","T","?","M","M","?","?","R","BOSS","M","$","M","?","?","R","E","M","T","R","E","M","M","M","R","BOSS"],"build_version":"2018-06-29","purchased_purges":0,"victory":false,"max_hp_per_floor":[66,66,66,66,66,66,66,66,66,66,66,66,66,66,66,66,66,66,66,66,66,66,66,66,68,68,68,68,70,70,70,70,70],"card_choices":[{"not_picked":["Deadly Poison","Prepared"],"picked":"Quick Slash","floor":1},{"not_picked":["Caltrops","Choke"],"picked":"Skewer","floor":3},{"not_picked":["Prepared","Deadly Poison"],"picked":"PiercingWail","floor":7},{"not_picked":["Sucker Punch","Endless Agony"],"picked":"Dagger Spray","floor":8},{"not_picked":["Blade Dance","Dodge and Roll"],"picked":"Terror","floor":11},{"not_picked":["Phantasmal Killer","Tools of the Trade+1"],"picked":"Glass Knife","floor":16},{"not_picked":["Terror","Underhanded Strike"],"picked":"Dagger Spray+1","floor":18},{"not_picked":["Catalyst","Choke"],"picked":"All Out Attack","floor":20},{"not_picked":["Masterful Stab","All Out Attack"],"picked":"Finisher","floor":24},{"not_picked":["Concentrate","Deflect","Prepared"],"picked":"Singing Bowl","floor":25},{"not_picked":["Blur+1","Slice"],"picked":"Leg Sweep","floor":28},{"not_picked":["Dodge and Roll","Flying Knee","Deadly Poison"],"picked":"Singing Bowl","floor":29},{"not_picked":["PiercingWail","Blur"],"picked":"Outmaneuver","floor":30},{"not_picked":["Dodge and Roll","Backstab"],"picked":"Dash","floor":31}],"player_experience":461008,"relics_obtained":[{"floor":8,"key":"Centennial Puzzle"},{"floor":9,"key":"Frozen Egg 2"},{"floor":13,"key":"Ninja Scroll"},{"floor":24,"key":"Singing Bowl"},{"floor":26,"key":"Lantern"},{"floor":28,"key":"Matryoshka"}],"event_choices":[{"event_name":"Liars Game","player_choice":"agreed","floor":2,"damage_taken":0},{"event_name":"The Cleric","player_choice":"Card Removal","floor":4,"damage_taken":0},{"event_name":"Living Wall","player_choice":"Grow","floor":10,"damage_taken":0},{"event_name":"Accursed Blacksmith","player_choice":"Forge","floor":21,"damage_taken":0},{"event_name":"Nest","player_choice":"Stole From Cult","floor":22,"damage_taken":0}],"boss_relics":[{"not_picked":["Empty Cage","Tiny House"],"picked":"Ectoplasm"}],"items_purged_floors":[],"is_endless":false,"potions_floor_spawned":[3,7,8,11,18,28,30],"killed_by":"Champ","ascension_level":15}