{"gold_per_floor":[118,132,132,151,226,226,306,319,319,349,361,392,392,392,392,392],"floor_reached":16,"playtime":316,"items_purged":[],"score":220,"play_id":"80a17113-52e5-4746-840a-9e065286d542","local_time":"20190120005219","is_ascension_mode":true,"campfire_choices":[{"data":"Bash","floor":6,"key":"SMITH"},{"floor":13,"key":"REST"},{"data":"Flame Barrier","floor":15,"key":"SMITH"}],"neow_cost":"NONE","seed_source_timestamp":2830277799080,"circlet_count":0,"master_deck":["AscendersBane","Strike_R","Strike_R","Strike_R","Strike_R","Strike_R","Defend_R","Defend_R","Defend_R","Defend_R","Bash+1","Flame Barrier+1","Anger","Iron Wave","Wild Strike","True Grit+1"],"relics":["Burning Blood","NeowsBlessing","Toxic Egg 2","Champion Belt","Blood Vial","Bird Faced Urn"],"potions_floor_usage":[10,16],"damage_taken":[{"damage":0,"enemies":"Small Slimes","floor":1,"turns":2},{"damage":0,"enemies":"Cultist","floor":2,"turns":1},{"damage":0,"enemies":"2 Louse","floor":4,"turns":1},{"damage":6,"enemies":"Blue Slaver","floor":8,"turns":5},{"damage":25,"enemies":"Gremlin Nob","floor":10,"turns":4},{"damage":12,"enemies":"2 Fungi Beasts","floor":11,"turns":3},{"damage":41,"enemies":"Lagavulin","floor":12,"turns":7},{"damage":39,"enemies":"Hexaghost","floor":16,"turns":9}],"seed_played":"-4429089547330727425","potions_obtained":[{"floor":2,"key":"Energy Potion"},{"floor":12,"key":"FearPotion"}],"is_trial":false,"path_per_floor":["M","M","?","M","?","R","T","M","T","E","M","E","R","?","R","B"],"character_chosen":"IRONCLAD","items_purchased":[],"campfire_rested":1,"item_purchase_floors":[],"current_hp_per_floor":[74,75,75,75,64,64,64,64,64,45,41,8,30,35,35,0],"gold":392,"neow_bonus":"THREE_ENEMY_KILL","is_prod":false,"is_daily":false,"chose_seed":false,"campfire_upgraded":2,"win_rate":0,"timestamp":1547974339,"path_taken":["M","M","?","?","?","R","?","M","T","E","M","E","R","?","R","BOSS"],"build_version":"2019-01-17","purchased_purges":0,"victory":false,"max_hp_per_floor":[75,75,75,75,75,75,75,75,75,75,75,75,75,80,80,80],"card_choices":[{"not_picked":["Wild Strike","Twin Strike"],"picked":"Flame Barrier","floor":1},{"not_picked":["Cleave","Heavy Blade"],"picked":"Anger","floor":2},{"not_picked":["Pummel","Combust"],"picked":"Iron Wave","floor":4},{"not_picked":["Pommel Strike","Clothesline"],"picked":"Wild Strike","floor":8},{"not_picked":["Pummel","Body Slam","Juggernaut"],"picked":"SKIP","floor":10},{"not_picked":["Armaments+1","Headbutt"],"picked":"True Grit+1","floor":11}],"player_experience":1035895,"relics_obtained":[{"floor":7,"key":"Toxic Egg 2"},{"floor":9,"key":"Champion Belt"},{"floor":10,"key":"Blood Vial"},{"floor":12,"key":"Bird Faced Urn"}],"event_choices":[{"damage_healed":0,"gold_gain":0,"player_choice":"0 cards matched","damage_taken":0,"max_hp_gain":0,"max_hp_loss":0,"event_name":"Match and Keep!","floor":3,"gold_loss":0,"cards_obtained":[]},{"damage_healed":0,"gold_gain":75,"player_choice":"Gather Gold","damage_taken":11,"max_hp_gain":0,"max_hp_loss":0,"event_name":"World of Goop","floor":5,"gold_loss":0},{"damage_healed":0,"gold_gain":0,"player_choice":"Donut","damage_taken":0,"max_hp_gain":5,"max_hp_loss":0,"event_name":"Big Fish","floor":14,"gold_loss":0}],"is_beta":true,"boss_relics":[],"items_purged_floors":[],"is_endless":false,"potions_floor_spawned":[2,12],"killed_by":"Hexaghost","ascension_level":20}