{"gold_per_floor":[217,233,37,48,48,76,86,86,86,111,111,61,79,99,99,203,203,217,203,104,119,134,169,84,110,166,166,176,194,213,242,242,339,339,357,357,374,388,61,89,89,89,142,142,62,78,111,165,165,165,165,165,65,97,97],"floor_reached":56,"playtime":4867,"items_purged":["Strike_G","Strike_G","Defend_G"],"score":1279,"play_id":"5af2ac8d-3fad-4d37-b2ec-9ad105559563","local_time":"20190611184621","is_ascension_mode":false,"campfire_choices":[{"floor":8,"key":"RECALL"},{"data":"Strike_G","floor":11,"key":"PURGE"},{"data":"After Image","floor":15,"key":"SMITH"},{"floor":27,"key":"REST"},{"floor":32,"key":"REST"},{"data":"A Thousand Cuts","floor":41,"key":"SMITH"},{"floor":44,"key":"REST"},{"data":"Apotheosis","floor":49,"key":"SMITH"},{"data":"Strike_G","floor":52,"key":"PURGE"}],"neow_cost":"NONE","seed_source_timestamp":2015504087246222,"circlet_count":0,"master_deck":["Defend_G","Defend_G","Defend_G","Defend_G","Survivor","Neutralize","Finisher","Slice","Deflect","Cloak And Dagger","Footwork","Footwork","Backstab","After Image+1","Blur","After Image","Slice","Blade Dance","Dagger Spray","Finisher","Caltrops","Accuracy","Accuracy","Caltrops","Infinite Blades+1","Caltrops+1","A Thousand Cuts+1","Blade Dance+1","Blade Dance+1","Panache","Apotheosis+1","Cloak And Dagger+1","Infinite Blades+1","Cloak And Dagger+1"],"relics":["Ring of the Serpent","PreservedInsect","Matryoshka","Ninja Scroll","Anchor","Peace Pipe","Black Star","Oddly Smooth Stone","Tingsha","Pantograph","Ancient Tea Set","Lantern","Tiny Chest","Pear","The Courier","Potion Belt","Vajra","Happy Flower","Art of War","Bag of Preparation","Bottled Lightning","Strawberry","Shuriken","Bottled Tornado"],"potions_floor_usage":[2,6,10,10,18,23,29,29,31,31,31,50,55,55],"damage_taken":[{"damage":2,"enemies":"Jaw Worm","floor":1,"turns":5},{"damage":0,"enemies":"2 Louse","floor":2,"turns":3},{"damage":0,"enemies":"Cultist","floor":4,"turns":3},{"damage":5,"enemies":"3 Sentries","floor":6,"turns":4},{"damage":3,"enemies":"Looter","floor":7,"turns":3},{"damage":9,"enemies":"Lagavulin","floor":10,"turns":4},{"damage":0,"enemies":"Lots of Slimes","floor":13,"turns":2},{"damage":0,"enemies":"Exordium Wildlife","floor":14,"turns":3},{"damage":7,"enemies":"The Guardian","floor":16,"turns":21},{"damage":3,"enemies":"Spheric Guardian","floor":18,"turns":10},{"damage":5,"enemies":"2 Thieves","floor":19,"turns":4},{"damage":0,"enemies":"Centurion and Healer","floor":21,"turns":8},{"damage":0,"enemies":"Shelled Parasite and Fungi","floor":22,"turns":9},{"damage":2,"enemies":"Slavers","floor":23,"turns":4},{"damage":16,"enemies":"Gremlin Leader","floor":25,"turns":10},{"damage":12,"enemies":"Sentry and Sphere","floor":28,"turns":9},{"damage":4,"enemies":"Snecko","floor":29,"turns":9},{"damage":35,"enemies":"Cultist and Chosen","floor":30,"turns":8},{"damage":0,"enemies":"Slavers","floor":31,"turns":3},{"damage":33,"enemies":"Collector","floor":33,"turns":13},{"damage":11,"enemies":"3 Darklings","floor":35,"turns":5},{"damage":4,"enemies":"3 Shapes","floor":37,"turns":3},{"damage":9,"enemies":"Jaw Worm Horde","floor":38,"turns":8},{"damage":14,"enemies":"Giant Head","floor":40,"turns":8},{"damage":0,"enemies":"Sphere and 2 Shapes","floor":46,"turns":5},{"damage":21,"enemies":"Nemesis","floor":47,"turns":5},{"damage":37,"enemies":"Awakened One","floor":50,"turns":7},{"damage":31,"enemies":"Shield and Spear","floor":54,"turns":5},{"damage":60,"enemies":"The Heart","floor":55,"turns":6}],"seed_played":"-419650537571018907","potions_obtained":[{"floor":1,"key":"EntropicBrew"},{"floor":6,"key":"Strength Potion"},{"floor":10,"key":"SkillPotion"},{"floor":13,"key":"Weak Potion"},{"floor":19,"key":"Strength Potion"},{"floor":21,"key":"EntropicBrew"},{"floor":29,"key":"LiquidBronze"},{"floor":30,"key":"Dexterity Potion"},{"floor":35,"key":"FearPotion"},{"floor":38,"key":"Energy Potion"},{"floor":47,"key":"EssenceOfSteel"},{"floor":54,"key":"Energy Potion"}],"is_trial":false,"path_per_floor":["M","M","$","M","$","E","M","R","T","E","R","?","M","M","R","B",null,"M","M","$","M","M","E","?","E","T","R","M","M","M","E","R","B",null,"M","?","M","M","$","E","R","?","T","R","$","M","E","T","R","B",null,"R","$","E","B",null],"character_chosen":"THE_SILENT","items_purchased":["PreservedInsect","Deflect","Blade Dance","Dagger Spray","Panache","Apotheosis"],"campfire_rested":3,"item_purchase_floors":[3,3,20,20,39,39],"current_hp_per_floor":[68,68,68,68,68,63,60,60,60,51,51,51,51,51,51,44,70,67,62,62,62,62,60,60,44,44,65,53,49,14,24,48,40,80,69,69,65,56,56,42,42,42,42,66,66,66,45,52,52,40,87,87,87,56,21],"gold":97,"neow_bonus":"HUNDRED_GOLD","is_prod":false,"is_daily":false,"chose_seed":false,"campfire_upgraded":3,"win_rate":0,"timestamp":1560296781,"path_taken":["M","M","$","M","$","E","M","R","T","E","R","?","M","M","R","BOSS","M","M","$","M","M","E","?","E","T","R","M","M","M","E","R","BOSS","M","?","?","M","$","E","R","?","T","R","$","?","E","?","R","BOSS","R","$","E","BOSS"],"build_version":"2019-01-23","purchased_purges":3,"victory":true,"max_hp_per_floor":[70,70,70,70,70,70,70,70,70,70,70,70,70,70,70,70,70,70,70,70,70,70,70,70,70,70,70,70,70,70,80,80,80,80,80,80,80,80,80,80,80,80,80,80,80,80,80,87,87,87,87,87,87,87,87],"card_choices":[{"not_picked":["Accuracy","Dagger Throw"],"picked":"Finisher","floor":1},{"not_picked":["Flying Knee","Outmaneuver"],"picked":"Slice","floor":2},{"not_picked":["Underhanded Strike","Acrobatics"],"picked":"Cloak And Dagger","floor":4},{"not_picked":["Underhanded Strike","Bouncing Flask"],"picked":"Footwork","floor":6},{"not_picked":["Dagger Throw","Predator"],"picked":"Footwork","floor":7},{"not_picked":["Acrobatics","Escape Plan"],"picked":"Backstab","floor":10},{"not_picked":["Heel Hook","Bane"],"picked":"After Image","floor":13},{"not_picked":["Quick Slash","Distraction"],"picked":"Blur","floor":14},{"not_picked":["Phantasmal Killer","Die Die Die"],"picked":"After Image","floor":16},{"not_picked":["Prepared+1","Crippling Poison"],"picked":"Slice","floor":18},{"not_picked":["Calculated Gamble","Acrobatics","Prepared"],"picked":"SKIP","floor":19},{"not_picked":["Flying Knee+1","Masterful Stab+1"],"picked":"Finisher","floor":21},{"not_picked":["Bane","Underhanded Strike"],"picked":"Caltrops","floor":22},{"not_picked":["Outmaneuver","Acrobatics"],"picked":"Accuracy","floor":23},{"not_picked":["Noxious Fumes","Masterful Stab","Dagger Throw"],"picked":"SKIP","floor":25},{"not_picked":["Sucker Punch","Tactician"],"picked":"Accuracy","floor":28},{"not_picked":["Flying Knee+1","Well Laid Plans"],"picked":"Caltrops","floor":29},{"not_picked":["Finisher","Calculated Gamble"],"picked":"Infinite Blades+1","floor":30},{"not_picked":["Malaise","Flying Knee"],"picked":"Caltrops+1","floor":31},{"not_picked":["Corpse Explosion","Glass Knife"],"picked":"A Thousand Cuts","floor":33},{"not_picked":["Accuracy","Quick Slash+1"],"picked":"Blade Dance+1","floor":35},{"not_picked":["Deflect","Setup"],"picked":"Blade Dance+1","floor":37},{"not_picked":["Riddle With Holes+1","Prepared+1","Slice"],"picked":"SKIP","floor":38},{"not_picked":["Slice+1","Heel Hook"],"picked":"Cloak And Dagger+1","floor":40},{"not_picked":["Flying Knee+1","Skewer","Night Terror"],"picked":"SKIP","floor":46},{"not_picked":["Choke","Doppelganger","A Thousand Cuts"],"picked":"SKIP","floor":47},{"not_picked":["Flying Knee","Escape Plan+1"],"picked":"Cloak And Dagger+1","floor":54}],"player_experience":762079,"relics_obtained":[{"floor":6,"key":"Matryoshka"},{"floor":9,"key":"Ninja Scroll"},{"floor":9,"key":"Anchor"},{"floor":10,"key":"Peace Pipe"},{"floor":23,"key":"Oddly Smooth Stone"},{"floor":23,"key":"Tingsha"},{"floor":25,"key":"Ancient Tea Set"},{"floor":25,"key":"Lantern"},{"floor":26,"key":"Tiny Chest"},{"floor":31,"key":"Pear"},{"floor":31,"key":"The Courier"},{"floor":40,"key":"Vajra"},{"floor":40,"key":"Happy Flower"},{"floor":43,"key":"Art of War"},{"floor":47,"key":"Bag of Preparation"},{"floor":47,"key":"Bottled Lightning"},{"floor":48,"key":"Strawberry"},{"floor":54,"key":"Shuriken"},{"floor":54,"key":"Bottled Tornado"}],"event_choices":[{"cards_removed":["Strike_G"],"damage_healed":0,"gold_gain":0,"player_choice":"Card Removal","damage_taken":0,"max_hp_gain":0,"max_hp_loss":0,"event_name":"The Cleric","floor":12,"gold_loss":50},{"damage_healed":0,"gold_gain":0,"player_choice":"Obtained Relic","damage_taken":0,"relics_obtained":["Pantograph"],"max_hp_gain":0,"max_hp_loss":0,"event_name":"Addict","floor":24,"gold_loss":85},{"damage_healed":0,"gold_gain":0,"player_choice":"Gave Potion","damage_taken":0,"relics_obtained":["Potion Belt"],"max_hp_gain":0,"max_hp_loss":0,"event_name":"WeMeetAgain","floor":36,"gold_loss":0},{"damage_healed":0,"gold_gain":0,"player_choice":"Copied","damage_taken":0,"max_hp_gain":0,"max_hp_loss":0,"event_name":"Duplicator","floor":42,"gold_loss":0,"cards_obtained":["Infinite Blades"]}],"is_beta":false,"boss_relics":[{"not_picked":["Fusion Hammer","Coffee Dripper"],"picked":"Black Star"},{"not_picked":["Velvet Choker","Snecko Eye"],"picked":"Ring of the Serpent"}],"items_purged_floors":[39,45,53],"is_endless":false,"potions_floor_spawned":[1,6,7,10,13,19,21,22,29,30,35,38,47,54],"ascension_level":0}