{"gold_per_floor":[119,119,119,130,141,171,171,498,522,522,547,547,125,141,141,218,218,194,210,223,223,223,223,223],"floor_reached":24,"playtime":946,"items_purged":["Strike_B"],"score":417,"play_id":"5668d22e-4e43-4f3f-96c1-70a7f9c41569","local_time":"20190824205456","is_ascension_mode":true,"campfire_choices":[{"floor":7,"key":"REST"},{"floor":10,"key":"REST"},{"floor":15,"key":"REST"},{"floor":23,"key":"DIG"}],"neow_cost":"NONE","seed_source_timestamp":375946328895700,"circlet_count":0,"master_deck":["AscendersBane","Strike_B","Defend_B","Defend_B","Defend_B","Zap","Dualcast","Leap","Conserve Battery","Glacier","Defragment+1","Cold Snap","Core Surge","Stack","Sweeping Beam","Core Surge","Melter+1","Aggregate+1","Lockon+1","FTL","Beam Cell+1","Loop"],"relics":["Fusion Hammer","Ancient Tea Set","Lantern","Old Coin","Juzu Bracelet","Sundial","Shovel","Astrolabe","Bag of Marbles"],"potions_floor_usage":[6,8,14,16,24],"damage_taken":[{"damage":1,"enemies":"2 Louse","floor":1,"turns":2},{"damage":2,"enemies":"Jaw Worm","floor":4,"turns":4},{"damage":0,"enemies":"Cultist","floor":5,"turns":5},{"damage":8,"enemies":"Lagavulin","floor":6,"turns":9},{"damage":40,"enemies":"Gremlin Nob","floor":8,"turns":5},{"damage":11,"enemies":"Lagavulin","floor":11,"turns":9},{"damage":9,"enemies":"Large Slime","floor":14,"turns":8},{"damage":27,"enemies":"Slime Boss","floor":16,"turns":14},{"damage":9,"enemies":"2 Thieves","floor":18,"turns":4},{"damage":0,"enemies":"Chosen","floor":19,"turns":5},{"damage":12,"enemies":"Snake Plant","floor":20,"turns":5},{"damage":37,"enemies":"Gremlin Leader","floor":24,"turns":4}],"seed_played":"-687741513475247002","potions_obtained":[{"floor":3,"key":"SpeedPotion"},{"floor":3,"key":"SkillPotion"},{"floor":4,"key":"Fire Potion"},{"floor":5,"key":"FocusPotion"},{"floor":11,"key":"Weak Potion"},{"floor":14,"key":"FocusPotion"},{"floor":16,"key":"Strength Potion"},{"floor":20,"key":"FearPotion"}],"is_trial":false,"path_per_floor":["M","?","?","M","M","E","R","E","T","R","E","?","$","M","R","B",null,"M","M","M","?","?","R","E"],"character_chosen":"DEFECT","items_purchased":["Shovel","Stack"],"campfire_rested":3,"item_purchase_floors":[13,13],"current_hp_per_floor":[63,45,45,43,43,35,56,16,16,37,26,26,26,17,38,11,56,47,47,35,35,35,35,0],"gold":223,"neow_bonus":"BOSS_RELIC","is_prod":false,"is_daily":false,"chose_seed":false,"campfire_upgraded":0,"win_rate":0,"timestamp":1566647696,"path_taken":["M","?","?","M","M","E","R","E","T","R","E","?","$","M","R","BOSS","M","M","M","?","?","R","E"],"build_version":"2019-07-17","purchased_purges":1,"victory":false,"max_hp_per_floor":[71,71,71,71,71,71,71,71,71,71,71,71,71,71,71,71,71,71,71,71,71,71,71,71],"card_choices":[{"not_picked":["Sweeping Beam","Redo"],"picked":"Leap","floor":1},{"not_picked":["Auto Shields","Stack"],"picked":"Conserve Battery","floor":4},{"not_picked":["Beam Cell","Ball Lightning"],"picked":"Glacier","floor":5},{"not_picked":["Coolheaded","Conserve Battery"],"picked":"Defragment","floor":6},{"not_picked":["Beam Cell","Steam Power"],"picked":"Cold Snap","floor":8},{"not_picked":["Coolheaded","Stack"],"picked":"Core Surge","floor":11},{"not_picked":["Doom and Gloom","Reprogram"],"picked":"Sweeping Beam","floor":14},{"not_picked":["Creative AI","Multi-Cast"],"picked":"Core Surge","floor":16},{"not_picked":["Stack","Turbo"],"picked":"FTL","floor":18},{"not_picked":["Stack","Leap"],"picked":"Beam Cell+1","floor":19},{"not_picked":["Turbo","Hologram"],"picked":"Loop","floor":20}],"player_experience":234187,"relics_obtained":[{"floor":6,"key":"Lantern"},{"floor":8,"key":"Old Coin"},{"floor":9,"key":"Juzu Bracelet"},{"floor":11,"key":"Sundial"},{"floor":23,"key":"Bag of Marbles"}],"event_choices":[{"damage_healed":0,"gold_gain":0,"player_choice":"Success","damage_taken":18,"relics_obtained":["Ancient Tea Set"],"max_hp_gain":0,"max_hp_loss":0,"event_name":"Scrap Ooze","floor":2,"gold_loss":0},{"damage_healed":0,"gold_gain":0,"player_choice":"Got Potions","damage_taken":0,"max_hp_gain":0,"max_hp_loss":0,"event_name":"Lab","floor":3,"gold_loss":0},{"damage_healed":0,"gold_gain":0,"player_choice":"Grow","damage_taken":0,"max_hp_gain":0,"max_hp_loss":0,"event_name":"Living Wall","floor":12,"gold_loss":0,"cards_upgraded":["Defragment"]},{"damage_healed":0,"gold_gain":0,"player_choice":"Ignored","damage_taken":0,"max_hp_gain":0,"max_hp_loss":0,"event_name":"Cursed Tome","floor":21,"gold_loss":0},{"damage_healed":0,"gold_gain":0,"player_choice":"Ignored","damage_taken":0,"max_hp_gain":0,"max_hp_loss":0,"event_name":"N\u0027loth","floor":22,"gold_loss":0}],"is_beta":false,"boss_relics":[{"not_picked":["Runic Dome","Coffee Dripper"],"picked":"Astrolabe"}],"items_purged_floors":[13],"is_endless":false,"potions_floor_spawned":[4,5,11,14,16,20],"killed_by":"Gremlin Leader","ascension_level":19}