{"gold_per_floor":[19,35,52,52,52,52,85,105,105,105],"floor_reached":10,"playtime":325,"items_purged":[],"score":78,"play_id":"a65cceb6-3b4d-4f4b-9c56-f221c4fe05ff","local_time":"20180713171140","is_ascension_mode":true,"campfire_choices":[{"floor":6,"key":"REST"}],"neow_cost":"NO_GOLD","seed_source_timestamp":12450268314859,"circlet_count":0,"master_deck":["Strike_R","Strike_R","Strike_R","Strike_R","Strike_R","Defend_R","Defend_R","Defend_R","Defend_R","Bash","Pommel Strike","Uppercut","Infernal Blade","Burning Pact"],"special_seed":17725,"relics":["Burning Blood","Letter Opener","Golden Idol","Girya","Incense Burner"],"potions_floor_usage":[10,10],"damage_taken":[{"damage":0,"enemies":"Small Slimes","floor":1,"turns":3},{"damage":14,"enemies":"Jaw Worm","floor":2,"turns":5},{"damage":10,"enemies":"2 Louse","floor":3,"turns":3},{"damage":6,"enemies":"Gremlin Nob","floor":7,"turns":3},{"damage":43,"enemies":"Gremlin Gang","floor":8,"turns":5},{"damage":41,"enemies":"Lagavulin","floor":10,"turns":6}],"seed_played":"8510599473997845640","potions_obtained":[{"floor":1,"key":"Swift Potion"},{"floor":2,"key":"Swift Potion"}],"is_trial":false,"path_per_floor":["M","M","M","?","?","R","E","M","T"],"character_chosen":"IRONCLAD","items_purchased":[],"campfire_rested":1,"item_purchase_floors":[],"current_hp_per_floor":[80,72,68,56,56,74,74,37,37,0],"gold":105,"neow_bonus":"THREE_RARE_CARDS","is_prod":false,"is_daily":false,"chose_seed":false,"campfire_upgraded":0,"win_rate":0,"timestamp":1531516300,"path_taken":["M","M","M","?","?","R","E","M","T","E"],"build_version":"2018-07-12","purchased_purges":0,"victory":false,"max_hp_per_floor":[80,80,80,80,74,74,74,74,74,74],"card_choices":[{"not_picked":["Corruption","Dropkick"],"picked":"Pommel Strike","floor":1},{"not_picked":["Body Slam","Warcry"],"picked":"Uppercut","floor":2},{"not_picked":["Sword Boomerang","Pommel Strike"],"picked":"Infernal Blade","floor":3},{"not_picked":["Entrench","Carnage"],"picked":"Burning Pact","floor":7},{"not_picked":["Sword Boomerang","Bloodletting","Warcry"],"picked":"SKIP","floor":8}],"player_experience":272732,"relics_obtained":[{"floor":7,"key":"Girya"},{"floor":9,"key":"Incense Burner"}],"event_choices":[{"event_name":"Scrap Ooze","player_choice":"success","floor":4,"damage_taken":12},{"event_name":"Golden Idol","player_choice":"Lose Max HP","floor":5,"damage_taken":0}],"boss_relics":[],"items_purged_floors":[],"is_endless":false,"potions_floor_spawned":[1,2],"killed_by":"Lagavulin","ascension_level":3}