{"gold_per_floor":[117,42,42,117,8,8,39,58,135,135,170,181,192,208,208,208],"floor_reached":16,"playtime":257,"items_purged":[],"score":270,"play_id":"03d36d77-c461-4f2e-b5a5-6c0af584ed8e","local_time":"20190327012623","is_ascension_mode":true,"campfire_choices":[{"data":"Neutralize","floor":6,"key":"SMITH"},{"data":"Glass Knife","floor":10,"key":"SMITH"},{"data":"Envenom","floor":15,"key":"SMITH"}],"neow_cost":"NONE","seed_source_timestamp":11471233389776,"circlet_count":0,"master_deck":["AscendersBane","Defend_G","Defend_G","Defend_G","Defend_G","Defend_G","Strike_G","Strike_G","Strike_G","Strike_G","Survivor","Neutralize+1","Sucker Punch","Noxious Fumes","Dagger Spray","Glass Knife+1","Flying Knee","Bane","Bouncing Flask","Poisoned Stab","Envenom+1"],"relics":["Ring of the Snake","NeowsBlessing","Snake Skull","StoneCalendar","Tiny Chest","Centennial Puzzle"],"potions_floor_usage":[11,13,14,16],"damage_taken":[{"damage":0,"enemies":"Small Slimes","floor":1,"turns":1},{"damage":0,"enemies":"Gremlin Nob","floor":7,"turns":1},{"damage":0,"enemies":"2 Louse","floor":8,"turns":1},{"damage":20,"enemies":"3 Sentries","floor":11,"turns":6},{"damage":0,"enemies":"Jaw Worm","floor":12,"turns":3},{"damage":6,"enemies":"Exordium Wildlife","floor":13,"turns":2},{"damage":7,"enemies":"Exordium Thugs","floor":14,"turns":4},{"damage":10,"enemies":"The Guardian","floor":16,"turns":3}],"seed_played":"-7899218436361475360","potions_obtained":[{"floor":8,"key":"Strength Potion"},{"floor":11,"key":"Explosive Potion"},{"floor":13,"key":"Block Potion"},{"floor":14,"key":"Energy Potion"}],"is_trial":false,"path_per_floor":["M","?","?","?","$","R","E","M","T","R","E","M","M","M","R","B"],"character_chosen":"THE_SILENT","items_purchased":["Noxious Fumes","Dagger Spray"],"campfire_rested":0,"item_purchase_floors":[5,5],"current_hp_per_floor":[59,59,48,37,37,37,37,37,37,37,17,17,11,4,4,0],"gold":208,"neow_bonus":"THREE_ENEMY_KILL","is_prod":false,"is_daily":false,"chose_seed":false,"campfire_upgraded":3,"win_rate":0,"timestamp":1553675183,"path_taken":["M","?","?","?","?","R","E","M","T","R","E","M","M","M","R","BOSS"],"build_version":"2019-03-15","purchased_purges":0,"victory":false,"max_hp_per_floor":[66,66,66,66,66,66,66,66,66,66,66,66,66,66,66,66],"card_choices":[{"not_picked":["Acrobatics","Flechettes"],"picked":"Sucker Punch","floor":1},{"not_picked":["Eviscerate","Heel Hook"],"picked":"Glass Knife","floor":7},{"not_picked":["Dagger Spray","Terror"],"picked":"Flying Knee","floor":8},{"not_picked":["Dagger Spray","Dodge and Roll"],"picked":"Bane","floor":11},{"not_picked":["Crippling Poison","Slice"],"picked":"Bouncing Flask","floor":12},{"not_picked":["Quick Slash","Cloak And Dagger"],"picked":"Poisoned Stab","floor":13},{"not_picked":["Accuracy","Quick Slash"],"picked":"Envenom","floor":14}],"player_experience":1365015,"relics_obtained":[{"floor":7,"key":"StoneCalendar"},{"floor":9,"key":"Tiny Chest"},{"floor":11,"key":"Centennial Puzzle"}],"event_choices":[{"cards_removed":["Strike_G"],"damage_healed":0,"gold_gain":0,"player_choice":"Card Removal","damage_taken":0,"max_hp_gain":0,"max_hp_loss":0,"event_name":"The Cleric","floor":2,"gold_loss":75},{"damage_healed":0,"gold_gain":0,"player_choice":"Success","damage_taken":11,"relics_obtained":["Snake Skull"],"max_hp_gain":0,"max_hp_loss":0,"event_name":"Scrap Ooze","floor":3,"gold_loss":0},{"damage_healed":0,"gold_gain":75,"player_choice":"Gather Gold","damage_taken":11,"max_hp_gain":0,"max_hp_loss":0,"event_name":"World of Goop","floor":4,"gold_loss":0}],"is_beta":true,"boss_relics":[],"items_purged_floors":[],"is_endless":false,"potions_floor_spawned":[8,11,13,14],"killed_by":"The Guardian","ascension_level":20}