{"gold_per_floor":[113,113,130,5,19,51,64,82,82,82,117,117,142,160,160,237,237,252,281,281,62,77,77],"floor_reached":23,"playtime":692,"items_purged":["Strike_R","Strike_R+1"],"score":422,"play_id":"cfa4b33f-9857-4aa5-a4af-ffb32026bf20","local_time":"20190112120055","is_ascension_mode":true,"campfire_choices":[{"data":"True Grit","floor":10.0,"key":"SMITH"},{"data":"True Grit","floor":12,"key":"SMITH"},{"data":"True Grit","floor":15,"key":"SMITH"}],"neow_cost":"TEN_PERCENT_HP_LOSS","seed_source_timestamp":77359500288968,"circlet_count":0,"master_deck":["AscendersBane","Strike_R+1","Strike_R+1","Strike_R+1","Defend_R+1","Defend_R+1","Defend_R+1","Defend_R+1","Bash","Immolate+1","Feel No Pain","True Grit+1","True Grit+1","True Grit+1","Shrug It Off","Shrug It Off","Immolate","Evolve","Enlightenment","Disarm"],"special_seed":0,"relics":["Burning Blood","Oddly Smooth Stone","Kunai","Smiling Mask","Blue Candle","Runic Dome","Red Mask"],"potions_floor_usage":[11,11,16,16],"damage_taken":[{"damage":4.0,"enemies":"Small Slimes","floor":1.0,"turns":3.0},{"damage":0.0,"enemies":"Cultist","floor":3.0,"turns":2.0},{"damage":7.0,"enemies":"Jaw Worm","floor":5.0,"turns":2.0},{"damage":3.0,"enemies":"3 Sentries","floor":6.0,"turns":4.0},{"damage":3.0,"enemies":"Large Slime","floor":7.0,"turns":4.0},{"damage":12.0,"enemies":"Exordium Thugs","floor":8.0,"turns":3.0},{"damage":27,"enemies":"Lagavulin","floor":11,"turns":7},{"damage":26,"enemies":"Gremlin Nob","floor":13,"turns":4},{"damage":2,"enemies":"Blue Slaver","floor":14,"turns":5},{"damage":18,"enemies":"The Guardian","floor":16,"turns":14},{"damage":20,"enemies":"Chosen","floor":18,"turns":5},{"damage":0,"enemies":"Masked Bandits","floor":19,"turns":2},{"damage":0,"enemies":"3 Byrds","floor":22,"turns":5},{"damage":56,"enemies":"Book of Stabbing","floor":23,"turns":7}],"seed_played":"6136671647682232168","potions_obtained":[{"floor":1.0,"key":"AttackPotion"},{"floor":3.0,"key":"Swift Potion"},{"floor":7.0,"key":"SteroidPotion"},{"floor":8.0,"key":"PowerPotion"},{"floor":13,"key":"PowerPotion"},{"floor":14,"key":"Fire Potion"}],"is_trial":false,"path_per_floor":["M","?","M","$","M","E","M","M","T","R","E","R","E","M","R","B",null,"M","?","?","$","M","E"],"character_chosen":"IRONCLAD","items_purchased":["True Grit","Evolve","Enlightenment"],"campfire_rested":0,"item_purchase_floors":[4,21,21],"current_hp_per_floor":[68,68,68,68,67,68,68,62,62,62,41,41,21,25,25,13,54,40,46,46,46,52,0],"gold":77,"neow_bonus":"THREE_RARE_CARDS","is_prod":false,"is_daily":false,"chose_seed":false,"campfire_upgraded":3,"win_rate":0,"timestamp":1547323255,"path_taken":["M","?","M","$","M","E","?","?","T","R","E","R","E","M","R","BOSS","M","?","?","$","?","E"],"build_version":"2019-01-10","purchased_purges":2,"victory":false,"max_hp_per_floor":[68,68,68,68,68,68,68,68,68,68,68,68,68,68,68,68,68,68,68,68,68,68,68],"card_choices":[{"not_picked":["Offering","Fiend Fire"],"picked":"Immolate","floor":0.0},{"not_picked":["Warcry","Clothesline"],"picked":"Feel No Pain","floor":3.0},{"not_picked":["Sword Boomerang","Fire Breathing"],"picked":"True Grit","floor":6.0},{"not_picked":["Burning Pact","Blood for Blood"],"picked":"True Grit","floor":8.0},{"not_picked":["Impervious","Sentinel"],"picked":"Shrug It Off","floor":11},{"not_picked":["Twin Strike","Headbutt"],"picked":"Shrug It Off","floor":13},{"not_picked":["Exhume","Limit Break"],"picked":"Immolate","floor":16},{"not_picked":["Havoc","Clash"],"picked":"Disarm","floor":22}],"player_experience":1013846,"relics_obtained":[{"floor":6.0,"key":"Oddly Smooth Stone"},{"floor":9.0,"key":"Kunai"},{"floor":11,"key":"Smiling Mask"},{"floor":13,"key":"Blue Candle"},{"floor":19,"key":"Red Mask"}],"event_choices":[{"damage_healed":0.0,"max_hp_gain":0.0,"max_hp_loss":0.0,"gold_gain":0.0,"event_name":"Upgrade Shrine","player_choice":"Upgraded","floor":2.0,"gold_loss":0.0,"damage_taken":0.0,"cards_upgraded":["Immolate"]},{"damage_healed":0,"gold_gain":0,"player_choice":"Fought Bandits","damage_taken":0,"max_hp_gain":0,"max_hp_loss":0,"event_name":"Masked Bandits","floor":19,"gold_loss":0},{"damage_healed":0,"gold_gain":0,"player_choice":"Simplicity","damage_taken":0,"max_hp_gain":0,"max_hp_loss":0,"event_name":"Back to Basics","floor":20,"gold_loss":0,"cards_upgraded":["Strike_R","Strike_R","Strike_R","Strike_R","Defend_R","Defend_R","Defend_R","Defend_R"]}],"is_beta":true,"boss_relics":[{"not_picked":["Black Blood","Philosopher\u0027s Stone"],"picked":"Runic Dome"}],"items_purged_floors":[4,21],"is_endless":false,"potions_floor_spawned":[1,3,7,8,13,14],"killed_by":"Book of Stabbing","ascension_level":20}