{"gold_per_floor":[111,111,111,123,36,71,71,99,99,117,117,134,147,177,177,256,256,269,289,14,29,29,29,59,59,85,99,114,114,145,4,4,77,77,90,190,190,205,21,49,49,95,120,153,165,190,202,248,260,272,284,296,308,23,51,51],"floor_reached":57,"playtime":2651,"items_purged":["Strike_R","Pain","Strike_R"],"score":3242,"play_id":"d13935f5-5284-4f88-ab28-8064df67f900","local_time":"20190122223946","is_ascension_mode":true,"campfire_choices":[{"data":"Uppercut","floor":7.0,"key":"SMITH"},{"data":"Whirlwind","floor":15.0,"key":"SMITH"},{"floor":23.0,"key":"REST"},{"floor":25.0,"key":"REST"},{"floor":32,"key":"REST"},{"floor":41,"key":"RECALL"},{"floor":45,"key":"REST"},{"floor":49,"key":"REST"},{"floor":53,"key":"REST"}],"neow_cost":"NONE","seed_source_timestamp":0,"circlet_count":0,"master_deck":["AscendersBane","Strike_R","Strike_R+1","Strike_R","Defend_R","Defend_R","Defend_R","Defend_R","Bash+1","Flex","Thunderclap","Dual Wield","Uppercut+1","Inflame+1","Fire Breathing+1","Whirlwind+1","Barricade+1","Dark Embrace+1","Burning Pact+1","Feel No Pain+1","Corruption+1","Ghostly Armor","Seeing Red","Fire Breathing+1","Sentinel","Shockwave+1","Corruption+1","Battle Trance","Inflame+1","Juggernaut+1","Sentinel","Corruption+1","Madness","Madness","Infernal Blade","Panache+1","Body Slam","Fiend Fire","Whirlwind","Disarm+1","Fire Breathing+1","Panacea","Shockwave+1"],"special_seed":0,"relics":["Burning Blood","NeowsBlessing","Dead Branch","Frozen Egg 2","StoneCalendar","Bottled Tornado","Fusion Hammer","WarpedTongs","Letter Opener","Ornamental Fan","Snecko Eye","Ginger","Mummified Hand","Gambling Chip","Potion Belt","MawBank","Pear","Blood Vial"],"potions_floor_usage":[30,50,50,50,50],"damage_taken":[{"damage":0.0,"enemies":"2 Louse","floor":1.0,"turns":2.0},{"damage":0.0,"enemies":"Small Slimes","floor":4.0,"turns":1.0},{"damage":0.0,"enemies":"Lagavulin","floor":6.0,"turns":1.0},{"damage":10.0,"enemies":"3 Sentries","floor":8.0,"turns":4.0},{"damage":4.0,"enemies":"Cultist","floor":10.0,"turns":3.0},{"damage":8.0,"enemies":"3 Louse","floor":12.0,"turns":4.0},{"damage":9.0,"enemies":"Red Slaver","floor":13.0,"turns":4.0},{"damage":20.0,"enemies":"Lagavulin","floor":14.0,"turns":6.0},{"damage":28.0,"enemies":"Slime Boss","floor":16.0,"turns":6.0},{"damage":27.0,"enemies":"Shell Parasite","floor":18.0,"turns":5.0},{"damage":38.0,"enemies":"2 Thieves","floor":19.0,"turns":4.0},{"damage":0.0,"enemies":"Centurion and Healer","floor":21.0,"turns":4.0},{"damage":22.0,"enemies":"Book of Stabbing","floor":24.0,"turns":4.0},{"damage":18,"enemies":"Snake Plant","floor":27,"turns":5},{"damage":0,"enemies":"Cultist and Chosen","floor":28,"turns":6},{"damage":1,"enemies":"Gremlin Leader","floor":30,"turns":2},{"damage":0,"enemies":"Automaton","floor":33,"turns":6},{"damage":7,"enemies":"3 Shapes","floor":35,"turns":4},{"damage":0,"enemies":"Mind Bloom Boss Battle","floor":36,"turns":4},{"damage":0,"enemies":"Orb Walker","floor":38,"turns":2},{"damage":4,"enemies":"Giant Head","floor":40,"turns":4},{"damage":0,"enemies":"2 Orb Walkers","floor":42,"turns":2},{"damage":10,"enemies":"Reptomancer","floor":44,"turns":2},{"damage":0,"enemies":"Transient","floor":46,"turns":4},{"damage":0,"enemies":"Nemesis","floor":48,"turns":3},{"damage":0,"enemies":"Donu and Deca","floor":50,"turns":3},{"damage":19,"enemies":"Awakened One","floor":51,"turns":3},{"damage":1,"enemies":"Shield and Spear","floor":55,"turns":2},{"damage":33,"enemies":"The Heart","floor":56,"turns":6}],"seed_played":"-6543727478087931427","potions_obtained":[{"floor":1.0,"key":"PowerPotion"},{"floor":6.0,"key":"Dexterity Potion"},{"floor":13.0,"key":"SneckoOil"},{"floor":16.0,"key":"EssenceOfSteel"},{"floor":21.0,"key":"Dexterity Potion"},{"floor":24.0,"key":"SpeedPotion"},{"floor":28,"key":"BloodPotion"},{"floor":35,"key":"Dexterity Potion"},{"floor":46,"key":"AttackPotion"},{"floor":48,"key":"Block Potion"}],"is_trial":false,"path_per_floor":["M","?","?","M","$","E","R","E","T","M","?","M","M","E","R","B",null,"M","M","$","M","?","R","E","R","M","?","?","?","?","?"],"character_chosen":"IRONCLAD","items_purchased":["Dual Wield","Corruption+1","Ghostly Armor","Seeing Red","Inflame+1","Panache+1","Fire Breathing+1","Panacea"],"campfire_rested":6,"item_purchase_floors":[5,20,20,20,31,39,54,54],"current_hp_per_floor":[74,79,55,61,61,67,67,63,63,65,65,63,60,46,46,24,66,45,13,13,19,19,43,27,51,51,39,45,45,58,58,80,80,80,79,80,66,72,72,74,74,80,80,76,80,80,80,90,90,90,77,87,90,90,90,63],"gold":51,"neow_bonus":"THREE_ENEMY_KILL","is_prod":false,"is_daily":false,"chose_seed":false,"campfire_upgraded":2,"win_rate":0,"timestamp":1548225586,"path_taken":["M","?","?","M","$","E","R","E","T","M","?","M","M","E","R","BOSS","M","M","$","M","?","R","E","R","T","M","?","?","E","$","R","BOSS","M","?","?","M","$","E","R","?","T","E","R","M","?","E","R","BOSS","BOSS","R","$","E","BOSS"],"build_version":"2019-01-22","purchased_purges":3,"victory":true,"max_hp_per_floor":[75,80,80,80,80,80,80,80,80,80,80,80,80,80,80,80,80,80,80,80,80,80,80,80,80,80,80,80,80,80,80,80,80,80,80,80,80,80,80,80,80,80,80,80,80,80,80,90,90,90,90,90,90,90,90,90],"card_choices":[{"not_picked":["Thunderclap","Body Slam"],"picked":"Flex","floor":1.0},{"not_picked":["Burning Pact","Seeing Red"],"picked":"Thunderclap","floor":4.0},{"not_picked":["Pommel Strike","Wild Strike"],"picked":"Uppercut","floor":6.0},{"not_picked":["Heavy Blade","Burning Pact"],"picked":"Inflame","floor":8.0},{"not_picked":["Sword Boomerang","Bloodletting"],"picked":"Carnage","floor":10.0},{"not_picked":["Cleave","Flex"],"picked":"Fire Breathing+1","floor":12.0},{"not_picked":["Headbutt","Flex"],"picked":"Whirlwind","floor":13.0},{"not_picked":["Flame Barrier","Carnage"],"picked":"Barricade+1","floor":14.0},{"not_picked":["Demon Form+1","Exhume"],"picked":"Dark Embrace+1","floor":16.0},{"not_picked":["Wild Strike","Searing Blow"],"picked":"Burning Pact+1","floor":18.0},{"not_picked":["Warcry","Body Slam"],"picked":"Feel No Pain+1","floor":19.0},{"not_picked":["Hemokinesis","Iron Wave+1"],"picked":"Fire Breathing+1","floor":21.0},{"not_picked":["Shrug It Off","Iron Wave"],"picked":"Sentinel","floor":27},{"not_picked":["Berserk+1","Clothesline"],"picked":"Shockwave+1","floor":28},{"not_picked":["Pommel Strike","Carnage"],"picked":"Battle Trance","floor":30},{"not_picked":["Barricade+1","Exhume"],"picked":"Juggernaut+1","floor":33},{"not_picked":["Iron Wave","Clothesline"],"picked":"Sentinel","floor":35},{"not_picked":["Clash+1","Blood for Blood"],"picked":"Corruption+1","floor":36},{"not_picked":["Heavy Blade","Dropkick"],"picked":"Infernal Blade","floor":38},{"not_picked":["Dropkick","True Grit"],"picked":"Body Slam","floor":40},{"not_picked":["Thunderclap+1","Combust+1"],"picked":"Fiend Fire","floor":42},{"not_picked":["Twin Strike+1","Intimidate"],"picked":"Whirlwind","floor":46},{"not_picked":["Anger+1","Headbutt"],"picked":"Disarm+1","floor":48},{"not_picked":["Hemokinesis","Body Slam"],"picked":"Shockwave+1","floor":55}],"player_experience":1039955,"relics_obtained":[{"floor":6.0,"key":"Dead Branch"},{"floor":8.0,"key":"Frozen Egg 2"},{"floor":9.0,"key":"StoneCalendar"},{"floor":14.0,"key":"Bottled Tornado"},{"floor":24.0,"key":"Letter Opener"},{"floor":30,"key":"Ornamental Fan"},{"floor":36,"key":"Ginger"},{"floor":40,"key":"Mummified Hand"},{"floor":42,"key":"Gambling Chip"},{"floor":43,"key":"Potion Belt"},{"floor":44,"key":"MawBank"},{"floor":48,"key":"Pear"},{"floor":55,"key":"Blood Vial"}],"event_choices":[{"damage_healed":0.0,"max_hp_gain":5.0,"max_hp_loss":0.0,"gold_gain":0.0,"event_name":"Big Fish","player_choice":"Donut","floor":2.0,"gold_loss":0.0,"damage_taken":0.0},{"damage_healed":0.0,"max_hp_gain":0.0,"max_hp_loss":0.0,"gold_gain":0.0,"event_name":"Shining Light","player_choice":"Entered Light","floor":3.0,"gold_loss":0.0,"damage_taken":24.0,"cards_upgraded":["Strike_R","Bash"]},{"damage_healed":0.0,"max_hp_gain":0.0,"max_hp_loss":0.0,"gold_gain":0.0,"event_name":"Living Wall","player_choice":"Grow","floor":11.0,"gold_loss":0.0,"damage_taken":0.0,"cards_upgraded":["Carnage"]},{"damage_healed":0.0,"max_hp_gain":0.0,"max_hp_loss":0.0,"gold_gain":0.0,"event_name":"Accursed Blacksmith","player_choice":"Rummage","floor":22.0,"gold_loss":0.0,"damage_taken":0.0,"relics_obtained":["WarpedTongs"],"cards_obtained":["Pain"]},{"damage_healed":0,"gold_gain":0,"player_choice":"Copied","damage_taken":0,"max_hp_gain":0,"max_hp_loss":0,"event_name":"Duplicator","floor":29,"gold_loss":0,"cards_obtained":["Corruption"]},{"damage_healed":0,"gold_gain":0,"player_choice":"Fight","damage_taken":0,"max_hp_gain":0,"max_hp_loss":0,"event_name":"MindBloom","floor":36,"gold_loss":0},{"damage_healed":0,"gold_gain":0,"player_choice":"Embrace Madness","damage_taken":14,"max_hp_gain":0,"max_hp_loss":0,"event_name":"Winding Halls","floor":37,"gold_loss":0,"cards_obtained":["Madness","Madness"]},{"damage_healed":0,"gold_gain":0,"player_choice":"Fight","damage_taken":0,"max_hp_gain":0,"max_hp_loss":0,"event_name":"Mysterious Sphere","floor":42,"gold_loss":0},{"cards_removed":["Carnage"],"damage_healed":0,"gold_gain":0,"player_choice":"Removed Attack","damage_taken":0,"max_hp_gain":0,"max_hp_loss":0,"event_name":"Falling","floor":47,"gold_loss":0}],"is_beta":true,"boss_relics":[{"not_picked":["Mark of Pain","Cursed Key"],"picked":"Fusion Hammer"},{"not_picked":["White Beast Statue","Pandora\u0027s Box"],"picked":"Snecko Eye"}],"items_purged_floors":[20,31,54],"is_endless":false,"potions_floor_spawned":[1,6,13,16,21,24,27,28,35,38,40,46,48],"ascension_level":20}