{"gold_per_floor":[111,32,32,48,23,57,68,78,78,78,89,89,117,137,137,214,214,214],"floor_reached":18,"playtime":439,"items_purged":[],"score":394,"play_id":"b9894b8f-29fb-4fef-b06f-484f7b10d0df","local_time":"20190401174008","is_ascension_mode":true,"campfire_choices":[{"data":"Zap","floor":10.0,"key":"SMITH"},{"data":"Hologram","floor":15,"key":"SMITH"}],"neow_cost":"NONE","seed_source_timestamp":1294178359650,"circlet_count":0,"master_deck":["AscendersBane","Strike_B","Strike_B","Strike_B","Strike_B","Defend_B","Defend_B","Defend_B","Defend_B","Zap+1","Dualcast","Leap","Conserve Battery","Coolheaded","Conserve Battery","Leap","Rebound","Hologram+1","Ball Lightning","Darkness","Ball Lightning","Conserve Battery","Creative AI"],"special_seed":0,"relics":["Cracked Core","NeowsBlessing","Juzu Bracelet","Matryoshka","Girya","Nuclear Battery"],"potions_floor_usage":[13,13,14],"damage_taken":[{"damage":0.0,"enemies":"Small Slimes","floor":1.0,"turns":1.0},{"damage":0.0,"enemies":"Cultist","floor":4.0,"turns":1.0},{"damage":0.0,"enemies":"Lagavulin","floor":6.0,"turns":1.0},{"damage":0.0,"enemies":"Jaw Worm","floor":7.0,"turns":4.0},{"damage":4.0,"enemies":"Looter","floor":8.0,"turns":4.0},{"damage":5.0,"enemies":"Large Slime","floor":11.0,"turns":5.0},{"damage":32,"enemies":"Gremlin Nob","floor":13,"turns":4},{"damage":0,"enemies":"Lots of Slimes","floor":14,"turns":1},{"damage":19,"enemies":"The Guardian","floor":16,"turns":13},{"damage":3,"enemies":"Shell Parasite","floor":18,"turns":3}],"seed_played":"-3811887578562402455","potions_obtained":[{"floor":1.0,"key":"GamblersBrew"},{"floor":3.0,"key":"Poison Potion"},{"floor":3.0,"key":"Strength Potion"},{"floor":11.0,"key":"PowerPotion"},{"floor":13,"key":"AttackPotion"}],"is_trial":false,"path_per_floor":["M","$","?","M","$","E","M","M","T","R","M","?","E","M","R","B",null,"M"],"character_chosen":"DEFECT","items_purchased":["Conserve Battery","Coolheaded","Leap"],"campfire_rested":0,"item_purchase_floors":[2,2,5],"current_hp_per_floor":[64,64,64,64,64,64,64,60,60,60,55,55,23,23,23,4,54,51],"gold":214,"neow_bonus":"THREE_ENEMY_KILL","is_prod":false,"is_daily":false,"chose_seed":false,"campfire_upgraded":2,"win_rate":0,"timestamp":1554165608,"path_taken":["M","$","?","?","?","E","M","M","T","R","M","?","E","M","R","BOSS","M"],"build_version":"2019-03-15","purchased_purges":0,"victory":false,"max_hp_per_floor":[71,71,71,71,71,71,71,71,71,71,71,71,71,71,71,71,71,71],"card_choices":[{"not_picked":["Force Field","Compile Driver"],"picked":"Leap","floor":1.0},{"not_picked":["Loop","Rebound"],"picked":"Conserve Battery","floor":4.0},{"not_picked":["Amplify","Double Energy"],"picked":"Rebound","floor":6.0},{"not_picked":["Barrage","Darkness"],"picked":"Hologram","floor":7.0},{"not_picked":["Thunder Strike","Turbo"],"picked":"Ball Lightning","floor":8.0},{"not_picked":["Rebound","Turbo"],"picked":"Darkness","floor":11.0},{"not_picked":["Sweeping Beam","Hologram"],"picked":"Ball Lightning","floor":13},{"not_picked":["Steam","Stack"],"picked":"Conserve Battery","floor":14},{"not_picked":["All For One","Reboot"],"picked":"Creative AI","floor":16}],"player_experience":1395771,"relics_obtained":[{"floor":6.0,"key":"Juzu Bracelet"},{"floor":9.0,"key":"Matryoshka"},{"floor":13,"key":"Girya"}],"event_choices":[{"damage_healed":0.0,"max_hp_gain":0.0,"max_hp_loss":0.0,"gold_gain":0.0,"event_name":"Lab","player_choice":"Got Potions","floor":3.0,"gold_loss":0.0,"damage_taken":0.0},{"damage_healed":0,"gold_gain":0,"player_choice":"Ignored","damage_taken":0,"max_hp_gain":0,"max_hp_loss":0,"event_name":"Shining Light","floor":12,"gold_loss":0}],"is_beta":true,"boss_relics":[{"not_picked":["Orrery","FrozenCore"],"picked":"Nuclear Battery"}],"items_purged_floors":[],"is_endless":false,"potions_floor_spawned":[1,8,11,13],"killed_by":"Shell Parasite","ascension_level":20}