{"gold_per_floor":[117,192,192,202,213,213,213,23,50,64,75,90,90,100,100,195,195,210,110,0,10,25,124,124,124,124,124,141,154,154,173,173,273,273,285,13,29,41,41,41,61,79,79,79,79],"floor_reached":45,"playtime":849,"items_purged":["Defend_G","Defend_G","Strike_G"],"score":411,"play_id":"a4ea32c4-a23b-4c5f-b33d-77142a3b2b2d","local_time":"20180709215950","is_ascension_mode":false,"campfire_choices":[{"data":"Concentrate","floor":6.0,"key":"SMITH"},{"data":"Neutralize","floor":13.0,"key":"SMITH"},{"data":"Dagger Throw","floor":15.0,"key":"SMITH"},{"data":"Well Laid Plans","floor":24,"key":"SMITH"},{"data":"Skewer","floor":30,"key":"SMITH"},{"floor":32,"key":"REST"},{"floor":40,"key":"REST"}],"neow_cost":"","seed_source_timestamp":0,"circlet_count":0,"master_deck":["Defend_G","Defend_G+1","Defend_G","Strike_G","Strike_G","Strike_G","Survivor","Neutralize+1","Skewer+1","Concentrate+1","Backflip","Terror","Well Laid Plans+1","Slice","Backflip","Dagger Throw+1","Burst","Skewer+1","Adrenaline","Dagger Spray+1","Glass Knife","Adrenaline"],"special_seed":0,"relics":["Velvet Choker","Bag of Marbles","Vajra","Runic Dome","Happy Flower","Sozu","Pantograph"],"potions_floor_usage":[33,33,35],"damage_taken":[{"damage":0.0,"enemies":"2 Louse","floor":1.0,"turns":3.0},{"damage":0.0,"enemies":"Jaw Worm","floor":4.0,"turns":1.0},{"damage":0.0,"enemies":"Small Slimes","floor":5.0,"turns":2.0},{"damage":7.0,"enemies":"3 Louse","floor":10.0,"turns":2.0},{"damage":0.0,"enemies":"Red Slaver","floor":11.0,"turns":1.0},{"damage":0.0,"enemies":"Large Slime","floor":12.0,"turns":1.0},{"damage":0.0,"enemies":"Blue Slaver","floor":14.0,"turns":3.0},{"damage":13,"enemies":"Hexaghost","floor":16,"turns":6},{"damage":0,"enemies":"Shell Parasite","floor":18,"turns":1},{"damage":0,"enemies":"Chosen","floor":21,"turns":3},{"damage":5,"enemies":"3 Cultists","floor":22,"turns":4},{"damage":24,"enemies":"Centurion and Healer","floor":28,"turns":5},{"damage":0,"enemies":"Snecko","floor":29,"turns":3},{"damage":10,"enemies":"3 Cultists","floor":31,"turns":3},{"damage":47,"enemies":"Automaton","floor":33,"turns":9},{"damage":49,"enemies":"3 Darklings","floor":35,"turns":5},{"damage":10,"enemies":"Orb Walker","floor":37,"turns":2},{"damage":3,"enemies":"Maw","floor":38,"turns":5},{"damage":0,"enemies":"Sphere and 2 Shapes","floor":41,"turns":1},{"damage":26,"enemies":"Spire Growth","floor":42,"turns":3},{"damage":11,"enemies":"4 Shapes","floor":45,"turns":1}],"seed_played":"-9117610428216804978","potions_obtained":[{"floor":4.0,"key":"SkillPotion"},{"floor":10.0,"key":"Dexterity Potion"},{"floor":11.0,"key":"SpeedPotion"},{"floor":16,"key":"Dexterity Potion"},{"floor":18,"key":"SpeedPotion"},{"floor":22,"key":"FearPotion"},{"floor":29,"key":"Energy Potion"}],"is_trial":false,"path_per_floor":["M","?","?","M","M","R","?","$","T","M","M","M","R","M","R","B",null,"M","$","?","M","M","?","R","?","T","$","M","M","R","M","R","B",null,"M","$","M","M","?","R","M","M","T","?"],"character_chosen":"THE_SILENT","items_purchased":["Terror","Well Laid Plans","Glass Knife"],"campfire_rested":2,"item_purchase_floors":[],"current_hp_per_floor":[70,59,45,45,45,45,45,45,45,38,38,38,38,38,38,25,70,70,70,70,70,65,65,65,65,65,65,41,41,41,31,52,5,70,21,21,11,8,8,29,29,3,3,3,0],"gold":79,"neow_bonus":"","is_prod":false,"is_daily":false,"chose_seed":false,"campfire_upgraded":5,"win_rate":0,"timestamp":1531198790,"path_taken":["M","?","?","M","M","R","?","$","T","M","?","M","R","M","R","BOSS","M","$","?","M","M","?","R","?","T","$","M","M","R","?","R","BOSS","M","$","M","M","?","R","M","M","T","?","?"],"build_version":"2018-07-05","purchased_purges":3,"victory":false,"max_hp_per_floor":[70,70,70,70,70,70,70,70,70,70,70,70,70,70,70,70,70,70,70,70,70,70,70,70,70,70,70,70,70,70,70,70,70,70,70,70,70,70,70,70,70,70,70,70,70],"card_choices":[{"not_picked":["Dagger Throw","Well Laid Plans"],"picked":"Skewer","floor":1.0},{"not_picked":["Well Laid Plans","Poisoned Stab"],"picked":"Concentrate","floor":4.0},{"not_picked":["Underhanded Strike","Outmaneuver"],"picked":"Backflip","floor":5.0},{"not_picked":["Eviscerate","Distraction"],"picked":"Slice","floor":11.0},{"not_picked":["Outmaneuver","Slice"],"picked":"Backflip","floor":12.0},{"not_picked":["PiercingWail","Deflect"],"picked":"Dagger Throw","floor":14.0},{"not_picked":["Bullet Time","After Image"],"picked":"Burst","floor":16},{"not_picked":["Slice","Quick Slash","Backflip+1"],"picked":"SKIP","floor":22},{"not_picked":["Backflip","Outmaneuver"],"picked":"Skewer","floor":29},{"not_picked":["Backflip","Deadly Poison","Acrobatics"],"picked":"SKIP","floor":31},{"not_picked":["After Image","Burst"],"picked":"Adrenaline","floor":33},{"not_picked":["Deflect","Deadly Poison"],"picked":"Dagger Spray+1","floor":35},{"not_picked":["Blur","Prepared+1","Quick Slash"],"picked":"SKIP","floor":37},{"not_picked":["Outmaneuver+1","Quick Slash+1","Calculated Gamble"],"picked":"SKIP","floor":38},{"not_picked":["Caltrops","Deadly Poison+1","Poisoned Stab+1"],"picked":"SKIP","floor":41},{"not_picked":["Underhanded Strike+1","Accuracy+1","Quick Slash"],"picked":"SKIP","floor":42}],"player_experience":558332,"relics_obtained":[{"floor":9.0,"key":"Vajra"},{"floor":26,"key":"Happy Flower"},{"floor":43,"key":"Pantograph"}],"event_choices":[{"event_name":"World of Goop","player_choice":"Gather Gold","floor":2.0,"damage_taken":0.0},{"event_name":"Shining Light","player_choice":"Entered Light","floor":3.0,"damage_taken":0.0},{"event_name":"Wheel of Change","player_choice":"Relic","floor":7.0,"damage_taken":0.0},{"event_name":"Masked Bandits","player_choice":"Paid Bandits 110 gold","floor":20,"damage_taken":0},{"event_name":"Nest","player_choice":"Stole From Cult","floor":23,"damage_taken":0},{"event_name":"N\u0027loth","player_choice":"Ignored","floor":25,"damage_taken":0},{"event_name":"Duplicator","player_choice":"One dupe","floor":39,"damage_taken":0},{"event_name":"Purifier","player_choice":"One Purge","floor":44,"damage_taken":0}],"boss_relics":[{"not_picked":["Busted Crown","Runic Pyramid"],"picked":"Runic Dome"},{"not_picked":["White Beast Statue","Empty Cage"],"picked":"Sozu"}],"items_purged_floors":[],"is_endless":false,"potions_floor_spawned":[4,10,11,16,18,22,29,31,35,37,42],"killed_by":"4 Shapes","ascension_level":0}