{"gold_per_floor":[109,59,59,71,71,71,104,126,207,227,241,241,9,20,20,117,117,133,133,58,70,169,169,194,205,254,254,267,267,279,29,29,29],"floor_reached":33,"playtime":1044,"items_purged":["Strike_R","Strike_R"],"score":464,"play_id":"3b8fab8d-c75d-4aff-b278-b663d5741ee1","local_time":"20190828134522","is_ascension_mode":true,"campfire_choices":[{"data":"Bash","floor":6,"key":"SMITH"},{"floor":15,"key":"REST"},{"data":"Immolate","floor":23,"key":"SMITH"},{"floor":27,"key":"REST"},{"data":"Armaments","floor":29,"key":"SMITH"},{"floor":32,"key":"REST"}],"neow_cost":"NONE","seed_source_timestamp":695675319231500,"circlet_count":0,"master_deck":["AscendersBane","Defend_R","Defend_R+1","Defend_R","Defend_R+1","Bash+1","Double Tap","Clothesline","Hemokinesis","Twin Strike","Iron Wave","Uppercut","Limit Break","Immolate+1","Spot Weakness","Heavy Blade","Armaments+1","Inflame+1","Offering","Shrug It Off","Iron Wave"],"relics":["Black Blood","Mummified Hand","Odd Mushroom","The Courier","Ice Cream","Vajra","Omamori","Potion Belt"],"potions_floor_usage":[7,16,18,21,30,33],"damage_taken":[{"damage":9,"enemies":"2 Louse","floor":1,"turns":3},{"damage":6,"enemies":"Jaw Worm","floor":4,"turns":4},{"damage":35,"enemies":"3 Sentries","floor":7,"turns":11},{"damage":11,"enemies":"The Mushroom Lair","floor":8,"turns":6},{"damage":0,"enemies":"Cultist","floor":10,"turns":3},{"damage":4,"enemies":"Looter","floor":11,"turns":3},{"damage":4,"enemies":"2 Fungi Beasts","floor":14,"turns":3},{"damage":35,"enemies":"Slime Boss","floor":16,"turns":8},{"damage":19,"enemies":"Chosen","floor":18,"turns":5},{"damage":26,"enemies":"3 Byrds","floor":21,"turns":5},{"damage":0,"enemies":"Gremlin Leader","floor":24,"turns":4},{"damage":33,"enemies":"Shelled Parasite and Fungi","floor":25,"turns":5},{"damage":12,"enemies":"Cultist and Chosen","floor":28,"turns":3},{"damage":33,"enemies":"Snake Plant","floor":30,"turns":4},{"damage":93,"enemies":"Collector","floor":33,"turns":6}],"seed_played":"5168034487152796713","potions_obtained":[{"floor":4,"key":"GamblersBrew"},{"floor":11,"key":"Energy Potion"},{"floor":14,"key":"Weak Potion"},{"floor":16,"key":"Poison Potion"},{"floor":24,"key":"Regen Potion"},{"floor":25,"key":"EssenceOfSteel"},{"floor":30,"key":"SpeedPotion"}],"is_trial":false,"path_per_floor":["M","?","?","M","?","R","E","?","T","M","M","?","$","M","R","B",null,"M","?","?","M","?","R","E","M","T","R","M","R","M","$","R","B"],"character_chosen":"IRONCLAD","items_purchased":["Vajra","Limit Break","Offering","Shrug It Off","Iron Wave"],"campfire_rested":3,"item_purchase_floors":[13,13,31,31,31],"current_hp_per_floor":[69,69,69,69,53,53,24,19,19,25,27,27,27,29,53,24,66,57,57,57,41,41,41,51,28,28,52,50,50,39,39,63,0],"gold":29,"neow_bonus":"ONE_RANDOM_RARE_CARD","is_prod":false,"is_daily":false,"chose_seed":false,"campfire_upgraded":3,"win_rate":0,"timestamp":1566967522,"path_taken":["M","?","?","?","?","R","E","?","T","M","M","?","$","?","R","BOSS","M","?","?","M","?","R","E","M","T","R","M","R","M","$","R","BOSS"],"build_version":"2019-07-17","purchased_purges":2,"victory":false,"max_hp_per_floor":[80,80,80,80,80,80,80,80,80,80,80,80,80,80,80,80,80,80,80,80,80,80,80,80,80,80,80,80,80,80,80,80,80],"card_choices":[{"not_picked":["Flex","Iron Wave"],"picked":"Clothesline","floor":1},{"not_picked":["Ghostly Armor","Havoc"],"picked":"Hemokinesis","floor":4},{"not_picked":["True Grit","Bloodletting","Rupture"],"picked":"SKIP","floor":7},{"not_picked":["Clothesline","Heavy Blade"],"picked":"Twin Strike","floor":8},{"not_picked":["Anger","Warcry"],"picked":"Iron Wave","floor":10},{"not_picked":["Ghostly Armor","Wild Strike"],"picked":"Uppercut","floor":11},{"not_picked":["Anger","Warcry","Bloodletting"],"picked":"SKIP","floor":14},{"not_picked":["Feed","Juggernaut"],"picked":"Immolate","floor":16},{"not_picked":["True Grit","Disarm"],"picked":"Spot Weakness","floor":18},{"not_picked":["Havoc","Thunderclap"],"picked":"Heavy Blade","floor":21},{"not_picked":["Intimidate","Wild Strike","Burning Pact"],"picked":"SKIP","floor":24},{"not_picked":["Clothesline","Body Slam+1"],"picked":"Armaments","floor":25},{"not_picked":["Battle Trance","Burning Pact"],"picked":"Inflame+1","floor":28},{"not_picked":["Dropkick","Cleave+1","Sever Soul+1"],"picked":"SKIP","floor":30}],"player_experience":273763,"relics_obtained":[{"floor":7,"key":"Mummified Hand"},{"floor":8,"key":"Odd Mushroom"},{"floor":9,"key":"The Courier"},{"floor":12,"key":"Ice Cream"},{"floor":24,"key":"Omamori"},{"floor":26,"key":"Potion Belt"}],"event_choices":[{"cards_removed":["Strike_R"],"damage_healed":0,"gold_gain":0,"player_choice":"Card Removal","damage_taken":0,"max_hp_gain":0,"max_hp_loss":0,"event_name":"The Cleric","floor":2,"gold_loss":50},{"cards_removed":["Strike_R"],"damage_healed":0,"gold_gain":0,"player_choice":"Purged","damage_taken":0,"max_hp_gain":0,"max_hp_loss":0,"event_name":"Purifier","floor":3,"gold_loss":0},{"damage_healed":0,"gold_gain":0,"player_choice":"Entered Light","damage_taken":16,"max_hp_gain":0,"max_hp_loss":0,"event_name":"Shining Light","floor":5,"gold_loss":0,"cards_upgraded":["Defend_R","Defend_R"]},{"damage_healed":0,"gold_gain":0,"player_choice":"Fought Mushrooms","damage_taken":0,"max_hp_gain":0,"max_hp_loss":0,"event_name":"Mushrooms","floor":8,"gold_loss":0},{"damage_healed":0,"gold_gain":0,"player_choice":"Relic","damage_taken":0,"max_hp_gain":0,"max_hp_loss":0,"event_name":"Wheel of Change","floor":12,"gold_loss":0},{"damage_healed":0,"gold_gain":0,"player_choice":"Ignored","damage_taken":0,"max_hp_gain":0,"max_hp_loss":0,"event_name":"Vampires","floor":19,"gold_loss":0},{"cards_removed":["Strike_R"],"damage_healed":0,"gold_gain":0,"player_choice":"Gave Gold","damage_taken":0,"max_hp_gain":0,"max_hp_loss":0,"event_name":"Beggar","floor":20,"gold_loss":75},{"damage_healed":0,"gold_gain":99,"player_choice":"Stole From Cult","damage_taken":0,"max_hp_gain":0,"max_hp_loss":0,"event_name":"Nest","floor":22,"gold_loss":0}],"is_beta":false,"boss_relics":[{"not_picked":["Pandora\u0027s Box","Runic Pyramid"],"picked":"Black Blood"}],"items_purged_floors":[13,31],"is_endless":false,"potions_floor_spawned":[4,11,14,16,24,25,30],"killed_by":"Collector","ascension_level":12}