{"gold_per_floor":[118,135,135,135,153,178,178,116,143,155,190,207,207,222,222,298,298,314,314,329,46,71,71,82,82,82,107,107,129,129,146,146,223,223,243,23,43,98,98,98,124,124,124,141,141,141,141,166,166,166],"floor_reached":51,"playtime":2739,"items_purged":[],"score":1731,"play_id":"4d61b945-fc31-48a2-8797-8497749fd7e1","local_time":"20180703211516","is_ascension_mode":true,"campfire_choices":[{"data":"Neutralize","floor":7,"key":"SMITH"},{"data":"Malaise","floor":13,"key":"SMITH"},{"data":"Cloak And Dagger","floor":15,"key":"SMITH"},{"data":"Ghostly","floor":23,"key":"SMITH"},{"data":"Ghostly","floor":28,"key":"SMITH"},{"data":"Ghostly","floor":30,"key":"SMITH"},{"data":"Ghostly","floor":32,"key":"SMITH"},{"data":"Ghostly","floor":40,"key":"SMITH"},{"data":"Catalyst","floor":42,"key":"SMITH"},{"data":"Catalyst","floor":46,"key":"SMITH"},{"data":"Adrenaline","floor":49,"key":"SMITH"}],"neow_cost":"NONE","seed_source_timestamp":76834707699824,"circlet_count":0,"master_deck":["Defend_G","Defend_G","Defend_G","Defend_G","Survivor","Neutralize+1","AscendersBane","Cloak And Dagger+1","Blur","Flying Knee","Dodge and Roll","Malaise+1","Catalyst+1","Footwork","Night Terror","Ghostly+1","Ghostly+1","Ghostly+1","Ghostly+1","Ghostly+1","All Out Attack+1","Riddle With Holes","Magnetism","Deadly Poison","Bite","Bite","Bite","Bite","Bite","Dagger Spray+1","Envenom","Leg Sweep","Adrenaline+1","Dagger Spray+1","Catalyst+1","Noxious Fumes+1","Noxious Fumes","Leg Sweep","Terror"],"relics":["Coffee Dripper","Bronze Scales","Pen Nib","Happy Flower","Snecko Eye","Bag of Marbles","Oddly Smooth Stone","Cursed Key","Orichalcum","The Specimen","Bottled Tornado","Ice Cream"],"potions_floor_usage":[6,10,16],"damage_taken":[{"damage":1,"enemies":"2 Louse","floor":1,"turns":2},{"damage":11,"enemies":"Jaw Worm","floor":2,"turns":5},{"damage":4,"enemies":"Small Slimes","floor":5,"turns":5},{"damage":8,"enemies":"3 Sentries","floor":6,"turns":12},{"damage":3,"enemies":"Exordium Wildlife","floor":10,"turns":4},{"damage":12,"enemies":"Lagavulin","floor":11,"turns":13},{"damage":2,"enemies":"Looter","floor":12,"turns":5},{"damage":1,"enemies":"Blue Slaver","floor":14,"turns":4},{"damage":14,"enemies":"Hexaghost","floor":16,"turns":16},{"damage":1,"enemies":"3 Byrds","floor":18,"turns":4},{"damage":1,"enemies":"Chosen","floor":20,"turns":8},{"damage":0,"enemies":"Snake Plant","floor":22,"turns":8},{"damage":0,"enemies":"Centurion and Healer","floor":24,"turns":9},{"damage":3,"enemies":"Slavers","floor":27,"turns":7},{"damage":2,"enemies":"Sentry and Sphere","floor":29,"turns":7},{"damage":2,"enemies":"Cultist and Chosen","floor":31,"turns":8},{"damage":14,"enemies":"Champ","floor":33,"turns":12},{"damage":0,"enemies":"Flame Bruiser 1 Orb","floor":35,"turns":9},{"damage":4,"enemies":"Orb Walker","floor":37,"turns":3},{"damage":1,"floor":38,"turns":8},{"damage":1,"enemies":"2 Orb Walkers","floor":41,"turns":5},{"damage":2,"enemies":"Flame Bruiser 2 Orb","floor":44,"turns":5},{"damage":0,"floor":47,"turns":6},{"damage":5,"enemies":"Spire Growth","floor":48,"turns":6},{"damage":3,"enemies":"Time Eater","floor":50,"turns":8}],"seed_played":"7886144103277475256","potions_obtained":[{"floor":2,"key":"GamblersBrew"},{"floor":6,"key":"Swift Potion"},{"floor":12,"key":"Block Potion"},{"floor":14,"key":"SteroidPotion"},{"floor":20,"key":"FearPotion"}],"is_trial":false,"path_per_floor":["M","M","?","?","M","E","R","?","T","M","E","M","R","M","R","B",null,"M","?","M","$","M","R","M","?","T","E","R","M","R","M","R","B",null,"M","$","M","?","?","R","E","R","T","M","?","R","?","M","R","B"],"character_chosen":"THE_SILENT","items_purchased":["Riddle With Holes","Magnetism","Orichalcum","Catalyst"],"campfire_rested":0,"item_purchase_floors":[21,21,36,36],"current_hp_per_floor":[58,47,47,47,43,35,35,35,35,32,20,18,18,17,17,3,50,49,33,32,32,32,32,32,23,23,23,23,23,23,23,23,21,23,23,23,21,23,23,23,23,23,23,23,23,23,23,23,23,23],"gold":166,"neow_bonus":"BOSS_RELIC","is_prod":false,"is_daily":false,"chose_seed":false,"campfire_upgraded":11,"win_rate":0,"timestamp":1530677716,"path_taken":["M","M","?","?","M","E","R","?","T","?","E","M","R","M","R","BOSS","M","?","M","$","M","R","M","?","T","E","R","M","R","?","R","BOSS","M","$","M","?","?","R","E","R","T","M","?","R","?","M","R","BOSS"],"build_version":"2018-07-02","purchased_purges":0,"victory":true,"max_hp_per_floor":[66,66,66,66,66,66,66,66,66,66,66,66,66,66,66,66,66,66,33,33,33,33,33,33,23,23,23,23,23,23,23,23,23,23,23,23,23,23,23,23,23,23,23,23,23,23,23,23,23,23],"card_choices":[{"not_picked":["Poisoned Stab","Prepared"],"picked":"Cloak And Dagger","floor":1},{"not_picked":["Dagger Spray","Backflip"],"picked":"Blur","floor":2},{"not_picked":["Accuracy","Bane"],"picked":"Flying Knee","floor":5},{"not_picked":["Underhanded Strike","Concentrate"],"picked":"Dodge and Roll","floor":6},{"not_picked":["Deflect","Grand Finale"],"picked":"Malaise","floor":10},{"not_picked":["Slice","Bane"],"picked":"Catalyst","floor":11},{"not_picked":["Dagger Throw","Quick Slash"],"picked":"Footwork","floor":14},{"not_picked":["Storm of Steel","Tactician"],"picked":"Night Terror","floor":16},{"not_picked":["Dodge and Roll+1","Quick Slash"],"picked":"All Out Attack+1","floor":20},{"not_picked":["Dodge and Roll","Underhanded Strike"],"picked":"Deadly Poison","floor":22},{"not_picked":["Setup","Underhanded Strike"],"picked":"Dagger Spray+1","floor":27},{"not_picked":["Dagger Throw","Sucker Punch"],"picked":"Envenom","floor":29},{"not_picked":["Escape Plan","Terror"],"picked":"Leg Sweep","floor":31},{"not_picked":["Tactician","Venomology"],"picked":"Adrenaline","floor":33},{"not_picked":["Quick Slash","All Out Attack+1"],"picked":"Dagger Spray+1","floor":35},{"not_picked":["Finisher","Leg Sweep+1"],"picked":"Noxious Fumes+1","floor":37},{"not_picked":["Deadly Poison","Dodge and Roll+1"],"picked":"Noxious Fumes","floor":38},{"not_picked":["Slice+1","Adrenaline"],"picked":"Leg Sweep","floor":41},{"not_picked":["Deadly Poison","PiercingWail","Quick Slash+1"],"picked":"SKIP","floor":44},{"not_picked":["Cloak And Dagger","Blur"],"picked":"Terror","floor":48}],"player_experience":479924,"relics_obtained":[{"floor":6,"key":"Bronze Scales"},{"floor":9,"key":"Pen Nib"},{"floor":11,"key":"Happy Flower"},{"floor":26,"key":"Bag of Marbles"},{"floor":27,"key":"Oddly Smooth Stone"},{"floor":38,"key":"The Specimen"},{"floor":41,"key":"Bottled Tornado"},{"floor":47,"key":"Ice Cream"}],"event_choices":[{"event_name":"Golden Wing","player_choice":"Ignored","floor":3,"damage_taken":0},{"event_name":"Shining Light","player_choice":"Ignored","floor":4,"damage_taken":0},{"event_name":"World of Goop","player_choice":"Left","floor":8,"damage_taken":0},{"event_name":"Ghosts","player_choice":"Became a Ghost","floor":19,"damage_taken":0},{"event_name":"Vampires","player_choice":"Became a vampire","floor":25,"damage_taken":0},{"event_name":"Mysterious Sphere","player_choice":"Fight","floor":38,"damage_taken":0},{"event_name":"SensoryStone","player_choice":"Memory 1","floor":39,"damage_taken":0},{"event_name":"Purifier","player_choice":"One Purge","floor":45,"damage_taken":0},{"event_name":"MindBloom","player_choice":"Fight","floor":47,"damage_taken":0}],"boss_relics":[{"not_picked":["Empty Cage","Eternal Feather"],"picked":"Snecko Eye"},{"not_picked":["Orrery","Black Star"],"picked":"Cursed Key"}],"items_purged_floors":[],"is_endless":false,"potions_floor_spawned":[2,6,12,14,20,27,29,31,37,38,44,47],"ascension_level":15}