{"gold_per_floor":[11,11,21,21,37,64,64,81,81,81,95,149,40,40,40,112,112,132,132,132,21,71,71,89,89,116,116,116,147,147,147],"floor_reached":31,"playtime":706,"items_purged":[],"score":498,"play_id":"5a137f79-db75-46de-bb7e-e470d667503a","local_time":"20181223213907","is_ascension_mode":true,"campfire_choices":[{"data":"Sunder","floor":7.0,"key":"SMITH"},{"floor":10.0,"key":"REST"},{"data":"Hologram","floor":15.0,"key":"SMITH"},{"data":"Go for the Eyes","floor":23.0,"key":"SMITH"},{"data":"Sunder","floor":25.0,"key":"SMITH"},{"floor":27.0,"key":"REST"},{"floor":30,"key":"RECALL"}],"neow_cost":"NO_GOLD","seed_source_timestamp":1117873515868283,"circlet_count":0,"master_deck":["AscendersBane","Strike_B","Strike_B","Strike_B","Defend_B","Defend_B","Defend_B","Defend_B","Zap","Dualcast","Ball Lightning","Sunder+1","Echo Form","Glacier","Undo","Hologram+1","Go for the Eyes+1","Conserve Battery","Sunder+1","Meteor Strike","Defragment+1","Leap","Turbo","Conserve Battery","Stack","Undo"],"special_seed":0,"relics":["Cracked Core","Ginger","Vajra","Bag of Marbles","Sozu","Juzu Bracelet","GremlinMask","Bottled Flame"],"potions_floor_usage":[],"damage_taken":[{"damage":7.0,"enemies":"Jaw Worm","floor":1.0,"turns":3.0},{"damage":8.0,"enemies":"Small Slimes","floor":3.0,"turns":2.0},{"damage":1.0,"enemies":"Cultist","floor":5.0,"turns":3.0},{"damage":32.0,"enemies":"Gremlin Nob","floor":6.0,"turns":4.0},{"damage":6.0,"enemies":"Looter","floor":8.0,"turns":3.0},{"damage":0.0,"enemies":"3 Louse","floor":11.0,"turns":2.0},{"damage":9.0,"enemies":"Hexaghost","floor":16.0,"turns":10.0},{"damage":6.0,"enemies":"2 Thieves","floor":18.0,"turns":2.0},{"damage":0.0,"enemies":"Chosen","floor":24.0,"turns":5.0},{"damage":22,"enemies":"Gremlin Leader","floor":29,"turns":9},{"damage":31,"enemies":"Book of Stabbing","floor":31,"turns":4}],"seed_played":"492231796259686161","potions_obtained":[{"floor":3.0,"key":"LiquidBronze"},{"floor":5.0,"key":"Strength Potion"},{"floor":16.0,"key":"EntropicBrew"}],"is_trial":false,"path_per_floor":["M","?","M","?","M","E","R","M","T","R","M","?","$","?","R","B",null,"M","?","?","$","?","R","M","R","T","R","?","E","R","E"],"character_chosen":"DEFECT","items_purchased":["Conserve Battery","Sunder","Turbo","Conserve Battery"],"campfire_rested":2,"item_purchase_floors":[13,13,21,21],"current_hp_per_floor":[57,62,54,54,53,21,21,15,15,37,37,37,37,37,37,28,64,58,36,36,36,36,36,36,36,36,60,60,38,38,7],"gold":147,"neow_bonus":"ONE_RARE_RELIC","is_prod":false,"is_daily":false,"chose_seed":false,"campfire_upgraded":4,"win_rate":0,"timestamp":1545629947,"path_taken":["M","?","M","?","M","E","R","M","T","R","?","?","$","?","R","BOSS","M","?","?","$","?","R","M","R","T","R","?","E","R","E"],"build_version":"2018-12-20","purchased_purges":0,"victory":false,"max_hp_per_floor":[71,76,76,76,76,76,76,76,76,76,76,76,76,76,76,76,76,76,81,81,81,81,81,81,81,81,81,81,81,81,81],"card_choices":[{"not_picked":["Rebound","Leap"],"picked":"Ball Lightning","floor":1.0},{"not_picked":["Barrage","Stack"],"picked":"Sunder","floor":3.0},{"not_picked":["Leap","Rebound"],"picked":"Glacier","floor":5.0},{"not_picked":["Sweeping Beam","Gash"],"picked":"Undo","floor":6.0},{"not_picked":["Fusion","Go for the Eyes"],"picked":"Hologram","floor":8.0},{"not_picked":["Hologram","Sweeping Beam"],"picked":"Go for the Eyes","floor":11.0},{"not_picked":["Creative AI","Echo Form"],"picked":"Meteor Strike","floor":16.0},{"not_picked":["Loop","White Noise+1"],"picked":"Defragment+1","floor":18.0},{"not_picked":["Ball Lightning","Static Discharge"],"picked":"Stack","floor":24.0},{"not_picked":["Streamline","Rebound"],"picked":"Undo","floor":29}],"player_experience":995926,"relics_obtained":[{"floor":6.0,"key":"Vajra"},{"floor":9.0,"key":"Bag of Marbles"},{"floor":26.0,"key":"Juzu Bracelet"},{"floor":29,"key":"Bottled Flame"}],"event_choices":[{"damage_healed":0.0,"max_hp_gain":5.0,"max_hp_loss":0.0,"gold_gain":0.0,"event_name":"Big Fish","player_choice":"Donut","floor":2.0,"gold_loss":0.0,"damage_taken":0.0},{"damage_healed":0.0,"max_hp_gain":0.0,"max_hp_loss":0.0,"gold_gain":0.0,"cards_transformed":["Strike_B"],"event_name":"Transmorgrifier","player_choice":"Transformed","floor":4.0,"gold_loss":0.0,"damage_taken":0.0,"cards_obtained":["Echo Form"]},{"damage_healed":0.0,"max_hp_gain":0.0,"max_hp_loss":0.0,"gold_gain":54.0,"event_name":"Golden Wing","player_choice":"Gained Gold","floor":12.0,"gold_loss":0.0,"damage_taken":0.0},{"damage_healed":0.0,"max_hp_gain":0.0,"max_hp_loss":0.0,"gold_gain":0.0,"event_name":"Liars Game","player_choice":"Ignored","floor":14.0,"gold_loss":0.0,"damage_taken":0.0},{"damage_healed":0.0,"max_hp_gain":5.0,"max_hp_loss":0.0,"gold_gain":0.0,"event_name":"Forgotten Altar","player_choice":"Shed Blood","floor":19.0,"gold_loss":0.0,"damage_taken":27.0},{"damage_healed":0.0,"max_hp_gain":0.0,"max_hp_loss":0.0,"gold_gain":0.0,"event_name":"The Library","player_choice":"Read","floor":20.0,"gold_loss":0.0,"damage_taken":0.0,"cards_obtained":["Leap"]},{"damage_healed":0.0,"max_hp_gain":0.0,"max_hp_loss":0.0,"gold_gain":50.0,"event_name":"Nest","player_choice":"Stole From Cult","floor":22.0,"gold_loss":0.0,"damage_taken":0.0},{"damage_healed":0.0,"max_hp_gain":0.0,"max_hp_loss":0.0,"gold_gain":0.0,"event_name":"FaceTrader","player_choice":"Trade","floor":28.0,"gold_loss":0.0,"damage_taken":0.0,"relics_obtained":["GremlinMask"]}],"is_beta":true,"boss_relics":[{"not_picked":["Tiny House","Inserter"],"picked":"Sozu"}],"items_purged_floors":[],"is_endless":false,"potions_floor_spawned":[3,5,11,16,18],"killed_by":"Book of Stabbing","ascension_level":20}