{"gold_per_floor":[109,34,34,134,67,93,106,118,118,118,118,118,43,56,56,127,127,138,150,160,8,8,8,8,38,38,67,67,81,99,112,112,183,183,196,196,206,34,256,256,272,272,297,324,324,324,324,358,358,358],"floor_reached":51,"playtime":1788,"items_purged":["Defend_R","Defend_R","Defend_R"],"score":1312,"play_id":"18166e0c-6b67-4591-9bca-34bb305d905f","local_time":"20180702234534","is_ascension_mode":true,"campfire_choices":[{"data":"Armaments","floor":10.0,"key":"SMITH"},{"data":"Flame Barrier","floor":12.0,"key":"SMITH"},{"data":"Double Tap","floor":15.0,"key":"SMITH"},{"data":"Uppercut","floor":23.0,"key":"SMITH"},{"data":"Clothesline","floor":28.0,"key":"SMITH"},{"floor":32.0,"key":"REST"},{"data":"Dual Wield","floor":40,"key":"SMITH"},{"data":"Flame Barrier","floor":45,"key":"SMITH"},{"data":"Flame Barrier","floor":47,"key":"SMITH"},{"data":"Impervious","floor":49,"key":"SMITH"}],"neow_cost":"","seed_source_timestamp":13862423618025,"circlet_count":0,"master_deck":["Strike_R","Strike_R","Strike_R","Strike_R","Bash+1","AscendersBane","Flame Barrier+1","Armaments+1","Flame Barrier+1","Double Tap+1","Impervious+1","Pommel Strike","Shockwave","Uppercut+1","Shrug It Off","Inflame","Clothesline+1","Perfected Strike","Immolate","Flame Barrier+1","Barricade","Metallicize+1","Dual Wield+1","Pommel Strike","Metallicize+1","Exhume"],"special_seed":0,"relics":["Snecko Eye","Centennial Puzzle","Question Card","Sozu","Red Mask","Kunai","Bronze Scales","Runic Dome","Dead Branch","Singing Bowl","Calipers","Dream Catcher"],"potions_floor_usage":[],"damage_taken":[{"damage":2.0,"enemies":"Jaw Worm","floor":1.0,"turns":2.0},{"damage":21.0,"enemies":"Lagavulin","floor":6.0,"turns":8.0},{"damage":0.0,"enemies":"Small Slimes","floor":7.0,"turns":3.0},{"damage":0.0,"enemies":"2 Louse","floor":8.0,"turns":2.0},{"damage":0.0,"enemies":"Looter","floor":14.0,"turns":3.0},{"damage":13.0,"enemies":"The Guardian","floor":16.0,"turns":10.0},{"damage":0.0,"enemies":"Chosen","floor":18.0,"turns":6.0},{"damage":0.0,"enemies":"Shell Parasite","floor":19.0,"turns":3.0},{"damage":20.0,"enemies":"Cultist and Chosen","floor":20.0,"turns":6.0},{"damage":0.0,"floor":25.0,"turns":4.0},{"damage":10.0,"enemies":"Gremlin Leader","floor":27.0,"turns":5.0},{"damage":0.0,"enemies":"3 Cultists","floor":29.0,"turns":4.0},{"damage":0.0,"enemies":"Snake Plant","floor":30.0,"turns":2.0},{"damage":0.0,"enemies":"Centurion and Healer","floor":31.0,"turns":2.0},{"damage":22.0,"enemies":"Champ","floor":33.0,"turns":8.0},{"damage":0.0,"enemies":"3 Shapes","floor":35.0,"turns":4.0},{"damage":0.0,"floor":36.0,"turns":5.0},{"damage":0.0,"enemies":"Orb Walker","floor":37.0,"turns":1.0},{"damage":0,"enemies":"Spire Growth","floor":41,"turns":4},{"damage":0,"enemies":"Nemesis","floor":44,"turns":7},{"damage":0,"enemies":"Giant Head","floor":48,"turns":7},{"damage":24,"enemies":"Time Eater","floor":50,"turns":12}],"seed_played":"-9137879240422669713","potions_obtained":[{"floor":7.0,"key":"SteroidPotion"},{"floor":14.0,"key":"Ancient Potion"}],"is_trial":false,"path_per_floor":["M","$","?","?","$","E","M","M","T","R","?","R","?","M","R","B",null,"M","M","M","$","?","R","$","?","T","E","R","M","M","M","R","B",null,"M","?","M","$","?","R","M","?","T","E","R","?","R","E","R","B"],"character_chosen":"IRONCLAD","items_purchased":["Flame Barrier","Shrug It Off","Pommel Strike"],"campfire_rested":1,"item_purchase_floors":[],"current_hp_per_floor":[66,66,66,66,66,45,45,45,45,45,50,50,50,50,50,37,69,69,69,49,49,49,49,49,49,49,39,39,39,39,39,63,41,70,70,70,70,70,70,70,70,70,70,70,70,72,72,74,74,50],"gold":358,"neow_bonus":"","is_prod":false,"is_daily":false,"chose_seed":false,"campfire_upgraded":9,"win_rate":0,"timestamp":1530600334,"path_taken":["M","$","?","?","$","E","M","?","T","R","?","R","?","M","R","BOSS","M","M","M","$","?","R","$","?","T","E","R","M","?","M","R","BOSS","M","?","M","$","?","R","M","?","T","E","R","?","R","E","R","BOSS"],"build_version":"2018-06-29","purchased_purges":3,"victory":true,"max_hp_per_floor":[75,75,75,75,75,75,75,75,75,75,80,80,80,80,80,80,80,80,80,80,80,80,80,80,80,80,80,80,80,80,80,80,80,80,80,80,80,80,80,80,80,80,80,80,80,82,82,84,84,84],"card_choices":[{"not_picked":["Twin Strike","Sword Boomerang"],"picked":"Armaments","floor":6.0},{"not_picked":["Body Slam","Rage"],"picked":"Flame Barrier","floor":7.0},{"not_picked":["Dual Wield","Headbutt","Wild Strike"],"picked":"Double Tap","floor":14.0},{"not_picked":["Berserk","Juggernaut","Dark Embrace"],"picked":"Impervious","floor":16.0},{"not_picked":["True Grit","Thunderclap","Intimidate+1"],"picked":"Pommel Strike","floor":18.0},{"not_picked":["Rage","Flex","Corruption"],"picked":"Shockwave","floor":19.0},{"not_picked":["Iron Wave","Seeing Red","Twin Strike"],"picked":"Uppercut","floor":20.0},{"not_picked":["Thunderclap","Twin Strike","Fiend Fire"],"picked":"Inflame","floor":25.0},{"not_picked":["Headbutt","Warcry","Sever Soul"],"picked":"Clothesline","floor":27.0},{"not_picked":["Clash","Rage","True Grit"],"picked":"Perfected Strike","floor":29.0},{"not_picked":["Sever Soul","Warcry","Heavy Blade+1"],"picked":"Immolate","floor":30.0},{"not_picked":["Clothesline","Pommel Strike","Havoc"],"picked":"Flame Barrier","floor":31.0},{"not_picked":["Exhume","Berserk","Limit Break"],"picked":"Barricade","floor":33.0},{"not_picked":["Havoc","Feed","Warcry"],"picked":"Metallicize+1","floor":36.0},{"not_picked":["Cleave","Inflame","Wild Strike+1"],"picked":"Dual Wield","floor":37.0},{"not_picked":["Twin Strike+1","Reckless Charge","Heavy Blade"],"picked":"Metallicize+1","floor":41},{"not_picked":["Armaments","Fire Breathing","Feel No Pain"],"picked":"Exhume","floor":44},{"not_picked":["Panacea","Dark Shackles","Good Instincts","Madness"],"picked":"Singing Bowl","floor":46},{"not_picked":["Cleave+1","Warcry+1","Bloodletting+1","Iron Wave+1"],"picked":"Singing Bowl","floor":48}],"player_experience":459220,"relics_obtained":[{"floor":6.0,"key":"Centennial Puzzle"},{"floor":9.0,"key":"Question Card"},{"floor":25.0,"key":"Red Mask"},{"floor":26.0,"key":"Kunai"},{"floor":27.0,"key":"Bronze Scales"},{"floor":36.0,"key":"Dead Branch"},{"floor":43,"key":"Singing Bowl"},{"floor":44,"key":"Calipers"},{"floor":48,"key":"Dream Catcher"}],"event_choices":[{"event_name":"Living Wall","player_choice":"Grow","floor":3.0,"damage_taken":0.0},{"event_name":"Wheel of Change","player_choice":"Gold","floor":4.0,"damage_taken":0.0},{"event_name":"Big Fish","player_choice":"Donut","floor":11.0,"damage_taken":0.0},{"event_name":"The Cleric","player_choice":"Card Removal","floor":13.0,"damage_taken":0.0},{"event_name":"Ghosts","player_choice":"Ignored","floor":22.0,"damage_taken":0.0},{"event_name":"Masked Bandits","player_choice":"Fought over 8 gold","floor":25.0,"damage_taken":0.0},{"event_name":"MindBloom","player_choice":"Fight","floor":36.0,"damage_taken":0.0},{"event_name":"Tomb of Lord Red Mask","player_choice":"Wore Mask","floor":39,"damage_taken":0},{"event_name":"Falling","player_choice":"Removed Attack","floor":42,"damage_taken":0},{"event_name":"SensoryStone","player_choice":"Memory 1","floor":46,"damage_taken":0}],"boss_relics":[{"not_picked":["Pandora\u0027s Box","Orrery"],"picked":"Sozu"},{"not_picked":["Runic Cube","Velvet Choker"],"picked":"Runic Dome"}],"items_purged_floors":[],"is_endless":false,"potions_floor_spawned":[7,14,19,20,27,30,33,35,37,41],"ascension_level":15}