{"gold_per_floor":[119,129,140,36,36,36,64,76,76,76,87,87,114,133,133,204,204,215,215,229,89,89,89,99,124,177,16,50,65,65,83,83,161,161,181,196,213,213,232,232,266,266,266,286,303,322,322,137,137,137,137],"floor_reached":52,"playtime":2402,"items_purged":["Defend_R","Defend_R"],"score":2022,"play_id":"6f1861f2-8601-4a7e-af32-025444daadd8","local_time":"20190804002941","is_ascension_mode":true,"campfire_choices":[{"data":"Bash","floor":6.0,"key":"SMITH"},{"data":"Clothesline","floor":10.0,"key":"SMITH"},{"data":"Disarm","floor":12.0,"key":"SMITH"},{"data":"Whirlwind","floor":15.0,"key":"SMITH"},{"data":"Armaments","floor":23.0,"key":"SMITH"},{"data":"Inflame","floor":30.0,"key":"SMITH"},{"data":"Spot Weakness","floor":32.0,"key":"SMITH"},{"data":"Disarm","floor":40.0,"key":"SMITH"},{"data":"Corruption","floor":42.0,"key":"SMITH"},{"data":"Feel No Pain","floor":47.0,"key":"SMITH"},{"data":"Impervious","floor":49.0,"key":"SMITH"}],"neow_cost":"NONE","seed_source_timestamp":0,"circlet_count":0,"master_deck":["AscendersBane","Defend_R","Defend_R","Bash+1","Disarm+1","Spot Weakness+1","Disarm+1","Cleave","Shrug It Off","Clothesline+1","Feel No Pain+1","Clothesline","Whirlwind+1","Impervious+1","Heavy Blade","Bite","Bite","Bite","Bite","Bite","Armaments+1","Power Through","Bludgeon","Armaments+1","Second Wind+1","Flame Barrier+1","Inflame+1","Disarm+1","Feed","Corruption+1","Seeing Red+1","Shockwave+1","Sentinel+1","True Grit+1","Exhume+1"],"special_seed":0,"relics":["Coffee Dripper","PreservedInsect","Mercury Hourglass","Pantograph","Philosopher\u0027s Stone","Toxic Egg 2","Bag of Marbles","Regal Pillow","Runic Pyramid","Bronze Scales","Bottled Tornado","Blue Candle"],"potions_floor_usage":[],"damage_taken":[{"damage":2.0,"enemies":"Jaw Worm","floor":1.0,"turns":3.0},{"damage":8.0,"enemies":"2 Louse","floor":2.0,"turns":2.0},{"damage":0.0,"enemies":"Cultist","floor":3.0,"turns":3.0},{"damage":25.0,"enemies":"3 Sentries","floor":7.0,"turns":6.0},{"damage":29.0,"enemies":"Exordium Thugs","floor":8.0,"turns":5.0},{"damage":5.0,"enemies":"Gremlin Gang","floor":11.0,"turns":3.0},{"damage":0.0,"enemies":"Lagavulin","floor":13.0,"turns":8.0},{"damage":4.0,"enemies":"Blue Slaver","floor":14.0,"turns":3.0},{"damage":4.0,"enemies":"The Guardian","floor":16.0,"turns":9.0},{"damage":6.0,"enemies":"Shell Parasite","floor":18.0,"turns":5.0},{"damage":7.0,"enemies":"3 Byrds","floor":20.0,"turns":4.0},{"damage":16.0,"enemies":"Snecko","floor":24.0,"turns":4.0},{"damage":0.0,"enemies":"Slavers","floor":25.0,"turns":1.0},{"damage":14.0,"enemies":"Gremlin Leader","floor":28.0,"turns":6.0},{"damage":0.0,"enemies":"3 Cultists","floor":29.0,"turns":4.0},{"damage":8.0,"enemies":"Centurion and Healer","floor":31.0,"turns":6.0},{"damage":48.0,"enemies":"Champ","floor":33.0,"turns":11.0},{"damage":0.0,"enemies":"3 Darklings","floor":35.0,"turns":4.0},{"damage":28.0,"enemies":"Orb Walker","floor":36.0,"turns":4.0},{"damage":0.0,"enemies":"Maw","floor":37.0,"turns":8.0},{"damage":6.0,"enemies":"Sphere and 2 Shapes","floor":39.0,"turns":3.0},{"damage":15.0,"enemies":"Giant Head","floor":41.0,"turns":7.0},{"damage":18.0,"enemies":"Spire Growth","floor":44.0,"turns":5.0},{"damage":6.0,"enemies":"Jaw Worm Horde","floor":45.0,"turns":4.0},{"damage":27.0,"enemies":"Transient","floor":46.0,"turns":6.0},{"damage":46.0,"enemies":"Donu and Deca","floor":50.0,"turns":13.0},{"damage":32,"enemies":"Awakened One","floor":51,"turns":14}],"seed_played":"-451432014881109965","potions_obtained":[{"floor":1.0,"key":"LiquidBronze"},{"floor":7.0,"key":"BloodPotion"},{"floor":8.0,"key":"SpeedPotion"},{"floor":13.0,"key":"SkillPotion"},{"floor":16.0,"key":"Dexterity Potion"},{"floor":24.0,"key":"FearPotion"},{"floor":25.0,"key":"Explosive Potion"},{"floor":33.0,"key":"Explosive Potion"},{"floor":36.0,"key":"SkillPotion"},{"floor":37.0,"key":"AttackPotion"},{"floor":44.0,"key":"Block Potion"},{"floor":46.0,"key":"Strength Potion"}],"is_trial":false,"path_per_floor":["M","M","M","$","?","R","E","M","T","R","M","R","E","M","R","B",null,"M","?","M","$","?","R","M","E","T","$","E","M","R","M","R","B",null,"M","M","M","?","M","R","E","R","T","M","M","M","R","$","R","B","B",null],"character_chosen":"IRONCLAD","items_purchased":["Disarm","Cleave","Armaments","Power Through","Flame Barrier+1","Exhume+1"],"campfire_rested":0,"item_purchase_floors":[4,4,21,21,27,48],"current_hp_per_floor":[66,58,58,58,58,58,33,22,22,22,17,17,17,13,13,34,65,59,52,45,45,45,45,37,37,37,37,31,37,37,41,41,20,44,51,30,51,51,51,51,53,53,53,47,51,35,35,35,35,45,75],"gold":137,"neow_bonus":"BOSS_RELIC","is_prod":false,"is_daily":false,"chose_seed":false,"campfire_upgraded":11,"win_rate":0,"timestamp":1564903781,"path_taken":["M","M","M","$","?","R","E","M","T","R","M","R","E","M","R","BOSS","M","?","M","$","?","R","?","E","T","$","E","M","R","M","R","BOSS","M","M","M","?","?","R","E","R","T","?","M","M","R","$","R","BOSS","BOSS"],"build_version":"2019-07-18","purchased_purges":2,"victory":true,"max_hp_per_floor":[75,75,75,75,75,75,75,75,75,75,75,75,75,75,75,75,75,75,52,52,52,52,52,52,52,52,52,52,52,52,52,52,52,52,55,58,62,62,62,62,65,65,65,68,71,71,71,71,71,74,77],"card_choices":[{"not_picked":["Clothesline","Warcry"],"picked":"Disarm","floor":2.0},{"not_picked":["Flex","Heavy Blade"],"picked":"Spot Weakness","floor":3.0},{"not_picked":["Body Slam","Thunderclap"],"picked":"Shrug It Off","floor":7.0},{"not_picked":["Barricade","Heavy Blade"],"picked":"Clothesline","floor":8.0},{"not_picked":["Warcry","Wild Strike"],"picked":"Feel No Pain","floor":11.0},{"not_picked":["Fire Breathing","Rupture"],"picked":"Clothesline","floor":13.0},{"not_picked":["Second Wind","Perfected Strike"],"picked":"Whirlwind","floor":14.0},{"not_picked":["Bludgeon","Berserk"],"picked":"Impervious","floor":16.0},{"not_picked":["Rampage","Iron Wave"],"picked":"Heavy Blade","floor":18.0},{"not_picked":["Intimidate","Dual Wield+1"],"picked":"Armaments+1","floor":24.0},{"not_picked":["Iron Wave","Dropkick"],"picked":"Second Wind","floor":25.0},{"not_picked":["Intimidate+1","Clash","Iron Wave"],"picked":"SKIP","floor":28.0},{"not_picked":["Cleave+1","Flex+1"],"picked":"Inflame","floor":29.0},{"not_picked":["Brutality","Entrench+1"],"picked":"Disarm+1","floor":31.0},{"not_picked":["Fiend Fire","Demon Form"],"picked":"Feed","floor":33.0},{"not_picked":["Fire Breathing+1","Blood for Blood"],"picked":"Corruption","floor":35.0},{"not_picked":["Pommel Strike+1","Anger"],"picked":"Seeing Red+1","floor":36.0},{"not_picked":["Iron Wave+1","Battle Trance+1"],"picked":"Shockwave+1","floor":37.0},{"not_picked":["Sentinel+1","Warcry+1","Reckless Charge"],"picked":"SKIP","floor":39.0},{"not_picked":["Warcry+1","Reckless Charge"],"picked":"Sentinel+1","floor":39.0},{"not_picked":["Infernal Blade+1","Twin Strike","Rampage"],"picked":"SKIP","floor":41.0},{"not_picked":["Fire Breathing","Bloodletting+1"],"picked":"True Grit+1","floor":45.0},{"not_picked":["Searing Blow","Infernal Blade+1","Clash"],"picked":"SKIP","floor":46.0}],"player_experience":1381450,"relics_obtained":[{"floor":7.0,"key":"PreservedInsect"},{"floor":9.0,"key":"Mercury Hourglass"},{"floor":13.0,"key":"Pantograph"},{"floor":25.0,"key":"Toxic Egg 2"},{"floor":26.0,"key":"Bag of Marbles"},{"floor":28.0,"key":"Regal Pillow"},{"floor":41.0,"key":"Bottled Tornado"},{"floor":43.0,"key":"Blue Candle"}],"event_choices":[{"damage_healed":0.0,"max_hp_gain":0.0,"max_hp_loss":0.0,"gold_gain":0.0,"event_name":"The Cleric","player_choice":"Leave","floor":5.0,"gold_loss":0.0,"damage_taken":0.0},{"damage_healed":0.0,"max_hp_gain":0.0,"max_hp_loss":23.0,"gold_gain":0.0,"event_name":"Vampires","player_choice":"Became a vampire","floor":19.0,"gold_loss":0.0,"damage_taken":0.0,"cards_obtained":["Bite","Bite","Bite","Bite","Bite"]},{"damage_healed":0.0,"max_hp_gain":0.0,"max_hp_loss":0.0,"gold_gain":0.0,"event_name":"Match and Keep!","player_choice":"1 cards matched","floor":22.0,"gold_loss":0.0,"damage_taken":0.0,"cards_obtained":["Bludgeon"]},{"damage_healed":0.0,"max_hp_gain":0.0,"max_hp_loss":0.0,"gold_gain":0.0,"event_name":"WeMeetAgain","player_choice":"Gave Potion","floor":38.0,"gold_loss":0.0,"damage_taken":0.0,"relics_obtained":["Bronze Scales"]}],"is_beta":true,"boss_relics":[{"not_picked":["Tiny House","Eternal Feather"],"picked":"Philosopher\u0027s Stone"},{"not_picked":["Orrery","Sozu"],"picked":"Runic Pyramid"}],"items_purged_floors":[27,48],"is_endless":false,"potions_floor_spawned":[1,7,8,13,16,24,25,28,31,33,36,37,44,46],"ascension_level":20}