{"gold_per_floor":[117,136,33,45,45,45,75,75,75,92,118,118,130,130,130,223,223,238,54,74,93,117,117],"floor_reached":23,"playtime":1386,"items_purged":["Strike_G"],"score":365,"play_id":"1426ec0f-e622-436a-b2f7-9570b322fad9","local_time":"20181125143255","is_ascension_mode":true,"campfire_choices":[{"data":"Neutralize","floor":6,"key":"SMITH"},{"data":"Footwork","floor":8,"key":"SMITH"},{"data":"Blade Dance","floor":12,"key":"SMITH"},{"data":"Accuracy","floor":15,"key":"SMITH"}],"neow_cost":"NONE","seed_source_timestamp":317713788578494,"circlet_count":0,"master_deck":["AscendersBane","Defend_G","Defend_G","Defend_G","Defend_G","Defend_G","Strike_G","Strike_G","Strike_G","Survivor","Neutralize+1","Backflip","Accuracy+1","Footwork+1","Blade Dance+1","Backstab","Backstab","PiercingWail","Infinite Blades","Well Laid Plans","Phantasmal Killer","Dodge and Roll","Cloak And Dagger","Infinite Blades","Leg Sweep+1","Footwork+1"],"relics":["Ring of the Snake","NeowsBlessing","Happy Flower","Bag of Preparation","Golden Idol","Eternal Feather"],"potions_floor_usage":[7,11,21,22],"damage_taken":[{"damage":0,"enemies":"2 Louse","floor":1,"turns":1},{"damage":0,"enemies":"Cultist","floor":2,"turns":1},{"damage":0,"enemies":"Jaw Worm","floor":4,"turns":1},{"damage":8,"enemies":"3 Sentries","floor":7,"turns":13},{"damage":1,"enemies":"Gremlin Gang","floor":10,"turns":4},{"damage":8,"enemies":"Gremlin Nob","floor":11,"turns":3},{"damage":0,"enemies":"Blue Slaver","floor":13,"turns":4},{"damage":10,"enemies":"Hexaghost","floor":16,"turns":10},{"damage":11,"enemies":"3 Byrds","floor":18,"turns":6},{"damage":24,"enemies":"Spheric Guardian","floor":20,"turns":6},{"damage":0,"enemies":"Centurion and Healer","floor":21,"turns":5},{"damage":16,"enemies":"Sentry and Sphere","floor":22,"turns":6},{"damage":10,"enemies":"Gremlin Leader","floor":23,"turns":5}],"seed_played":"4489654289811969772","potions_obtained":[{"floor":4,"key":"AttackPotion"},{"floor":7,"key":"FearPotion"},{"floor":16,"key":"FearPotion"},{"floor":20,"key":"EssenceOfSteel"},{"floor":21,"key":"GhostInAJar"}],"is_trial":false,"path_per_floor":["M","M","$","M","?","R","E","R","T","M","E","R","M","?","R","B",null,"M","$","M","M","M","E"],"character_chosen":"THE_SILENT","items_purchased":["Footwork","Blade Dance","Cloak And Dagger","Infinite Blades"],"campfire_rested":0,"item_purchase_floors":[3,3,19,19],"current_hp_per_floor":[59,59,59,59,59,59,51,51,51,50,42,42,42,42,42,32,53,42,42,18,18,2,0],"gold":117,"neow_bonus":"THREE_ENEMY_KILL","is_prod":false,"is_daily":false,"chose_seed":false,"campfire_upgraded":4,"win_rate":0,"timestamp":1543177975,"path_taken":["M","M","$","M","?","R","E","R","T","M","E","R","?","?","R","BOSS","M","$","M","M","M","E"],"build_version":"2018-11-15","purchased_purges":1,"victory":false,"max_hp_per_floor":[66,66,66,66,66,66,66,66,66,66,66,66,66,60,60,60,60,60,60,60,60,60,60],"card_choices":[{"not_picked":["Terror","Bane"],"picked":"Backflip","floor":1},{"not_picked":["Reflex","Distraction"],"picked":"Accuracy","floor":2},{"not_picked":["Quick Slash","Backflip"],"picked":"Backstab","floor":4},{"not_picked":["Eviscerate","Blur"],"picked":"PiercingWail","floor":7},{"not_picked":["Deadly Poison","Tactician"],"picked":"Infinite Blades","floor":10},{"not_picked":["Deadly Poison","Corpse Explosion","Masterful Stab"],"picked":"SKIP","floor":11},{"not_picked":["All Out Attack","Tactician"],"picked":"Well Laid Plans","floor":13},{"not_picked":["Bullet Time","Doppelganger"],"picked":"Phantasmal Killer","floor":16},{"not_picked":["Outmaneuver","Deadly Poison"],"picked":"Dodge and Roll","floor":18},{"not_picked":["Reflex","Crippling Poison","Sucker Punch"],"picked":"SKIP","floor":20},{"not_picked":["Heel Hook","Reflex"],"picked":"Leg Sweep+1","floor":21},{"not_picked":["Deflect","Outmaneuver"],"picked":"Footwork+1","floor":22}],"player_experience":733628,"relics_obtained":[{"floor":7,"key":"Happy Flower"},{"floor":11,"key":"Bag of Preparation"}],"event_choices":[{"damage_healed":0,"gold_gain":0,"cards_transformed":["Strike_G"],"player_choice":"Transformed","damage_taken":0,"max_hp_gain":0,"max_hp_loss":0,"event_name":"Transmorgrifier","floor":5,"gold_loss":0,"cards_obtained":["Backstab"]},{"damage_healed":0,"gold_gain":0,"player_choice":"Lose Max HP","damage_taken":0,"relics_obtained":["Golden Idol"],"max_hp_gain":0,"max_hp_loss":6,"event_name":"Golden Idol","floor":14,"gold_loss":0}],"is_beta":false,"boss_relics":[{"not_picked":["Tiny House","Orrery"],"picked":"Eternal Feather"}],"items_purged_floors":[19],"is_endless":false,"potions_floor_spawned":[4,7,16,20,21],"killed_by":"Gremlin Leader","ascension_level":16}