{"gold_per_floor":[116,41,41,41,51,81,81,115,115,115,115,115,129,157,157,231,231,249,260,279,124,140,140,174,174,174,174,204,204,214,230,230,301,301,319,319,338,338,350,350,350,350],"floor_reached":42,"playtime":1745,"items_purged":["Strike_R"],"score":1108,"play_id":"03649a7f-9fbe-47d1-8682-7a16b21d26e1","local_time":"20190705230129","is_ascension_mode":true,"campfire_choices":[{"data":"Bash","floor":7.0,"key":"SMITH"},{"data":"Clothesline","floor":10.0,"key":"SMITH"},{"data":"Berserk","floor":12.0,"key":"SMITH"},{"data":"Carnage","floor":15.0,"key":"SMITH"},{"floor":23.0,"key":"REST"},{"floor":25.0,"key":"REST"},{"floor":27.0,"key":"REST"},{"floor":32.0,"key":"REST"},{"floor":40,"key":"REST"}],"neow_cost":"NONE","seed_source_timestamp":1808481446651,"circlet_count":0,"master_deck":["AscendersBane","Strike_R","Strike_R","Strike_R","Strike_R","Defend_R","Defend_R","Defend_R","Defend_R","Bash+1","Clothesline+1","Offering","Carnage+1","Iron Wave","Offering","Berserk+1","Perfected Strike","Pommel Strike","Demon Form","Rage","Flame Barrier","Cleave","Metallicize","True Grit","Shockwave","Uppercut","Decay","Warcry+1","Feed","Limit Break","Evolve","Shrug It Off"],"special_seed":0,"relics":["Burning Blood","NeowsBlessing","Paper Frog","Ornamental Fan","Blood Vial","Happy Flower","Fusion Hammer","Strawberry","Bottled Tornado","Incense Burner","Black Star"],"potions_floor_usage":[35,37],"damage_taken":[{"damage":0.0,"enemies":"Small Slimes","floor":1.0,"turns":1.0},{"damage":0.0,"enemies":"Jaw Worm","floor":5.0,"turns":1.0},{"damage":0.0,"enemies":"Gremlin Nob","floor":6.0,"turns":1.0},{"damage":31.0,"enemies":"3 Sentries","floor":8.0,"turns":9.0},{"damage":12.0,"enemies":"Cultist","floor":13.0,"turns":2.0},{"damage":23.0,"enemies":"Lagavulin","floor":14.0,"turns":6.0},{"damage":12.0,"enemies":"Slime Boss","floor":16.0,"turns":4.0},{"damage":33.0,"enemies":"Shell Parasite","floor":18.0,"turns":4.0},{"damage":7.0,"enemies":"Chosen","floor":19.0,"turns":3.0},{"damage":21.0,"enemies":"Sentry and Sphere","floor":20.0,"turns":5.0},{"damage":24.0,"enemies":"Shelled Parasite and Fungi","floor":22.0,"turns":5.0},{"damage":12.0,"enemies":"Gremlin Leader","floor":24.0,"turns":4.0},{"damage":47.0,"enemies":"Slavers","floor":28.0,"turns":5.0},{"damage":12.0,"enemies":"Snecko","floor":30.0,"turns":4.0},{"damage":7.0,"enemies":"3 Cultists","floor":31.0,"turns":4.0},{"damage":64.0,"enemies":"Champ","floor":33.0,"turns":10.0},{"damage":15,"enemies":"Orb Walker","floor":35,"turns":3},{"damage":16,"enemies":"3 Darklings","floor":37,"turns":8},{"damage":31,"enemies":"Writhing Mass","floor":39,"turns":6},{"damage":67,"enemies":"Reptomancer","floor":42,"turns":4}],"seed_played":"-7306278408989119040","potions_obtained":[{"floor":1.0,"key":"Ancient Potion"},{"floor":5.0,"key":"Energy Potion"},{"floor":14.0,"key":"PowerPotion"},{"floor":18.0,"key":"Explosive Potion"},{"floor":19.0,"key":"PowerPotion"},{"floor":28.0,"key":"Weak Potion"},{"floor":33.0,"key":"SkillPotion"},{"floor":37,"key":"Dexterity Potion"}],"is_trial":false,"path_per_floor":["M","$","?","?","M","E","R","E","T","R","?","R","M","E","R","B",null,"M","M","M","$","M","R","E","R","T","R","E","?","M","M","R","B",null,"M","?","M","?","M","R","?","E"],"character_chosen":"IRONCLAD","items_purchased":["Offering","Metallicize"],"campfire_rested":5,"item_purchase_floors":[2,21],"current_hp_per_floor":[74,74,74,79,80,80,80,55,55,55,55,55,51,36,36,32,68,43,44,31,31,15,39,42,68,68,87,46,46,42,43,69,13,69,62,62,57,57,37,63,63,0],"gold":350,"neow_bonus":"THREE_ENEMY_KILL","is_prod":false,"is_daily":false,"chose_seed":false,"campfire_upgraded":4,"win_rate":0,"timestamp":1562392889,"path_taken":["M","$","?","?","M","E","R","E","T","R","?","R","M","E","R","BOSS","M","M","M","$","?","R","E","R","T","R","E","?","M","M","R","BOSS","M","?","M","?","M","R","?","E"],"build_version":"2019-07-03","purchased_purges":1,"victory":false,"max_hp_per_floor":[75,75,75,80,80,80,80,80,80,80,80,80,80,80,80,80,80,80,80,80,80,80,80,87,87,87,87,87,87,87,87,87,87,87,87,87,90,85,88,88,88,88],"card_choices":[{"not_picked":["Pommel Strike","Shockwave"],"picked":"Clothesline","floor":1.0},{"not_picked":["Headbutt","Havoc"],"picked":"Carnage","floor":5.0},{"not_picked":["Clothesline","Fire Breathing"],"picked":"Iron Wave","floor":6.0},{"not_picked":["Hemokinesis","Twin Strike"],"picked":"Offering","floor":8.0},{"not_picked":["Corruption","Clash"],"picked":"Perfected Strike","floor":13.0},{"not_picked":["Iron Wave","Battle Trance"],"picked":"Pommel Strike","floor":14.0},{"not_picked":["Feed","Offering"],"picked":"Demon Form","floor":16.0},{"not_picked":["Blood for Blood","Sentinel"],"picked":"Rage","floor":18.0},{"not_picked":["Havoc","Anger"],"picked":"Flame Barrier","floor":19.0},{"not_picked":["Body Slam+1","Twin Strike"],"picked":"Cleave","floor":20.0},{"not_picked":["Clothesline","Rage"],"picked":"True Grit","floor":22.0},{"not_picked":["Flex","Rampage"],"picked":"Shockwave","floor":24.0},{"not_picked":["Sword Boomerang","Whirlwind"],"picked":"Uppercut","floor":28.0},{"not_picked":["Entrench","Iron Wave"],"picked":"Warcry+1","floor":30.0},{"not_picked":["Flame Barrier","Anger+1"],"picked":"Feed","floor":31.0},{"not_picked":["Demon Form","Juggernaut"],"picked":"Limit Break","floor":33.0},{"not_picked":["Corruption","True Grit"],"picked":"Evolve","floor":37},{"not_picked":["Body Slam","Anger"],"picked":"Shrug It Off","floor":39}],"player_experience":1440485,"relics_obtained":[{"floor":6.0,"key":"Paper Frog"},{"floor":8.0,"key":"Ornamental Fan"},{"floor":9.0,"key":"Blood Vial"},{"floor":14.0,"key":"Happy Flower"},{"floor":24.0,"key":"Strawberry"},{"floor":26.0,"key":"Bottled Tornado"},{"floor":28.0,"key":"Incense Burner"}],"event_choices":[{"damage_healed":0.0,"max_hp_gain":0.0,"max_hp_loss":0.0,"gold_gain":0.0,"event_name":"The Cleric","player_choice":"Leave","floor":3.0,"gold_loss":0.0,"damage_taken":0.0},{"damage_healed":0.0,"max_hp_gain":5.0,"max_hp_loss":0.0,"gold_gain":0.0,"event_name":"Big Fish","player_choice":"Donut","floor":4.0,"gold_loss":0.0,"damage_taken":0.0},{"damage_healed":0.0,"max_hp_gain":0.0,"max_hp_loss":0.0,"gold_gain":0.0,"event_name":"Match and Keep!","player_choice":"1 cards matched","floor":11.0,"gold_loss":0.0,"damage_taken":0.0,"cards_obtained":["Berserk"]},{"damage_healed":0.0,"max_hp_gain":0.0,"max_hp_loss":0.0,"gold_gain":0.0,"event_name":"Forgotten Altar","player_choice":"Smashed Altar","floor":29.0,"gold_loss":0.0,"damage_taken":0.0,"cards_obtained":["Decay"]},{"damage_healed":0,"gold_gain":0,"player_choice":"Ignored","damage_taken":0,"max_hp_gain":0,"max_hp_loss":0,"event_name":"Mysterious Sphere","floor":36,"gold_loss":0},{"damage_healed":0,"gold_gain":0,"player_choice":"Max HP","damage_taken":0,"max_hp_gain":0,"max_hp_loss":5,"event_name":"Winding Halls","floor":38,"gold_loss":0},{"damage_healed":0,"gold_gain":0,"player_choice":"Ignored","damage_taken":0,"max_hp_gain":0,"max_hp_loss":0,"event_name":"Tomb of Lord Red Mask","floor":41,"gold_loss":0}],"is_beta":true,"boss_relics":[{"not_picked":["Runic Pyramid","Black Blood"],"picked":"Fusion Hammer"},{"not_picked":["Eternal Feather","Empty Cage"],"picked":"Black Star"}],"items_purged_floors":[21],"is_endless":false,"potions_floor_spawned":[1,5,6,14,18,19,28,33,37],"killed_by":"Reptomancer","ascension_level":20}