{"gold_per_floor":[109,128,32,47,64,98,98,47,47,59,79,26,26,66,66,170,170,186,199,218,229,249,249,260,290,290,290,305,305,324,351,351,446,446,462,220,239,264,291,319,365,365,411,411,424,424,424,444,444,444],"floor_reached":51,"playtime":5608,"items_purged":[],"score":828,"play_id":"8cdba0c1-ea5c-4074-80cf-b63b05eab5ea","local_time":"20180706162501","daily_mods":["Brewmaster","Vintage","Hoarder"],"is_ascension_mode":false,"campfire_choices":[{"floor":7,"key":"REST"},{"data":"Zap","floor":13,"key":"SMITH"},{"data":"Dualcast","floor":15,"key":"SMITH"},{"data":"Demon Form","floor":23,"key":"SMITH"},{"floor":27,"key":"REST"},{"data":"Go for the Eyes","floor":32,"key":"SMITH"},{"data":"1","floor":42,"key":"LIFT"},{"data":"2","floor":44,"key":"LIFT"},{"data":"3","floor":49,"key":"LIFT"}],"neow_cost":"","seed_source_timestamp":0,"circlet_count":0,"master_deck":["Strike_B+1","Strike_B+1","Strike_B+1","Strike_B+1","Defend_B+1","Defend_B+1","Defend_B+1","Defend_B+1","Zap+1","Dualcast+1","Demon Form+1","Wraith Form v2+1","Echo Form+1","Venomology+1","Venomology+1","Venomology+1","Venomology+1","Venomology+1","Venomology+1","Venomology+1","Venomology+1","Venomology+1","Venomology+1","Venomology+1","Venomology+1","Venomology+1","Venomology+1","Venomology+1","Finesse+1","Finesse+1","Finesse+1","Defragment+1","Defragment+1","Defragment+1","Go for the Eyes+1","Go for the Eyes+1","Go for the Eyes+1","Conserve Battery+1","Conserve Battery+1","Conserve Battery+1","Seek+1","Seek+1","Seek+1","Glacier+1","Glacier+1","Glacier+1","Cold Snap+1","Cold Snap+1","Cold Snap+1","Barrage+1","Barrage+1","Barrage+1","Leap+1","Leap+1","Leap+1","Sweeping Beam+1","Sweeping Beam+1","Seek+1","Seek+1","Seek+1","Flash of Steel+1","Flash of Steel+1","Flash of Steel+1","Sunder","Sunder","Sunder"],"special_seed":17718,"relics":["Cracked Core","White Beast Statue","Bag of Preparation","Ornamental Fan","Gremlin Horn","Strawberry","Omamori","Bottled Lightning","Matryoshka","Art of War","Tiny Chest","Torii","Orrery","Gambling Chip","DataDisk","Juzu Bracelet","Whetstone","Toolbox","Vajra","Regal Pillow","Blood Vial","Ancient Tea Set","Calipers","Happy Flower","Potion Belt","Red Mask","Orichalcum","Nuclear Battery","Singing Bowl","Oddly Smooth Stone","Dream Catcher","Darkstone Periapt","Pen Nib","Lantern","Toxic Egg 2","Girya","Pantograph","The Courier","Mark of the Bloom","Dodecahedron"],"potions_floor_usage":[2,4,4,4,4,4,5,5,5,5,5,5,5,6,6,6,6,6,6,6,10,10,10,10,10,11,14,14,14,14,14,14,16,16,16,16,16,16,16,16,16,16,18,18,18,19,19,19,19,19,19,20,20,20,20,21,21,21,21,22,22,24,25,25,25,25,25,25,25,28,28,28,28,30,30,30,31,33,33,33,33,33,33,33,33,33,33,35,35,37,40,40,40,40,40,40,40,40,40,41,41,41,41,45,48,48,48,48,50,50,50,50,50,50,50,50,50,50,50,50,50],"damage_taken":[{"damage":3,"enemies":"2 Louse","floor":1,"turns":4},{"damage":0,"enemies":"Small Slimes","floor":2,"turns":1},{"damage":4,"enemies":"Cultist","floor":4,"turns":3},{"damage":5,"enemies":"Large Slime","floor":5,"turns":5},{"damage":18,"enemies":"3 Sentries","floor":6,"turns":6},{"damage":7,"enemies":"Blue Slaver","floor":10,"turns":2},{"damage":8,"enemies":"3 Louse","floor":11,"turns":3},{"damage":0,"enemies":"Exordium Thugs","floor":14,"turns":4},{"damage":12,"enemies":"Slime Boss","floor":16,"turns":7},{"damage":1,"enemies":"3 Byrds","floor":18,"turns":2},{"damage":0,"enemies":"Spheric Guardian","floor":19,"turns":3},{"damage":0,"enemies":"Chosen and Byrds","floor":20,"turns":9},{"damage":0,"enemies":"Cultist and Chosen","floor":21,"turns":6},{"damage":1,"enemies":"Snake Plant","floor":22,"turns":4},{"damage":22,"enemies":"3 Cultists","floor":24,"turns":5},{"damage":20,"enemies":"Gremlin Leader","floor":25,"turns":9},{"damage":0,"enemies":"Cultist and Chosen","floor":28,"turns":4},{"damage":14,"enemies":"Snake Plant","floor":30,"turns":5},{"damage":0,"floor":31,"turns":2},{"damage":1,"enemies":"Automaton","floor":33,"turns":12},{"damage":26,"enemies":"3 Darklings","floor":35,"turns":3},{"damage":0,"enemies":"Flame Bruiser 1 Orb","floor":37,"turns":1},{"damage":9,"enemies":"2 Orb Walkers","floor":40,"turns":3},{"damage":0,"floor":41,"turns":5},{"damage":3,"enemies":"4 Shapes","floor":45,"turns":1},{"damage":0,"enemies":"Flame Bruiser 2 Orb","floor":48,"turns":2},{"damage":1,"enemies":"Time Eater","floor":50,"turns":9}],"seed_played":"2466043656882147210","potions_obtained":[{"floor":2,"key":"Fruit Juice"},{"floor":4,"key":"GamblersBrew"},{"floor":5,"key":"GamblersBrew"},{"floor":6,"key":"PowerPotion"},{"floor":10,"key":"GamblersBrew"},{"floor":11,"key":"Block Potion"},{"floor":14,"key":"Fire Potion"},{"floor":18,"key":"EssenceOfSteel"},{"floor":19,"key":"AttackPotion"},{"floor":20,"key":"FocusPotion"},{"floor":22,"key":"FearPotion"},{"floor":24,"key":"FearPotion"},{"floor":28,"key":"AttackPotion"},{"floor":30,"key":"Block Potion"},{"floor":31,"key":"EssenceOfSteel"},{"floor":33,"key":"LiquidBronze"},{"floor":35,"key":"AttackPotion"},{"floor":37,"key":"Ancient Potion"},{"floor":40,"key":"Poison Potion"},{"floor":41,"key":"Explosive Potion"},{"floor":45,"key":"Regen Potion"},{"floor":48,"key":"SpeedPotion"}],"is_trial":true,"path_per_floor":["M","M","$","M","M","E","R","$","T","M","M","$","R","M","R","B",null,"M","M","M","M","M","R","M","E","T","R","M","?","M","?","R","B",null,"M","$","M","T","T","E","?","R","T","R","M","?","?","M","R","B"],"character_chosen":"DEFECT","items_purchased":["Finesse","Go for the Eyes","Conserve Battery","Oddly Smooth Stone","Flash of Steel"],"campfire_rested":2,"item_purchase_floors":[3,8,12,36,36],"current_hp_per_floor":[72,72,72,73,75,57,83,83,83,76,68,68,68,80,80,68,87,86,86,86,86,85,85,63,43,43,84,86,86,73,75,75,87,87,61,61,63,63,63,67,71,71,71,71,70,70,70,70,70,69],"gold":444,"neow_bonus":"","is_prod":false,"is_daily":false,"chose_seed":false,"campfire_upgraded":4,"win_rate":0,"timestamp":1530908701,"path_taken":["M","M","$","M","M","E","R","$","T","M","M","$","R","M","R","BOSS","M","M","M","M","M","R","M","E","T","R","M","?","M","?","R","BOSS","M","$","M","?","?","E","?","R","T","R","M","?","?","M","R","BOSS"],"build_version":"2018-07-05","purchased_purges":0,"victory":true,"max_hp_per_floor":[75,75,75,80,87,87,87,87,87,87,87,87,87,87,87,87,87,87,87,87,87,87,87,87,87,87,87,87,87,87,87,87,87,87,87,87,87,87,87,89,91,91,91,91,91,91,91,91,91,91],"card_choices":[{"not_picked":["Redo","Storm"],"picked":"Defragment","floor":6},{"not_picked":["Echo Form","Amplify"],"picked":"Seek","floor":16},{"not_picked":["Static Discharge","Consume"],"picked":"Glacier","floor":17},{"not_picked":["Hologram","Streamline"],"picked":"Cold Snap","floor":17},{"not_picked":["Rebound","Streamline"],"picked":"Barrage","floor":17},{"not_picked":["Loop","Gash"],"picked":"Leap","floor":17},{"not_picked":["Leap","Biased Cognition"],"picked":"Sweeping Beam","floor":25},{"not_picked":["Biased Cognition","Core Surge"],"picked":"Seek","floor":33},{"not_picked":["Defragment+1","Self Repair","Machine Learning"],"picked":"Singing Bowl","floor":40},{"not_picked":["Scrape+1","Cold Snap+1","Gash"],"picked":"Singing Bowl","floor":41}],"player_experience":189016,"relics_obtained":[{"floor":1,"key":"Bag of Preparation"},{"floor":2,"key":"Ornamental Fan"},{"floor":4,"key":"Gremlin Horn"},{"floor":5,"key":"Strawberry"},{"floor":6,"key":"Omamori"},{"floor":9,"key":"Bottled Lightning"},{"floor":10,"key":"Matryoshka"},{"floor":11,"key":"Art of War"},{"floor":14,"key":"Tiny Chest"},{"floor":16,"key":"Torii"},{"floor":18,"key":"Gambling Chip"},{"floor":19,"key":"DataDisk"},{"floor":20,"key":"Juzu Bracelet"},{"floor":21,"key":"Whetstone"},{"floor":22,"key":"Toolbox"},{"floor":24,"key":"Vajra"},{"floor":25,"key":"Regal Pillow"},{"floor":26,"key":"Blood Vial"},{"floor":26,"key":"Ancient Tea Set"},{"floor":28,"key":"Calipers"},{"floor":30,"key":"Potion Belt"},{"floor":31,"key":"Red Mask"},{"floor":33,"key":"Orichalcum"},{"floor":35,"key":"Singing Bowl"},{"floor":37,"key":"Dream Catcher"},{"floor":38,"key":"Darkstone Periapt"},{"floor":38,"key":"Pen Nib"},{"floor":39,"key":"Lantern"},{"floor":40,"key":"Toxic Egg 2"},{"floor":41,"key":"Girya"},{"floor":43,"key":"Pantograph"},{"floor":45,"key":"The Courier"},{"floor":48,"key":"Dodecahedron"}],"event_choices":[{"event_name":"The Mausoleum","player_choice":"Yes","floor":29,"damage_taken":0},{"event_name":"Masked Bandits","player_choice":"Fought over 324 gold","floor":31,"damage_taken":0},{"event_name":"Mysterious Sphere","player_choice":"Fight","floor":41,"damage_taken":0},{"event_name":"MindBloom","player_choice":"Upgrade","floor":46,"damage_taken":0},{"event_name":"Transmorgrifier","player_choice":"Transform","floor":47,"damage_taken":0}],"boss_relics":[{"not_picked":["Snecko Eye","Coffee Dripper"],"picked":"Orrery"},{"not_picked":["Lizard Tail","Eternal Feather"],"picked":"Nuclear Battery"}],"items_purged_floors":[],"is_endless":false,"potions_floor_spawned":[1,2,4,5,6,10,11,14,16,18,19,20,21,22,24,25,28,30,31,33,35,37,40,41,45,48],"ascension_level":0}