{"gold_per_floor":[110,34,109,109,109,109,128,158,210,210,226,241,275,295,295,372,372,391,403,44,59,73,73,0,0,50,85,85,103,103,137,137,137],"floor_reached":33,"playtime":2551,"items_purged":["Strike_B"],"score":690,"play_id":"86ea780b-7fe4-4c65-b75c-70ee75a6f5f9","local_time":"20190814202208","is_ascension_mode":true,"campfire_choices":[{"data":"Fusion","floor":6.0,"key":"SMITH"},{"data":"Zap","floor":10.0,"key":"SMITH"},{"floor":15,"key":"REST"},{"floor":23,"key":"REST"},{"floor":28,"key":"REST"},{"data":"Hologram","floor":30,"key":"SMITH"},{"floor":32,"key":"REST"}],"neow_cost":"NONE","seed_source_timestamp":552201568641899,"circlet_count":0,"master_deck":["AscendersBane","Strike_B","Defend_B","Defend_B","Defend_B","Defend_B","Zap+1","Dualcast","Doom and Gloom","Genetic Algorithm","Fusion+1","Sweeping Beam","Coolheaded","Hologram+1","Consume","Biased Cognition","BootSequence+1","Compile Driver+1","Echo Form","Seek"],"special_seed":0,"relics":["Cracked Core","NeowsBlessing","Centennial Puzzle","Vajra","Bag of Preparation","Velvet Choker","Symbiotic Virus","Lantern","Orichalcum","Happy Flower"],"potions_floor_usage":[13,16,27,31],"damage_taken":[{"damage":0.0,"enemies":"Cultist","floor":1.0,"turns":1.0},{"damage":0.0,"enemies":"2 Louse","floor":7.0,"turns":2.0},{"damage":0.0,"enemies":"3 Sentries","floor":8.0,"turns":1.0},{"damage":2.0,"enemies":"Small Slimes","floor":11.0,"turns":3.0},{"damage":9.0,"enemies":"Red Slaver","floor":12.0,"turns":4.0},{"damage":0,"enemies":"Gremlin Nob","floor":13,"turns":2},{"damage":11,"enemies":"Large Slime","floor":14,"turns":5},{"damage":38,"enemies":"Slime Boss","floor":16,"turns":9},{"damage":7,"enemies":"Spheric Guardian","floor":18,"turns":4},{"damage":17,"enemies":"2 Thieves","floor":19,"turns":3},{"damage":8,"enemies":"Centurion and Healer","floor":21,"turns":4},{"damage":4,"enemies":"Sentry and Sphere","floor":22,"turns":3},{"damage":15,"enemies":"Gremlin Leader","floor":27,"turns":5},{"damage":5,"enemies":"Snake Plant","floor":29,"turns":3},{"damage":30,"enemies":"Slavers","floor":31,"turns":4},{"damage":34,"enemies":"Champ","floor":33,"turns":7}],"seed_played":"-7555028686943604131","potions_obtained":[{"floor":1.0,"key":"Poison Potion"},{"floor":12.0,"key":"AttackPotion"},{"floor":21,"key":"SpeedPotion"},{"floor":22,"key":"SteroidPotion"},{"floor":29,"key":"Weak Potion"}],"is_trial":false,"path_per_floor":["M","$","?","?","?","R","M","E","T","R","M","M","E","M","R","B",null,"M","M","$","M","M","R","?","?","T","E","R","M","R","E","R","B"],"character_chosen":"DEFECT","items_purchased":["Genetic Algorithm","Symbiotic Virus"],"campfire_rested":4,"item_purchase_floors":[2,20],"current_hp_per_floor":[64,64,53,46,46,46,46,46,46,46,44,35,35,24,45,7,55,48,31,31,23,19,40,40,33,33,18,39,34,34,4,25,0],"gold":137,"neow_bonus":"THREE_ENEMY_KILL","is_prod":false,"is_daily":false,"chose_seed":false,"campfire_upgraded":3,"win_rate":0,"timestamp":1565828528,"path_taken":["M","$","?","?","?","R","M","E","T","R","M","?","E","M","R","BOSS","M","M","$","M","M","R","?","?","T","E","R","M","R","E","R","BOSS"],"build_version":"2019-07-17","purchased_purges":1,"victory":false,"max_hp_per_floor":[71,71,71,71,71,71,71,71,71,71,71,71,71,71,71,71,71,71,71,71,71,71,71,71,71,71,71,71,71,71,71,71,71],"card_choices":[{"not_picked":["Consume","Heatsinks"],"picked":"Doom and Gloom","floor":1.0},{"not_picked":["Streamline","Rebound"],"picked":"Sweeping Beam","floor":7.0},{"not_picked":["Doom and Gloom","Fusion","Turbo"],"picked":"SKIP","floor":8.0},{"not_picked":["BootSequence","Sweeping Beam"],"picked":"Coolheaded","floor":11.0},{"not_picked":["Beam Cell","Hyperbeam"],"picked":"Hologram","floor":12.0},{"not_picked":["Stack","Heatsinks","Streamline"],"picked":"SKIP","floor":13},{"not_picked":["Stack","Heatsinks","Streamline"],"picked":"SKIP","floor":13},{"not_picked":["Genetic Algorithm","Static Discharge"],"picked":"Consume","floor":14},{"not_picked":["Thunder Strike","Rainbow"],"picked":"Biased Cognition","floor":16},{"not_picked":["Gash","White Noise"],"picked":"BootSequence+1","floor":18},{"not_picked":["Beam Cell","Streamline","Rebound+1"],"picked":"SKIP","floor":19},{"not_picked":["Storm","Rip and Tear"],"picked":"Compile Driver+1","floor":21},{"not_picked":["Rebound","Beam Cell","Static Discharge"],"picked":"SKIP","floor":22},{"not_picked":["Reinforced Body","Steam"],"picked":"Echo Form","floor":27},{"not_picked":["Chill","Tempest+1","Reinforced Body"],"picked":"SKIP","floor":29},{"not_picked":["Compile Driver","Chaos+1"],"picked":"Seek","floor":31}],"player_experience":2672832,"relics_obtained":[{"floor":8.0,"key":"Centennial Puzzle"},{"floor":9.0,"key":"Vajra"},{"floor":13,"key":"Bag of Preparation"},{"floor":26,"key":"Lantern"},{"floor":27,"key":"Orichalcum"},{"floor":31,"key":"Happy Flower"}],"event_choices":[{"damage_healed":0.0,"max_hp_gain":0.0,"max_hp_loss":0.0,"gold_gain":75.0,"event_name":"World of Goop","player_choice":"Gather Gold","floor":3.0,"gold_loss":0.0,"damage_taken":11.0},{"cards_removed":["Strike_B"],"damage_healed":0.0,"max_hp_gain":0.0,"max_hp_loss":0.0,"gold_gain":0.0,"event_name":"Golden Wing","player_choice":"Card Removal","floor":4.0,"gold_loss":0.0,"damage_taken":7.0},{"damage_healed":0.0,"max_hp_gain":0.0,"max_hp_loss":0.0,"gold_gain":0.0,"cards_transformed":["Strike_B"],"event_name":"Transmorgrifier","player_choice":"Transformed","floor":5.0,"gold_loss":0.0,"damage_taken":0.0,"cards_obtained":["Fusion"]},{"damage_healed":0,"gold_gain":0,"player_choice":"Paid Fearfully","damage_taken":0,"max_hp_gain":0,"max_hp_loss":0,"event_name":"Masked Bandits","floor":24,"gold_loss":73},{"damage_healed":0,"gold_gain":0,"player_choice":"","damage_taken":7,"max_hp_gain":0,"max_hp_loss":0,"event_name":"Knowing Skull","floor":25,"potions_obtained":[],"gold_loss":0,"cards_obtained":[]}],"is_beta":false,"boss_relics":[{"not_picked":["Black Star","FrozenCore"],"picked":"Velvet Choker"}],"items_purged_floors":[20],"is_endless":false,"potions_floor_spawned":[1,12,21,22,29],"killed_by":"Champ","ascension_level":20}