{"gold_per_floor":[115,132,132,132,150,150,181,181,181,209,209,209],"floor_reached":12,"playtime":209,"items_purged":[],"score":172,"play_id":"fed4e0ff-8aa5-4f6f-affe-c72d6439baff","local_time":"20190228214634","is_ascension_mode":true,"campfire_choices":[{"data":"Armaments","floor":6.0,"key":"SMITH"},{"data":"Bash","floor":8.0,"key":"SMITH"},{"data":"True Grit","floor":11.0,"key":"SMITH"}],"neow_cost":"NONE","seed_source_timestamp":16644126223043,"circlet_count":0,"master_deck":["AscendersBane","Strike_R","Strike_R","Strike_R","Strike_R","Defend_R","Defend_R","Defend_R+1","Defend_R+1","Bash+1","Disarm","Disarm","Armaments+1","Wild Strike","True Grit+1"],"special_seed":0,"relics":["Burning Blood","NeowsBlessing","Bottled Flame","Blue Candle","PreservedInsect"],"potions_floor_usage":[],"damage_taken":[{"damage":0.0,"enemies":"Jaw Worm","floor":1.0,"turns":1.0},{"damage":0.0,"enemies":"2 Louse","floor":2.0,"turns":1.0},{"damage":0.0,"enemies":"Cultist","floor":5.0,"turns":1.0},{"damage":31.0,"enemies":"Gremlin Nob","floor":7.0,"turns":4.0},{"damage":16.0,"enemies":"Lagavulin","floor":10.0,"turns":10.0},{"damage":58,"enemies":"Exordium Thugs","floor":12,"turns":7}],"seed_played":"-6319966952141365112","potions_obtained":[{"floor":1.0,"key":"Strength Potion"},{"floor":10.0,"key":"FairyPotion"}],"is_trial":false,"path_per_floor":["M","M","?","?","M","R","E","R","T","E","R","M"],"character_chosen":"IRONCLAD","items_purchased":[],"campfire_rested":0,"item_purchase_floors":[],"current_hp_per_floor":[74,75,52,52,58,58,33,33,33,23,23,0],"gold":209,"neow_bonus":"THREE_ENEMY_KILL","is_prod":false,"is_daily":false,"chose_seed":false,"campfire_upgraded":3,"win_rate":0,"timestamp":1551419194,"path_taken":["M","M","?","?","?","R","E","R","T","E","R","?"],"build_version":"2019-02-06","purchased_purges":0,"victory":false,"max_hp_per_floor":[75,75,75,75,75,75,75,75,75,75,75,75],"card_choices":[{"not_picked":["Burning Pact","Wild Strike"],"picked":"Disarm","floor":1.0},{"not_picked":["Heavy Blade","Armaments"],"picked":"Disarm","floor":2.0},{"not_picked":["Bloodletting","Intimidate"],"picked":"Armaments","floor":5.0},{"not_picked":["Sword Boomerang","Burning Pact"],"picked":"Wild Strike","floor":7.0},{"not_picked":["Havoc","Body Slam"],"picked":"True Grit","floor":10.0}],"player_experience":1239370,"relics_obtained":[{"floor":7.0,"key":"Bottled Flame"},{"floor":9.0,"key":"Blue Candle"},{"floor":10.0,"key":"PreservedInsect"}],"event_choices":[{"damage_healed":0.0,"max_hp_gain":0.0,"max_hp_loss":0.0,"gold_gain":0.0,"event_name":"Shining Light","player_choice":"Entered Light","floor":3.0,"gold_loss":0.0,"damage_taken":23.0,"cards_upgraded":["Defend_R","Defend_R"]},{"cards_removed":["Strike_R"],"damage_healed":0.0,"max_hp_gain":0.0,"max_hp_loss":0.0,"gold_gain":0.0,"event_name":"Bonfire Elementals","player_choice":"Offered Basic","floor":4.0,"gold_loss":0.0,"damage_taken":0.0}],"is_beta":true,"boss_relics":[],"items_purged_floors":[],"is_endless":false,"potions_floor_spawned":[1,10],"killed_by":"Exordium Thugs","ascension_level":20}