{"gold_per_floor":[115,115,16,30,30,61,61,78,78,106,122,122,122,138,138,209,209,225,225,225,13,13,13,24,24,49,78,97,117,27,38,38,38],"floor_reached":33,"playtime":918,"items_purged":[],"score":625,"play_id":"7bb6fc7a-e6ea-40af-a310-8707783dc622","local_time":"20190218153618","is_ascension_mode":true,"campfire_choices":[{"data":"Armaments","floor":7,"key":"SMITH"},{"data":"Uppercut","floor":13,"key":"SMITH"},{"data":"Armaments","floor":15,"key":"SMITH"},{"data":"Uppercut","floor":23,"key":"SMITH"},{"data":"Havoc","floor":25,"key":"SMITH"},{"floor":32,"key":"REST"}],"neow_cost":"NONE","seed_source_timestamp":2208483230827,"circlet_count":0,"master_deck":["AscendersBane","Strike_R","Strike_R","Strike_R","Strike_R","Strike_R","Defend_R","Defend_R+1","Defend_R","Bash","Clothesline+1","Thunderclap","Evolve","Armaments+1","Perfected Strike","Wild Strike","Uppercut+1","Havoc+1","Feed","Headbutt","Armaments+1","Uppercut+1","Immolate","Pommel Strike","Shrug It Off","Flame Barrier","Shrug It Off","Ghostly Armor","Anger+1","Armaments","Spot Weakness","Havoc","Feel No Pain","Power Through","Pommel Strike"],"relics":["Burning Blood","Prayer Wheel","Torii","Bird Faced Urn","Sozu","Toolbox","Nloth\u0027s Gift","Smiling Mask","PreservedInsect"],"potions_floor_usage":[10,14,29],"damage_taken":[{"damage":0,"enemies":"Jaw Worm","floor":1,"turns":1},{"damage":0,"enemies":"2 Louse","floor":4,"turns":1},{"damage":0,"enemies":"Lagavulin","floor":6,"turns":1},{"damage":0,"enemies":"Cultist","floor":8,"turns":3},{"damage":18,"enemies":"3 Sentries","floor":10,"turns":8},{"damage":7,"enemies":"Looter","floor":11,"turns":3},{"damage":7,"enemies":"3 Louse","floor":14,"turns":2},{"damage":58,"enemies":"The Guardian","floor":16,"turns":13},{"damage":1,"enemies":"Chosen","floor":18,"turns":3},{"damage":1,"enemies":"Spheric Guardian","floor":24,"turns":3},{"damage":51,"enemies":"Slavers","floor":27,"turns":6},{"damage":13,"enemies":"3 Cultists","floor":28,"turns":4},{"damage":22,"enemies":"Snake Plant","floor":29,"turns":4},{"damage":0,"enemies":"Cultist and Chosen","floor":31,"turns":3},{"damage":36,"enemies":"Champ","floor":33,"turns":10}],"seed_played":"-4458392651047666999","potions_obtained":[{"floor":1,"key":"SkillPotion"},{"floor":10,"key":"Fire Potion"},{"floor":11,"key":"Weak Potion"}],"is_trial":false,"path_per_floor":["M","?","$","M","$","E","R","M","T","E","M","?","R","M","R","B",null,"M","?","?","$","?","R","M","R","T","E","M","M","$","M","R","B"],"character_chosen":"IRONCLAD","items_purchased":["Thunderclap","Evolve","Toolbox","Feel No Pain"],"campfire_rested":1,"item_purchase_floors":[3,3,21,30],"current_hp_per_floor":[74,51,51,57,57,63,63,69,69,57,56,56,56,58,58,8,61,66,66,66,66,66,66,71,71,71,28,21,7,7,13,36,4],"gold":38,"neow_bonus":"THREE_ENEMY_KILL","is_prod":false,"is_daily":false,"chose_seed":false,"campfire_upgraded":5,"win_rate":0,"timestamp":1550532978,"path_taken":["M","?","$","M","$","E","R","M","T","E","M","?","R","?","R","BOSS","M","?","?","$","?","R","M","R","T","E","?","M","$","M","R","BOSS"],"build_version":"2019-02-06","purchased_purges":0,"victory":false,"max_hp_per_floor":[75,75,75,75,75,75,75,75,75,75,75,75,75,78,78,78,78,78,78,78,78,78,78,78,78,78,78,78,78,78,78,78,78],"card_choices":[{"not_picked":["Intimidate","Flex"],"picked":"Clothesline","floor":1},{"not_picked":["Whirlwind","True Grit"],"picked":"Armaments","floor":4},{"not_picked":["Juggernaut","Cleave"],"picked":"Perfected Strike","floor":6},{"not_picked":["Armaments","Infernal Blade"],"picked":"Wild Strike","floor":8},{"not_picked":["Burning Pact","Cleave"],"picked":"Uppercut","floor":8},{"not_picked":["Sword Boomerang","Armaments"],"picked":"Havoc","floor":10},{"not_picked":["Warcry","Havoc"],"picked":"Feed","floor":11},{"not_picked":["Body Slam","Flex"],"picked":"Headbutt","floor":11},{"not_picked":["Iron Wave","Entrench"],"picked":"Armaments","floor":14},{"not_picked":["Cleave","Thunderclap"],"picked":"Uppercut","floor":14},{"not_picked":["Barricade","Brutality"],"picked":"Immolate","floor":16},{"not_picked":["Sever Soul+1","True Grit"],"picked":"Pommel Strike","floor":18},{"not_picked":["Seeing Red","Entrench"],"picked":"Shrug It Off","floor":18},{"not_picked":["Sword Boomerang","Wild Strike"],"picked":"Shrug It Off","floor":24},{"not_picked":["Uppercut","Sentinel"],"picked":"Ghostly Armor","floor":24},{"not_picked":["Carnage","Barricade"],"picked":"Anger+1","floor":27},{"not_picked":["Headbutt","Cleave"],"picked":"Armaments","floor":28},{"not_picked":["Anger","Combust","Iron Wave"],"picked":"SKIP","floor":28},{"not_picked":["Twin Strike","Heavy Blade"],"picked":"Spot Weakness","floor":29},{"not_picked":["Headbutt","Dropkick"],"picked":"Havoc","floor":29},{"not_picked":["Barricade","Sword Boomerang"],"picked":"Power Through","floor":31},{"not_picked":["Perfected Strike","Thunderclap"],"picked":"Pommel Strike","floor":31}],"player_experience":1166378,"relics_obtained":[{"floor":6,"key":"Prayer Wheel"},{"floor":9,"key":"Torii"},{"floor":10,"key":"Bird Faced Urn"},{"floor":26,"key":"Smiling Mask"},{"floor":27,"key":"PreservedInsect"}],"event_choices":[{"damage_healed":0,"gold_gain":0,"player_choice":"Entered Light","damage_taken":23,"max_hp_gain":0,"max_hp_loss":0,"event_name":"Shining Light","floor":2,"gold_loss":0,"cards_upgraded":["Clothesline","Defend_R"]},{"cards_removed":["Defend_R"],"damage_healed":0,"gold_gain":0,"player_choice":"Offered Basic","damage_taken":0,"max_hp_gain":0,"max_hp_loss":0,"event_name":"Bonfire Elementals","floor":12,"gold_loss":0},{"damage_healed":0,"gold_gain":0,"player_choice":"Read","damage_taken":0,"max_hp_gain":0,"max_hp_loss":0,"event_name":"The Library","floor":19,"gold_loss":0,"cards_obtained":["Flame Barrier"]},{"damage_healed":0,"gold_gain":0,"player_choice":"Ignored","damage_taken":0,"max_hp_gain":0,"max_hp_loss":0,"event_name":"Ghosts","floor":20,"gold_loss":0},{"damage_healed":0,"gold_gain":0,"player_choice":"Traded Relic","damage_taken":0,"relics_obtained":["Nloth\u0027s Gift"],"max_hp_gain":0,"max_hp_loss":0,"event_name":"N\u0027loth","floor":22,"relics_lost":["NeowsBlessing"],"gold_loss":0}],"is_beta":true,"boss_relics":[{"not_picked":["Busted Crown","Philosopher\u0027s Stone"],"picked":"Sozu"}],"items_purged_floors":[],"is_endless":false,"potions_floor_spawned":[1,10,11,24,28,29],"killed_by":"Champ","ascension_level":20}