{"gold_per_floor":[116,116,136,147,72,72,87,87,114,128,128,128,48,67,67,67],"floor_reached":16,"playtime":369,"items_purged":["Strike_R"],"score":184,"play_id":"2e0f4657-8ba4-42dc-83af-1dea0f635c3f","local_time":"20190822235136","is_ascension_mode":true,"campfire_choices":[{"data":"Bash","floor":6.0,"key":"SMITH"},{"floor":15,"key":"REST"}],"neow_cost":"NONE","seed_source_timestamp":3462793551803,"circlet_count":0,"master_deck":["AscendersBane","Strike_R","Strike_R","Defend_R","Defend_R","Defend_R","Bash+1","Dropkick","Dropkick"],"special_seed":0,"relics":["Empty Cage","Ancient Tea Set"],"potions_floor_usage":[14],"damage_taken":[{"damage":6.0,"enemies":"Cultist","floor":1.0,"turns":3.0},{"damage":2.0,"enemies":"2 Louse","floor":3.0,"turns":4.0},{"damage":3.0,"enemies":"Small Slimes","floor":4.0,"turns":3.0},{"damage":15.0,"enemies":"2 Fungi Beasts","floor":7.0,"turns":5.0},{"damage":6.0,"enemies":"Lots of Slimes","floor":10.0,"turns":5.0},{"damage":20,"enemies":"3 Louse","floor":14,"turns":4},{"damage":31,"enemies":"The Guardian","floor":16,"turns":8}],"seed_played":"7506821233981192577","potions_obtained":[{"floor":7.0,"key":"Fire Potion"},{"floor":10.0,"key":"GamblersBrew"}],"is_trial":false,"path_per_floor":["M","?","M","M","$","R","M","?","T","M","?","?","$","M","R","B"],"character_chosen":"IRONCLAD","items_purchased":["Dropkick"],"campfire_rested":1,"item_purchase_floors":[13],"current_hp_per_floor":[62,62,60,57,57,57,42,35,35,29,29,29,29,9,31,0],"gold":67,"neow_bonus":"BOSS_RELIC","is_prod":false,"is_daily":false,"chose_seed":false,"campfire_upgraded":1,"win_rate":0,"timestamp":1566543096,"path_taken":["M","?","M","?","$","R","M","?","T","M","?","?","$","M","R","BOSS"],"build_version":"2019-08-15","purchased_purges":1,"victory":false,"max_hp_per_floor":[75,75,75,75,75,75,75,75,75,75,75,75,75,75,75,75],"card_choices":[{"not_picked":["Sword Boomerang","Berserk"],"picked":"Dropkick","floor":7.0},{"not_picked":["Entrench","Wild Strike","True Grit"],"picked":"SKIP","floor":10.0}],"player_experience":1422936,"relics_obtained":[{"floor":9.0,"key":"Ancient Tea Set"}],"event_choices":[{"damage_healed":0.0,"max_hp_gain":0.0,"max_hp_loss":0.0,"gold_gain":0.0,"event_name":"Match and Keep!","player_choice":"0 cards matched","floor":2.0,"gold_loss":0.0,"damage_taken":0.0,"cards_obtained":[]},{"cards_removed":["Strike_R"],"damage_healed":0.0,"max_hp_gain":0.0,"max_hp_loss":0.0,"gold_gain":0.0,"event_name":"Golden Wing","player_choice":"Card Removal","floor":8.0,"gold_loss":0.0,"damage_taken":7.0},{"damage_healed":0.0,"max_hp_gain":0.0,"max_hp_loss":0.0,"gold_gain":0.0,"event_name":"Dead Adventurer","player_choice":"Searched \u00270\u0027 times","floor":11.0,"gold_loss":0.0,"damage_taken":0.0},{"damage_healed":0,"gold_gain":0,"player_choice":"0 cards matched","damage_taken":0,"max_hp_gain":0,"max_hp_loss":0,"event_name":"Match and Keep!","floor":12,"gold_loss":0,"cards_obtained":[]}],"is_beta":true,"boss_relics":[],"items_purged_floors":[5],"is_endless":false,"potions_floor_spawned":[7,10],"killed_by":"The Guardian","ascension_level":20}