{"gold_per_floor":[18,18,18,31,42,76,86,106,132,57,69,87,87,121,121,121],"floor_reached":16,"playtime":715,"items_purged":["Strike_R"],"score":114,"play_id":"829aec2b-3982-49c0-ada0-38b9141536a7","local_time":"20190728143027","is_ascension_mode":false,"campfire_choices":[{"data":"Bash","floor":13,"key":"SMITH"},{"data":"Bloodletting","floor":15,"key":"SMITH"}],"neow_cost":"NO_GOLD","seed_source_timestamp":1588044591102914,"circlet_count":0,"master_deck":["Strike_R","Strike_R","Strike_R","Strike_R","Defend_R","Defend_R","Defend_R","Defend_R","Bash+1","Dark Shackles","Madness","Bloodletting+1"],"relics":["Burning Blood","Orichalcum","Centennial Puzzle","Lantern"],"potions_floor_usage":[6,11,11,12],"damage_taken":[{"damage":6,"enemies":"Jaw Worm","floor":1,"turns":3},{"damage":6,"enemies":"Cultist","floor":4,"turns":3},{"damage":12,"enemies":"Small Slimes","floor":5,"turns":4},{"damage":28,"enemies":"Gremlin Nob","floor":6,"turns":5},{"damage":7,"enemies":"2 Fungi Beasts","floor":7,"turns":3},{"damage":10,"enemies":"3 Louse","floor":8,"turns":3},{"damage":6,"enemies":"Exordium Wildlife","floor":11,"turns":4},{"damage":10,"enemies":"Large Slime","floor":12,"turns":8},{"damage":31,"enemies":"3 Sentries","floor":14,"turns":10},{"damage":38,"enemies":"The Guardian","floor":16,"turns":8}],"seed_played":"-8793881828119641103","potions_obtained":[{"floor":1,"key":"Energy Potion"},{"floor":2,"key":"Explosive Potion"},{"floor":2,"key":"SmokeBomb"},{"floor":4,"key":"Energy Potion"},{"floor":11,"key":"BloodPotion"}],"is_trial":false,"path_per_floor":["M","?","$","M","M","E","M","M","T","$","M","M","R","E","R","B"],"character_chosen":"IRONCLAD","items_purchased":[],"campfire_rested":0,"item_purchase_floors":[],"current_hp_per_floor":[80,80,80,80,74,52,51,47,47,47,47,63,63,38,38,0],"gold":121,"neow_bonus":"RANDOM_COLORLESS_2","is_prod":false,"is_daily":false,"chose_seed":false,"campfire_upgraded":2,"win_rate":0,"timestamp":1564342227,"path_taken":["M","?","$","?","M","E","M","M","T","$","M","M","R","E","R","BOSS"],"build_version":"2019-07-17","purchased_purges":1,"victory":false,"max_hp_per_floor":[80,80,80,80,80,80,80,80,80,80,80,80,80,80,80,80],"card_choices":[{"not_picked":["Anger","Whirlwind","Warcry"],"picked":"SKIP","floor":1},{"not_picked":["Iron Wave","Pommel Strike","Shrug It Off"],"picked":"SKIP","floor":4},{"not_picked":["Searing Blow","Anger","Warcry"],"picked":"SKIP","floor":5},{"not_picked":["Rampage","Rage","Limit Break"],"picked":"SKIP","floor":6},{"not_picked":["Pommel Strike","Anger","Shrug It Off"],"picked":"SKIP","floor":7},{"not_picked":["Warcry","Evolve","Flex"],"picked":"SKIP","floor":8},{"not_picked":["Pommel Strike","Twin Strike","Heavy Blade"],"picked":"SKIP","floor":11},{"not_picked":["Limit Break","Body Slam","Intimidate"],"picked":"SKIP","floor":12},{"not_picked":["Reaper","Intimidate"],"picked":"Bloodletting","floor":14}],"player_experience":922007,"relics_obtained":[{"floor":6,"key":"Orichalcum"},{"floor":9,"key":"Centennial Puzzle"},{"floor":14,"key":"Lantern"}],"event_choices":[{"damage_healed":0,"gold_gain":0,"player_choice":"Got Potions","damage_taken":0,"max_hp_gain":0,"max_hp_loss":0,"event_name":"Lab","floor":2,"gold_loss":0}],"is_beta":false,"boss_relics":[],"items_purged_floors":[10],"is_endless":false,"potions_floor_spawned":[1,4,5,11],"killed_by":"The Guardian","ascension_level":0}