{"gold_per_floor":[114,64,64,64,64,64,83,100,130,144,168,168,202,202,202,202],"floor_reached":16,"playtime":341,"items_purged":[],"score":196,"play_id":"954d217f-aa7c-442e-880a-c3794c93a064","local_time":"20190302161939","is_ascension_mode":true,"campfire_choices":[{"data":"Armaments","floor":6,"key":"SMITH"},{"data":"Bash","floor":12,"key":"SMITH"},{"data":"Metallicize","floor":15,"key":"SMITH"}],"neow_cost":"NONE","seed_source_timestamp":18221250255450,"circlet_count":0,"master_deck":["AscendersBane","Strike_R","Strike_R","Strike_R","Strike_R","Strike_R+1","Defend_R","Defend_R","Defend_R+1","Defend_R+1","Bash+1","Clash+1","True Grit+1","Armaments+1","Metallicize+1"],"special_seed":0,"relics":["Burning Blood","NeowsBlessing","Tiny Chest","War Paint","Lantern"],"potions_floor_usage":[10,16],"damage_taken":[{"damage":0.0,"enemies":"Small Slimes","floor":1.0,"turns":1.0},{"damage":0,"enemies":"2 Louse","floor":7,"turns":2},{"damage":0,"enemies":"Cultist","floor":8,"turns":1},{"damage":0,"enemies":"Lots of Slimes","floor":10,"turns":4},{"damage":22,"enemies":"3 Sentries","floor":13,"turns":12},{"damage":53,"enemies":"Hexaghost","floor":16,"turns":11}],"seed_played":"-323099389279147940","potions_obtained":[{"floor":8,"key":"SteroidPotion"},{"floor":10,"key":"GamblersBrew"}],"is_trial":false,"path_per_floor":["M","$","?","?","$","R","M","M","T","M","T","R","E","?","R","B"],"character_chosen":"IRONCLAD","items_purchased":["True Grit"],"campfire_rested":0,"item_purchase_floors":[2],"current_hp_per_floor":[74,74,51,51,51,51,57,63,63,69,69,69,53,53,53,0],"gold":202,"neow_bonus":"THREE_ENEMY_KILL","is_prod":false,"is_daily":false,"chose_seed":false,"campfire_upgraded":3,"win_rate":0,"timestamp":1551572379,"path_taken":["M","$","?","?","$","R","M","?","T","?","?","R","E","?","R","BOSS"],"build_version":"2019-02-06","purchased_purges":0,"victory":false,"max_hp_per_floor":[75,75,75,75,75,75,75,75,75,75,75,75,75,75,75,75],"card_choices":[{"not_picked":["Shrug It Off","Cleave"],"picked":"Clash","floor":1.0}],"player_experience":1270365,"relics_obtained":[{"floor":9,"key":"Tiny Chest"},{"floor":11,"key":"War Paint"},{"floor":13,"key":"Lantern"}],"event_choices":[{"damage_healed":0.0,"max_hp_gain":0.0,"max_hp_loss":0.0,"gold_gain":0.0,"event_name":"Shining Light","player_choice":"Entered Light","floor":3.0,"gold_loss":0.0,"damage_taken":23.0,"cards_upgraded":["Defend_R","Strike_R"]},{"damage_healed":0,"gold_gain":0,"player_choice":"2 cards matched","damage_taken":0,"max_hp_gain":0,"max_hp_loss":0,"event_name":"Match and Keep!","floor":4,"gold_loss":0,"cards_obtained":["Armaments","Metallicize"]},{"damage_healed":0,"gold_gain":0,"player_choice":"Grow","damage_taken":0,"max_hp_gain":0,"max_hp_loss":0,"event_name":"Living Wall","floor":14,"gold_loss":0,"cards_upgraded":["Clash"]}],"is_beta":true,"boss_relics":[],"items_purged_floors":[],"is_endless":false,"potions_floor_spawned":[8,10],"killed_by":"Hexaghost","ascension_level":20}