{"gold_per_floor":[115,115,115,135,26,26,64,76,111,143,176,11,24,48,48,144,144,162,87,135,34,47,47,80,80,156,156,197,215,215,240,240,335,335,349,368,164,164,184,184,203,203,248,272,272,312,312,312,312,312],"floor_reached":50,"playtime":1765,"items_purged":["Defend_B"],"score":961,"play_id":"8503efda-34e3-4754-8330-3cb94c5318ca","local_time":"20180726161545","is_ascension_mode":true,"campfire_choices":[{"data":"Doom and Gloom","floor":6,"key":"SMITH"},{"data":"Chill","floor":8,"key":"SMITH"},{"data":"Defragment","floor":15,"key":"SMITH"},{"data":"Blizzard","floor":23,"key":"SMITH"},{"data":"Hologram","floor":25,"key":"SMITH"},{"data":"Hologram","floor":32,"key":"SMITH"},{"floor":40,"key":"REST"},{"floor":42,"key":"REST"},{"floor":45,"key":"REST"},{"floor":49,"key":"REST"}],"neow_cost":"NONE","seed_source_timestamp":291581500076362,"circlet_count":0,"master_deck":["Strike_B","Strike_B","Strike_B","Defend_B","Defend_B","Defend_B","Zap","Dualcast","AscendersBane","Hello World","Conserve Battery","White Noise","Doom and Gloom+1","Chill+1","Stack","Coolheaded","Defragment+1","Blizzard+1","Creative AI","Coolheaded","All For One","Hologram+1","Hologram+1","Go for the Eyes","Rebound","Gash+1","Go for the Eyes","Coolheaded","Echo Form","BootSequence+1","Beam Cell+1","Capacitor","Leap","Auto Shields","Stack","Hologram+1","Fission","Sweeping Beam+1","Go for the Eyes+1","Gash","Leap+1","Trip","Bandage Up","Discovery","Defragment"],"relics":["Cracked Core","NeowsBlessing","Golden Idol","MawBank","Regal Pillow","Runic Dome","Bronze Scales","Mercury Hourglass","Ornamental Fan","Dream Catcher","Fusion Hammer","Ancient Tea Set","Symbiotic Virus"],"potions_floor_usage":[28,33,46,46],"damage_taken":[{"damage":0,"enemies":"Jaw Worm","floor":1,"turns":1},{"damage":0,"enemies":"Small Slimes","floor":4,"turns":1},{"damage":0,"enemies":"Gremlin Nob","floor":7,"turns":1},{"damage":0,"enemies":"2 Louse","floor":10,"turns":1},{"damage":0,"enemies":"Gremlin Gang","floor":11,"turns":3},{"damage":0,"enemies":"2 Fungi Beasts","floor":13,"turns":3},{"damage":9,"enemies":"Looter","floor":14,"turns":3},{"damage":28,"enemies":"Hexaghost","floor":16,"turns":11},{"damage":1,"enemies":"Chosen","floor":18,"turns":7},{"damage":1,"enemies":"Shell Parasite","floor":22,"turns":6},{"damage":5,"enemies":"Book of Stabbing","floor":24,"turns":7},{"damage":35,"enemies":"Gremlin Leader","floor":28,"turns":8},{"damage":0,"enemies":"Snecko","floor":29,"turns":3},{"damage":5,"enemies":"Centurion and Healer","floor":31,"turns":6},{"damage":54,"enemies":"Automaton","floor":33,"turns":11},{"damage":8,"enemies":"Orb Walker","floor":35,"turns":4},{"damage":10,"enemies":"Flame Bruiser 1 Orb","floor":36,"turns":4},{"damage":0,"enemies":"4 Shapes","floor":39,"turns":5},{"damage":2,"enemies":"Sphere and 2 Shapes","floor":41,"turns":8},{"damage":7,"enemies":"Flame Bruiser 2 Orb","floor":44,"turns":5},{"damage":3,"enemies":"Giant Head","floor":46,"turns":8},{"damage":73,"enemies":"Awakened One","floor":50,"turns":5}],"seed_played":"6820004595978343679","potions_obtained":[{"floor":1,"key":"GamblersBrew"},{"floor":4,"key":"FocusPotion"},{"floor":28,"key":"PowerPotion"},{"floor":33,"key":"FocusPotion"}],"is_trial":false,"path_per_floor":["M","?","?","M","$","R","E","R","T","M","M","$","M","M","R","B",null,"M","?","T","$","M","R","E","R","T","?","E","M","?","M","R","B",null,"M","M","$","?","M","R","M","R","T","M","R","E","?","?","R"],"character_chosen":"DEFECT","items_purchased":["White Noise","Doom and Gloom","Defragment","Blizzard","Hologram","Go for the Eyes","Capacitor","Leap","Auto Shields"],"campfire_rested":4,"item_purchase_floors":[5,5,12,12,21,21,37,37,37],"current_hp_per_floor":[64,64,69,69,69,69,69,69,69,69,69,69,69,60,60,32,60,59,59,59,59,58,58,53,53,53,47,19,19,69,64,64,10,54,46,36,36,36,36,69,67,69,69,62,69,66,66,56,69,0],"gold":312,"neow_bonus":"THREE_ENEMY_KILL","is_prod":false,"is_daily":false,"chose_seed":false,"campfire_upgraded":6,"win_rate":0,"timestamp":1532646945,"path_taken":["M","?","?","M","$","R","E","R","T","M","M","$","?","M","R","BOSS","M","?","?","$","M","R","E","R","T","?","E","?","?","M","R","BOSS","M","M","$","?","M","R","M","R","T","M","R","E","?","?","R","BOSS"],"build_version":"2018-07-26","purchased_purges":1,"victory":false,"max_hp_per_floor":[71,64,69,69,69,69,69,69,69,69,69,69,69,69,69,69,69,69,69,69,69,69,69,69,69,69,69,69,69,69,69,69,69,69,69,69,69,69,69,69,69,69,69,69,69,69,69,69,69,69],"card_choices":[{"not_picked":["Go for the Eyes","Storm"],"picked":"Hello World","floor":1},{"not_picked":["Compile Driver","Recycle"],"picked":"Conserve Battery","floor":4},{"not_picked":["Barrage","Coolheaded"],"picked":"Chill","floor":7},{"not_picked":["Genetic Algorithm","Consume"],"picked":"Stack","floor":10},{"not_picked":["Redo","Loop"],"picked":"Coolheaded","floor":11},{"not_picked":["Hologram","Darkness"],"picked":"Creative AI","floor":13},{"not_picked":["Beam Cell","Genetic Algorithm"],"picked":"Coolheaded","floor":14},{"not_picked":["Meteor Strike","Biased Cognition"],"picked":"All For One","floor":16},{"not_picked":["Stack","Steam"],"picked":"Hologram","floor":18},{"not_picked":["Tempest+1","Conserve Battery"],"picked":"Rebound","floor":22},{"not_picked":["Barrage","Reinforced Body"],"picked":"Gash+1","floor":24},{"not_picked":["Amplify","Blizzard"],"picked":"Go for the Eyes","floor":28},{"not_picked":["Doom and Gloom","Redo"],"picked":"Loop","floor":29},{"not_picked":["Streamline","Barrage"],"picked":"Coolheaded","floor":31},{"not_picked":["Electrodynamics","Biased Cognition"],"picked":"Echo Form","floor":33},{"not_picked":["Rebound","Redo"],"picked":"BootSequence+1","floor":35},{"not_picked":["Ball Lightning","Barrage"],"picked":"Beam Cell+1","floor":36},{"not_picked":["Darkness","Rebound"],"picked":"Stack","floor":39},{"not_picked":["Rebound","Ball Lightning"],"picked":"Hologram","floor":40},{"not_picked":["Rebound","Heatsinks+1"],"picked":"Fission","floor":41},{"not_picked":["Steam","Heatsinks"],"picked":"Sweeping Beam+1","floor":42},{"not_picked":["Steam+1","Doom and Gloom"],"picked":"Go for the Eyes+1","floor":44},{"not_picked":["BootSequence","Blizzard+1"],"picked":"Gash","floor":45},{"not_picked":["Ball Lightning+1","Hyperbeam"],"picked":"Leap+1","floor":46},{"not_picked":["Purity","Deep Breath"],"picked":"Trip","floor":48},{"not_picked":["Secret Technique","Flash of Steel"],"picked":"Bandage Up","floor":48},{"not_picked":["Flash of Steel","Dark Shackles"],"picked":"Discovery","floor":48},{"not_picked":["FTL","Auto Shields"],"picked":"Defragment","floor":49}],"player_experience":688595,"relics_obtained":[{"floor":7,"key":"MawBank"},{"floor":9,"key":"Regal Pillow"},{"floor":20,"key":"Bronze Scales"},{"floor":24,"key":"Mercury Hourglass"},{"floor":26,"key":"Ornamental Fan"},{"floor":28,"key":"Dream Catcher"},{"floor":43,"key":"Ancient Tea Set"},{"floor":46,"key":"Symbiotic Virus"}],"event_choices":[{"event_name":"Golden Idol","player_choice":"Lose Max HP","floor":2,"damage_taken":0},{"event_name":"Big Fish","player_choice":"Donut","floor":3,"damage_taken":0},{"event_name":"Beggar","player_choice":"Gave Gold","floor":19,"damage_taken":0},{"event_name":"Knowing Skull","player_choice":"","floor":27,"damage_taken":0},{"event_name":"Bonfire Elementals","player_choice":"UNCOMMON","floor":30,"damage_taken":0},{"event_name":"The Lab","player_choice":"Got Potions","floor":38,"damage_taken":0},{"event_name":"Upgrade Shrine","player_choice":"Upgraded","floor":47,"damage_taken":0},{"event_name":"SensoryStone","player_choice":"Memory 3","floor":48,"damage_taken":0}],"is_beta":true,"boss_relics":[{"not_picked":["Eternal Feather","Velvet Choker"],"picked":"Runic Dome"},{"not_picked":["Lizard Tail","Orrery"],"picked":"Fusion Hammer"}],"items_purged_floors":[12],"is_endless":false,"potions_floor_spawned":[1,4,14,16,22,28,31,33,35],"killed_by":"Awakened One","ascension_level":15}