{"gold_per_floor":[114,114,134,153,78,78,112,112,139,139,39,54,81,95,95,196,196,212,212,87,105,105,105,132,132,132,132,132,159,159,176,176,273,273,285,285,385,402,402,430,430,280,334,369,369,0,0,0,0,0],"floor_reached":51,"playtime":1704,"items_purged":["Defend_G","Defend_G","Dagger Spray","Neutralize"],"score":856,"play_id":"716c2214-5072-4f1b-8a76-aec39bbbce76","local_time":"20190825092949","is_ascension_mode":true,"campfire_choices":[{"floor":6.0,"key":"DIG"},{"floor":10.0,"key":"DIG"},{"floor":15.0,"key":"DIG"},{"floor":23.0,"key":"DIG"},{"floor":25.0,"key":"DIG"},{"floor":27.0,"key":"DIG"},{"floor":32.0,"key":"DIG"},{"floor":41.0,"key":"DIG"},{"floor":45,"key":"DIG"},{"floor":49,"key":"REST"}],"neow_cost":"NONE","seed_source_timestamp":0,"circlet_count":0,"master_deck":["Survivor","Reflex+1","After Image+1","Reflex+1","Backflip","Infinite Blades","Grand Finale"],"special_seed":0,"relics":["Astrolabe","Shovel","Centennial Puzzle","Juzu Bracelet","War Paint","Bag of Marbles","Dodecahedron","Regal Pillow","Bird Faced Urn","Pandora\u0027s Box","Ornamental Fan","Vajra","Letter Opener","Shuriken","Oddly Smooth Stone","Matryoshka","Frozen Egg 2","White Beast Statue","Blood Vial","Tingsha","Happy Flower","Kunai","Snake Skull","Ancient Tea Set","Incense Burner","Toxic Egg 2","Red Mask"],"potions_floor_usage":[44,44],"damage_taken":[{"damage":0.0,"enemies":"Cultist","floor":1.0,"turns":4.0},{"damage":1.0,"enemies":"Jaw Worm","floor":3.0,"turns":4.0},{"damage":0.0,"enemies":"2 Louse","floor":4.0,"turns":2.0},{"damage":20.0,"enemies":"3 Sentries","floor":7.0,"turns":7.0},{"damage":2.0,"enemies":"Large Slime","floor":12.0,"turns":7.0},{"damage":1.0,"enemies":"Gremlin Nob","floor":13.0,"turns":4.0},{"damage":0.0,"enemies":"Looter","floor":14.0,"turns":3.0},{"damage":2.0,"enemies":"The Guardian","floor":16.0,"turns":16.0},{"damage":8.0,"enemies":"2 Thieves","floor":18.0,"turns":3.0},{"damage":0.0,"enemies":"3 Byrds","floor":21.0,"turns":1.0},{"damage":1.0,"enemies":"Gremlin Leader","floor":24.0,"turns":3.0},{"damage":28.0,"enemies":"Book of Stabbing","floor":29.0,"turns":6.0},{"damage":6.0,"enemies":"Centurion and Healer","floor":31.0,"turns":2.0},{"damage":15.0,"enemies":"Champ","floor":33.0,"turns":7.0},{"damage":1.0,"enemies":"3 Shapes","floor":35.0,"turns":3.0},{"damage":0.0,"enemies":"Mind Bloom Boss Battle","floor":37.0,"turns":3.0},{"damage":0.0,"enemies":"3 Darklings","floor":38.0,"turns":1.0},{"damage":0.0,"enemies":"Giant Head","floor":40.0,"turns":6.0},{"damage":54,"enemies":"Nemesis","floor":44,"turns":7},{"damage":8,"enemies":"Awakened One","floor":50,"turns":5}],"seed_played":"1296","potions_obtained":[{"floor":1.0,"key":"GamblersBrew"},{"floor":3.0,"key":"Dexterity Potion"},{"floor":7.0,"key":"Ancient Potion"},{"floor":14.0,"key":"EntropicBrew"},{"floor":16.0,"key":"LiquidBronze"},{"floor":18.0,"key":"PowerPotion"},{"floor":24.0,"key":"SpeedPotion"},{"floor":29.0,"key":"AttackPotion"},{"floor":35.0,"key":"Fire Potion"},{"floor":37.0,"key":"GamblersBrew"},{"floor":38.0,"key":"SpeedPotion"},{"floor":40.0,"key":"PowerPotion"},{"floor":44,"key":"SteroidPotion"}],"is_trial":false,"path_per_floor":["M","T","M","M","$","R","E","?","T","R","$","M","E","M","R","B",null,"M","?","$","M","$","R","E","R","T","R","?","E","?","M","R","B",null,"M","?","?","M","?","E","R","$","T","E","R","?","?","?","R","B",null],"character_chosen":"THE_SILENT","items_purchased":[],"campfire_rested":1,"item_purchase_floors":[],"current_hp_per_floor":[70,70,69,69,69,69,49,42,42,42,42,40,39,39,39,39,70,62,62,62,62,62,62,65,65,65,65,65,43,30,28,28,17,75,74,74,75,75,75,75,75,75,75,21,21,21,21,21,58,56],"gold":0,"neow_bonus":"BOSS_RELIC","is_prod":false,"is_daily":false,"chose_seed":false,"campfire_upgraded":0,"win_rate":0,"timestamp":1566750589,"path_taken":["M","?","?","M","$","R","E","?","T","R","$","M","E","M","R","BOSS","M","?","$","M","$","R","E","R","T","R","?","E","?","M","R","BOSS","M","?","?","M","?","E","R","$","T","E","R","?","?","?","R","BOSS"],"build_version":"2019-08-23","purchased_purges":4,"victory":true,"max_hp_per_floor":[70,70,70,70,70,70,70,70,70,70,70,70,70,70,70,70,70,70,70,70,70,70,70,70,70,70,70,70,70,75,75,75,75,75,75,75,75,75,75,75,75,75,75,75,75,75,75,75,75,75],"card_choices":[{"not_picked":["Bouncing Flask","Underhanded Strike","Acrobatics"],"picked":"SKIP","floor":4.0},{"not_picked":["Backflip","Dagger Spray","Night Terror"],"picked":"SKIP","floor":7.0},{"not_picked":["Underhanded Strike","Flying Knee","Deflect"],"picked":"SKIP","floor":12.0},{"not_picked":["Blade Dance","Cloak And Dagger","Skewer"],"picked":"SKIP","floor":13.0},{"not_picked":["Flechettes","Crippling Poison","PiercingWail"],"picked":"SKIP","floor":14.0},{"not_picked":["Slice","Well Laid Plans","Cloak And Dagger+1"],"picked":"SKIP","floor":18.0},{"not_picked":["Dagger Spray","Catalyst+1","Terror"],"picked":"SKIP","floor":21.0},{"not_picked":["Outmaneuver","Predator+1"],"picked":"Tactician","floor":24.0},{"not_picked":["Dagger Spray","Dodge and Roll","Endless Agony"],"picked":"SKIP","floor":29.0},{"not_picked":["Dodge and Roll+1","PiercingWail+1","Backflip"],"picked":"SKIP","floor":31.0},{"not_picked":["Infinite Blades+1","Quick Slash+1","Sucker Punch+1"],"picked":"SKIP","floor":35.0},{"not_picked":["Tactician+1","Blur+1","Calculated Gamble+1"],"picked":"SKIP","floor":38.0},{"not_picked":["Outmaneuver+1","Backflip+1","Flying Knee"],"picked":"SKIP","floor":40.0},{"not_picked":["Bane","Calculated Gamble+1","Backflip+1"],"picked":"SKIP","floor":44}],"player_experience":1437496,"relics_obtained":[{"floor":2.0,"key":"Shovel"},{"floor":6.0,"key":"Centennial Puzzle"},{"floor":7.0,"key":"Juzu Bracelet"},{"floor":9.0,"key":"Bag of Marbles"},{"floor":10.0,"key":"Dodecahedron"},{"floor":13.0,"key":"Regal Pillow"},{"floor":15.0,"key":"Bird Faced Urn"},{"floor":23.0,"key":"Ornamental Fan"},{"floor":24.0,"key":"Vajra"},{"floor":25.0,"key":"Letter Opener"},{"floor":26.0,"key":"Shuriken"},{"floor":27.0,"key":"Oddly Smooth Stone"},{"floor":29.0,"key":"Matryoshka"},{"floor":32.0,"key":"Frozen Egg 2"},{"floor":37.0,"key":"Tingsha"},{"floor":40.0,"key":"Happy Flower"},{"floor":41.0,"key":"Kunai"},{"floor":43.0,"key":"Snake Skull"},{"floor":43.0,"key":"Ancient Tea Set"},{"floor":44,"key":"Incense Burner"},{"floor":45,"key":"Toxic Egg 2"}],"event_choices":[{"damage_healed":0.0,"max_hp_gain":0.0,"max_hp_loss":0.0,"gold_gain":0.0,"event_name":"Scrap Ooze","player_choice":"Success","floor":8.0,"gold_loss":0.0,"damage_taken":7.0,"relics_obtained":["War Paint"]},{"damage_healed":0.0,"max_hp_gain":0.0,"max_hp_loss":0.0,"gold_gain":0.0,"cards_transformed":["Catalyst","Distraction"],"event_name":"Drug Dealer","player_choice":"Became Test Subject","floor":19.0,"gold_loss":0.0,"damage_taken":0.0,"cards_obtained":["Grand Finale","Dagger Spray"]},{"damage_healed":0.0,"max_hp_gain":0.0,"max_hp_loss":0.0,"gold_gain":0.0,"event_name":"Ghosts","player_choice":"Ignored","floor":28.0,"gold_loss":0.0,"damage_taken":0.0},{"damage_healed":0.0,"max_hp_gain":5.0,"max_hp_loss":0.0,"gold_gain":0.0,"event_name":"Forgotten Altar","player_choice":"Shed Blood","floor":30.0,"gold_loss":0.0,"damage_taken":18.0},{"cards_removed":["Dagger Spray"],"damage_healed":0.0,"max_hp_gain":0.0,"max_hp_loss":0.0,"gold_gain":0.0,"event_name":"WeMeetAgain","player_choice":"Gave Card","floor":36.0,"gold_loss":0.0,"damage_taken":0.0,"relics_obtained":["Blood Vial"]},{"damage_healed":0.0,"max_hp_gain":0.0,"max_hp_loss":0.0,"gold_gain":0.0,"event_name":"MindBloom","player_choice":"Fight","floor":37.0,"gold_loss":0.0,"damage_taken":0.0},{"damage_healed":0.0,"max_hp_gain":0.0,"max_hp_loss":0.0,"gold_gain":0.0,"event_name":"Duplicator","player_choice":"Ignored","floor":39.0,"gold_loss":0.0,"damage_taken":0.0},{"damage_healed":0,"gold_gain":0,"player_choice":"Paid","damage_taken":0,"relics_obtained":["Red Mask"],"max_hp_gain":0,"max_hp_loss":0,"event_name":"Tomb of Lord Red Mask","floor":46,"gold_loss":369},{"damage_healed":0,"gold_gain":0,"player_choice":"Upgraded","damage_taken":0,"max_hp_gain":0,"max_hp_loss":0,"event_name":"Upgrade Shrine","floor":47,"gold_loss":0,"cards_upgraded":["Reflex"]},{"cards_removed":["Tactician"],"damage_healed":0,"gold_gain":0,"player_choice":"Removed Skill","damage_taken":0,"max_hp_gain":0,"max_hp_loss":0,"event_name":"Falling","floor":48,"gold_loss":0}],"is_beta":true,"boss_relics":[{"not_picked":["Velvet Choker","Coffee Dripper"],"picked":"Pandora\u0027s Box"},{"not_picked":["Fusion Hammer","Snecko Eye"],"picked":"White Beast Statue"}],"items_purged_floors":[5,11,20,42],"is_endless":false,"potions_floor_spawned":[1,3,7,14,16,18,24,29,35,37,38,40,44],"ascension_level":1}