{"gold_per_floor":[114,114,131,56,56,87,99,118,118,18,18,51,51,51,51,179,179],"floor_reached":17,"playtime":485,"items_purged":["Defend_G","Defend_G"],"score":197,"play_id":"d31346e3-1464-4a34-ad14-ceb82c7044fc","local_time":"20190806223315","is_ascension_mode":true,"campfire_choices":[{"data":"Neutralize","floor":11,"key":"SMITH"},{"data":"Strike_G","floor":15,"key":"SMITH"}],"neow_cost":"NONE","seed_source_timestamp":1869526120508,"circlet_count":0,"master_deck":["Strike_G+1","Strike_G","Strike_G","Defend_G","Defend_G","Defend_G","Survivor","Neutralize+1","Strike_G","Regret","Normality","Writhe"],"relics":["Ring of the Snake","NeowsBlessing","Orichalcum","Frozen Egg 2","Torii","Golden Idol","Calling Bell","Ancient Tea Set","Molten Egg 2","Du-Vu Doll"],"potions_floor_usage":[12,16],"damage_taken":[{"damage":0,"enemies":"2 Louse","floor":1,"turns":1},{"damage":0,"enemies":"Cultist","floor":3,"turns":1},{"damage":0,"enemies":"Gremlin Nob","floor":6,"turns":1},{"damage":6,"enemies":"Small Slimes","floor":7,"turns":4},{"damage":2,"enemies":"3 Louse","floor":8,"turns":4},{"damage":22,"enemies":"3 Sentries","floor":12,"turns":16},{"damage":52,"enemies":"Slime Boss","floor":16,"turns":20}],"seed_played":"7275216235840737839","potions_obtained":[{"floor":3,"key":"FairyPotion"},{"floor":7,"key":"Regen Potion"},{"floor":12,"key":"Block Potion"},{"floor":16,"key":"LiquidBronze"}],"is_trial":false,"path_per_floor":["M","?","M","$","?","E","M","M","T","$","R","E","?","$","R","B",null],"character_chosen":"THE_SILENT","items_purchased":[],"campfire_rested":0,"item_purchase_floors":[],"current_hp_per_floor":[70,70,70,70,63,63,57,55,55,55,55,48,48,48,48,3,3],"gold":179,"neow_bonus":"THREE_ENEMY_KILL","is_prod":false,"is_daily":false,"chose_seed":false,"campfire_upgraded":2,"win_rate":0,"timestamp":1565155995,"path_taken":["M","?","?","$","?","E","M","M","T","$","R","E","?","?","R","BOSS"],"build_version":"2019-07-18","purchased_purges":2,"victory":false,"max_hp_per_floor":[70,70,70,70,70,70,70,70,70,70,70,70,65,65,65,65,65],"card_choices":[],"player_experience":1381078,"relics_obtained":[{"floor":6,"key":"Orichalcum"},{"floor":9,"key":"Frozen Egg 2"},{"floor":12,"key":"Torii"},{"floor":17,"key":"Ancient Tea Set"},{"floor":17,"key":"Molten Egg 2"},{"floor":17,"key":"Du-Vu Doll"}],"event_choices":[{"cards_removed":["Strike_G"],"damage_healed":0,"gold_gain":0,"player_choice":"Took Card","damage_taken":0,"max_hp_gain":0,"max_hp_loss":0,"event_name":"NoteForYourself","floor":2,"gold_loss":0,"cards_obtained":["Strike_G"]},{"cards_removed":["Strike_G"],"damage_healed":0,"gold_gain":0,"player_choice":"Card Removal","damage_taken":7,"max_hp_gain":0,"max_hp_loss":0,"event_name":"Golden Wing","floor":5,"gold_loss":0},{"damage_healed":0,"gold_gain":0,"player_choice":"Lose Max HP","damage_taken":0,"relics_obtained":["Golden Idol"],"max_hp_gain":0,"max_hp_loss":5,"event_name":"Golden Idol","floor":13,"gold_loss":0}],"is_beta":true,"boss_relics":[{"not_picked":["White Beast Statue","Lizard Tail"],"picked":"Calling Bell"}],"items_purged_floors":[4,10],"is_endless":false,"potions_floor_spawned":[3,7,12,16],"ascension_level":1}