{"gold_per_floor":[17,29,40,40,59,102,102,102,127,140,140,180,199,74,74,195,195,219,219,219,20,36,36,71,71,71,71,71,86,7,21,21,21],"floor_reached":33,"playtime":2809,"items_purged":["Injury"],"score":275,"play_id":"31ddd59f-885b-4501-8529-2cadf6faa7fd","local_time":"20180702105420","is_ascension_mode":false,"campfire_choices":[{"data":"Neutralize","floor":8,"key":"SMITH"},{"floor":11,"key":"REST"},{"floor":15,"key":"REST"},{"floor":23,"key":"REST"},{"floor":28,"key":"REST"},{"floor":32,"key":"REST"}],"neow_cost":"NO_GOLD","seed_source_timestamp":1602288186657434,"circlet_count":0,"master_deck":["Defend_G","Defend_G","Defend_G","Defend_G","Strike_G","Strike_G","Survivor","Neutralize+1","Die Die Die","Unload","Crippling Poison","Heel Hook","Crippling Poison","Deflect","Acrobatics+1","Leg Sweep","Catalyst","Backflip","Adrenaline","Storm of Steel+1","Well Laid Plans+1","Night Terror+1","Footwork","Backflip","Panache","Acrobatics","Trip","Glass Knife","Cloak And Dagger","Backflip","Acrobatics"],"special_seed":17714,"relics":["Ring of the Snake","Golden Idol","Anchor","Blood Vial","Turnip","Astrolabe","Ancient Tea Set","The Courier","Nloth\u0027s Gift"],"potions_floor_usage":[12,12,13,16,24,31,31],"damage_taken":[{"damage":0,"enemies":"Small Slimes","floor":1,"turns":3},{"damage":0,"enemies":"2 Louse","floor":2,"turns":2},{"damage":0,"enemies":"Jaw Worm","floor":3,"turns":3},{"damage":0,"enemies":"3 Louse","floor":5,"turns":1},{"damage":29,"enemies":"Gremlin Nob","floor":6,"turns":5},{"damage":4,"enemies":"Blue Slaver","floor":10,"turns":3},{"damage":8,"enemies":"3 Sentries","floor":12,"turns":4},{"damage":1,"enemies":"Exordium Thugs","floor":13,"turns":5},{"damage":34,"enemies":"The Guardian","floor":16,"turns":15},{"damage":8,"enemies":"Shell Parasite","floor":18,"turns":4},{"damage":28,"enemies":"2 Thieves","floor":22,"turns":4},{"damage":15,"enemies":"Book of Stabbing","floor":24,"turns":5},{"damage":15,"enemies":"Snake Plant","floor":29,"turns":3},{"damage":20,"enemies":"Cultist and Chosen","floor":31,"turns":6},{"damage":49,"enemies":"Collector","floor":33,"turns":6}],"seed_played":"8870335996607339040","potions_obtained":[{"floor":2,"key":"Explosive Potion"},{"floor":3,"key":"SkillPotion"},{"floor":5,"key":"Strength Potion"},{"floor":10,"key":"GhostInAJar"},{"floor":13,"key":"LiquidBronze"},{"floor":18,"key":"LiquidBronze"},{"floor":24,"key":"SpeedPotion"},{"floor":29,"key":"Swift Potion"}],"is_trial":false,"path_per_floor":["M","M","M","?","M","E","?","R","T","M","R","E","M","$","R","B",null,"M","?","?","$","M","R","E","?","T","?","R","M","$","M","R"],"character_chosen":"THE_SILENT","items_purchased":["Backflip","Panache","Cloak And Dagger","Backflip"],"campfire_rested":5,"item_purchase_floors":[14,21,30,30],"current_hp_per_floor":[70,70,70,70,70,41,41,41,41,39,60,54,55,55,70,36,70,62,62,62,62,36,57,44,30,30,30,51,38,38,20,41,0],"gold":21,"neow_bonus":"TRANSFORM_TWO_CARDS","is_prod":false,"is_daily":false,"chose_seed":false,"campfire_upgraded":1,"win_rate":0,"timestamp":1530543260,"path_taken":["M","M","M","?","M","E","?","R","T","M","R","E","M","$","R","BOSS","M","?","?","?","?","R","E","?","T","?","R","M","$","M","R","BOSS"],"build_version":"2018-06-28","purchased_purges":1,"victory":false,"max_hp_per_floor":[70,70,70,70,70,70,70,70,70,70,70,70,70,70,70,70,70,70,70,70,70,70,70,70,70,70,70,70,70,70,70,70,70],"card_choices":[{"not_picked":["Deflect","Deadly Poison"],"picked":"Crippling Poison","floor":1},{"not_picked":["Bouncing Flask","Sucker Punch"],"picked":"Heel Hook","floor":2},{"not_picked":["Quick Slash","Deadly Poison"],"picked":"Grand Finale","floor":3},{"not_picked":["Bane","Heel Hook"],"picked":"Crippling Poison","floor":5},{"not_picked":["All Out Attack","Dagger Spray"],"picked":"Deflect","floor":6},{"not_picked":["Deflect","Terror"],"picked":"Acrobatics","floor":10},{"not_picked":["Prepared","Accuracy"],"picked":"Leg Sweep","floor":12},{"not_picked":["Quick Slash","Distraction"],"picked":"Catalyst","floor":13},{"not_picked":["Unload","A Thousand Cuts"],"picked":"Adrenaline","floor":16},{"not_picked":["Crippling Poison","Bane+1"],"picked":"Footwork","floor":18},{"not_picked":["Dagger Throw","Outmaneuver"],"picked":"Acrobatics","floor":22},{"not_picked":["Deadly Poison","Setup","Expertise"],"picked":"SKIP","floor":24},{"not_picked":["Bane","Concentrate"],"picked":"Glass Knife","floor":29},{"not_picked":["Dodge and Roll+1","Leg Sweep"],"picked":"Acrobatics","floor":31}],"player_experience":172870,"relics_obtained":[{"floor":6,"key":"Art of War"},{"floor":9,"key":"Blood Vial"},{"floor":12,"key":"Turnip"},{"floor":24,"key":"Ancient Tea Set"},{"floor":26,"key":"The Courier"}],"event_choices":[{"event_name":"Golden Idol","player_choice":"Take Wound","floor":4,"damage_taken":0},{"event_name":"Dead Adventurer","player_choice":"Searched \u00271\u0027 times","floor":7,"damage_taken":0},{"event_name":"The Library","player_choice":"Read","floor":19,"damage_taken":0},{"event_name":"Accursed Blacksmith","player_choice":"Forge","floor":20,"damage_taken":0},{"event_name":"Knowing Skull","player_choice":"CARD ","floor":25,"damage_taken":0},{"event_name":"N\u0027loth","player_choice":"Traded a Art of War","floor":27,"damage_taken":0}],"boss_relics":[{"not_picked":["Runic Dome","Runic Pyramid"],"picked":"Astrolabe"}],"items_purged_floors":[14],"is_endless":false,"potions_floor_spawned":[2,3,5,10,13,18,24,29],"killed_by":"Collector","ascension_level":0}