{"gold_per_floor":[210,46,46,62,77,77,77,96,96,96,96,96,121,165,165,260,260,276,276,201,71,85,120,120,136,136,159,109,134,157,157,157,157],"floor_reached":33,"playtime":1590,"items_purged":["Strike_G","Strike_G"],"score":494,"play_id":"6f8620f2-f2c1-45b5-ae3c-0a9e5529393f","local_time":"20190726225555","is_ascension_mode":true,"campfire_choices":[{"data":"Bouncing Flask","floor":7,"key":"SMITH"},{"data":"Neutralize","floor":12,"key":"SMITH"},{"data":"Survivor","floor":15,"key":"SMITH"},{"floor":24,"key":"REST"},{"floor":32,"key":"REST"}],"neow_cost":"NONE","seed_source_timestamp":1444695688161671,"circlet_count":0,"master_deck":["AscendersBane","Strike_G+1","Strike_G","Defend_G","Defend_G","Defend_G","Defend_G","Defend_G","Survivor+1","Neutralize+1","Bouncing Flask+1","Noxious Fumes","Noxious Fumes","Deflect+1","Noxious Fumes","Adrenaline","Deadly Poison","Poisoned Stab","Malaise+1","Bane+1","Bouncing Flask+1"],"relics":["Ring of the Snake","Calipers","Golden Idol","Sundial","Snake Skull","Juzu Bracelet","Fusion Hammer","Shuriken","Orichalcum"],"potions_floor_usage":[13,16,22,29,30,30],"damage_taken":[{"damage":0,"enemies":"2 Louse","floor":1,"turns":2},{"damage":1,"enemies":"Small Slimes","floor":4,"turns":4},{"damage":0,"enemies":"Jaw Worm","floor":5,"turns":5},{"damage":3,"enemies":"Looter","floor":8,"turns":3},{"damage":0,"enemies":"2 Fungi Beasts","floor":13,"turns":4},{"damage":3,"enemies":"Lagavulin","floor":14,"turns":5},{"damage":45,"enemies":"Slime Boss","floor":16,"turns":8},{"damage":0,"enemies":"Spheric Guardian","floor":18,"turns":3},{"damage":0,"enemies":"Chosen","floor":22,"turns":4},{"damage":24,"enemies":"Book of Stabbing","floor":23,"turns":6},{"damage":9,"enemies":"Snecko","floor":25,"turns":6},{"damage":12,"enemies":"Snake Plant","floor":27,"turns":3},{"damage":2,"enemies":"Centurion and Healer","floor":29,"turns":4},{"damage":0,"enemies":"Cultist and Chosen","floor":30,"turns":6},{"damage":46,"enemies":"Collector","floor":33,"turns":6}],"seed_played":"-8687371420176094167","potions_obtained":[{"floor":4,"key":"SpeedPotion"},{"floor":8,"key":"Block Potion"},{"floor":13,"key":"Strength Potion"},{"floor":16,"key":"GhostInAJar"},{"floor":27,"key":"Dexterity Potion"},{"floor":29,"key":"EssenceOfSteel"}],"is_trial":false,"path_per_floor":["M","$","?","M","M","?","R","M","T","T","?","R","M","E","R","B",null,"M","?","?","$","M","E","R","M","T","M","?","M","M","?","R","B"],"character_chosen":"THE_SILENT","items_purchased":["Noxious Fumes","Deadly Poison"],"campfire_rested":2,"item_purchase_floors":[2,21],"current_hp_per_floor":[59,59,48,47,47,47,47,44,44,44,49,49,49,46,46,1,49,49,49,49,49,49,25,44,35,35,23,23,21,21,21,40,0],"gold":157,"neow_bonus":"HUNDRED_GOLD","is_prod":false,"is_daily":false,"chose_seed":false,"campfire_upgraded":3,"win_rate":0,"timestamp":1564199755,"path_taken":["M","$","?","M","M","?","R","M","T","?","?","R","M","E","R","BOSS","M","?","?","$","M","E","R","M","T","M","?","M","M","?","R","BOSS"],"build_version":"2019-07-17","purchased_purges":2,"victory":false,"max_hp_per_floor":[66,66,66,66,66,60,60,60,60,60,65,65,65,65,65,65,65,65,65,65,65,65,65,65,65,65,65,65,65,65,65,65,65],"card_choices":[{"not_picked":["Deadly Poison","Outmaneuver"],"picked":"Bouncing Flask","floor":1},{"not_picked":["Crippling Poison","Dagger Throw","Sucker Punch"],"picked":"SKIP","floor":4},{"not_picked":["Cloak And Dagger","Acrobatics","Flying Knee"],"picked":"SKIP","floor":5},{"not_picked":["Catalyst","Finisher"],"picked":"Noxious Fumes","floor":8},{"not_picked":["Finisher","Unload"],"picked":"Deflect","floor":13},{"not_picked":["Flying Knee","Bane"],"picked":"Noxious Fumes","floor":14},{"not_picked":["Unload","Doppelganger"],"picked":"Adrenaline","floor":16},{"not_picked":["Choke","Quick Slash","Blade Dance"],"picked":"SKIP","floor":18},{"not_picked":["Acrobatics+1","Setup"],"picked":"Poisoned Stab","floor":22},{"not_picked":["Flechettes+1","Prepared"],"picked":"Malaise","floor":23},{"not_picked":["Blade Dance","Cloak And Dagger"],"picked":"Bane+1","floor":25},{"not_picked":["Deflect","Doppelganger","Dagger Throw"],"picked":"SKIP","floor":27},{"not_picked":["Endless Agony","Deflect"],"picked":"Bouncing Flask+1","floor":29},{"not_picked":["Tactician","Flying Knee","Acrobatics"],"picked":"SKIP","floor":30}],"player_experience":903624,"relics_obtained":[{"floor":9,"key":"Sundial"},{"floor":10,"key":"Snake Skull"},{"floor":14,"key":"Juzu Bracelet"},{"floor":23,"key":"Shuriken"},{"floor":26,"key":"Orichalcum"}],"event_choices":[{"damage_healed":0,"gold_gain":0,"player_choice":"Success","damage_taken":11,"relics_obtained":["Calipers"],"max_hp_gain":0,"max_hp_loss":0,"event_name":"Scrap Ooze","floor":3,"gold_loss":0},{"damage_healed":0,"gold_gain":0,"player_choice":"Lose Max HP","damage_taken":0,"relics_obtained":["Golden Idol"],"max_hp_gain":0,"max_hp_loss":6,"event_name":"Golden Idol","floor":6,"gold_loss":0},{"damage_healed":0,"gold_gain":0,"player_choice":"Donut","damage_taken":0,"max_hp_gain":5,"max_hp_loss":0,"event_name":"Big Fish","floor":11,"gold_loss":0},{"damage_healed":0,"gold_gain":0,"player_choice":"Ignored","damage_taken":0,"max_hp_gain":0,"max_hp_loss":0,"event_name":"Ghosts","floor":19,"gold_loss":0},{"cards_removed":["Strike_G"],"damage_healed":0,"gold_gain":0,"player_choice":"Gave Gold","damage_taken":0,"max_hp_gain":0,"max_hp_loss":0,"event_name":"Beggar","floor":20,"gold_loss":75},{"damage_healed":0,"gold_gain":0,"player_choice":"Upgraded Two","damage_taken":0,"max_hp_gain":0,"max_hp_loss":0,"event_name":"Designer","floor":28,"gold_loss":50,"cards_upgraded":["Strike_G","Deflect"]},{"damage_healed":0,"gold_gain":0,"player_choice":"Upgraded","damage_taken":0,"max_hp_gain":0,"max_hp_loss":0,"event_name":"Upgrade Shrine","floor":31,"gold_loss":0,"cards_upgraded":["Malaise"]}],"is_beta":false,"boss_relics":[{"not_picked":["Pandora\u0027s Box","Astrolabe"],"picked":"Fusion Hammer"}],"items_purged_floors":[2,21],"is_endless":false,"potions_floor_spawned":[4,8,13,16,27,29],"killed_by":"Collector","ascension_level":17}