{"gold_per_floor":[109,109,30,30,30,30,43,77,100,135,135,170,185,51,51,127,127,142,56,106,64,64,64,91,107,160,210,229,248,263,63,63,141,141,161,161,84,94,114,114,139,157,157,100,100,133,146,180,180,180,180],"floor_reached":52,"playtime":2711,"items_purged":["Strike_G"],"score":2152,"play_id":"7bf8e9b0-3c47-464f-92ad-fde47bde0125","local_time":"20190314193611","is_ascension_mode":true,"campfire_choices":[{"data":"Bouncing Flask","floor":6.0,"key":"SMITH"},{"data":"Malaise","floor":11.0,"key":"SMITH"},{"data":"Survivor","floor":15.0,"key":"SMITH"},{"floor":23.0,"key":"REST"},{"floor":32,"key":"REST"},{"floor":40,"key":"REST"},{"floor":45,"key":"REST"},{"floor":49,"key":"REST"}],"neow_cost":"NONE","seed_source_timestamp":5521909669570,"circlet_count":0,"master_deck":["AscendersBane","Defend_G","Defend_G","Defend_G","Defend_G","Defend_G","Survivor+1","Neutralize+1","Deadly Poison+1","Bouncing Flask+1","Flying Knee","Malaise+1","Slice","Dagger Throw","Slice","Slice","Glass Knife","Deflect","Concentrate","Escape Plan","Concentrate","Well Laid Plans+1","Footwork","Slice","Dagger Throw","Backflip","Crippling Poison","Apotheosis","Outmaneuver+1","All Out Attack+1","PiercingWail+1","Expertise+1","Corpse Explosion","Outmaneuver","Deflect+1","Prepared","Tools of the Trade","Deflect","Deflect","Concentrate","Deflect+1","Crippling Poison+1"],"special_seed":0,"relics":["Ring of the Snake","NeowsBlessing","Calipers","Dream Catcher","Unceasing Top","Strawberry","Fusion Hammer","Peace Pipe","Bronze Scales","Astrolabe","Bag of Preparation","Shuriken","Centennial Puzzle","Vajra"],"potions_floor_usage":[35,51,51],"damage_taken":[{"damage":0.0,"enemies":"2 Louse","floor":1.0,"turns":1.0},{"damage":0.0,"enemies":"Small Slimes","floor":7.0,"turns":1.0},{"damage":0.0,"enemies":"3 Sentries","floor":8.0,"turns":1.0},{"damage":6.0,"enemies":"Gremlin Nob","floor":10.0,"turns":4.0},{"damage":6.0,"enemies":"Lagavulin","floor":12.0,"turns":7.0},{"damage":3.0,"enemies":"Jaw Worm","floor":13.0,"turns":4.0},{"damage":4.0,"enemies":"Hexaghost","floor":16.0,"turns":8.0},{"damage":7.0,"enemies":"3 Byrds","floor":18.0,"turns":5.0},{"damage":32.0,"enemies":"Slavers","floor":24.0,"turns":6.0},{"damage":8,"enemies":"Spheric Guardian","floor":25,"turns":4},{"damage":0,"enemies":"Snake Plant","floor":28,"turns":4},{"damage":7,"enemies":"Centurion and Healer","floor":29,"turns":6},{"damage":9,"enemies":"Sentry and Sphere","floor":30,"turns":4},{"damage":32,"enemies":"Champ","floor":33,"turns":10},{"damage":2,"enemies":"3 Darklings","floor":35,"turns":5},{"damage":0,"enemies":"Orb Walker","floor":38,"turns":3},{"damage":0,"enemies":"4 Shapes","floor":39,"turns":4},{"damage":4,"enemies":"Nemesis","floor":41,"turns":7},{"damage":19,"enemies":"3 Darklings","floor":42,"turns":3},{"damage":23,"enemies":"Reptomancer","floor":46,"turns":7},{"damage":13,"enemies":"Jaw Worm Horde","floor":47,"turns":3},{"damage":0,"enemies":"Nemesis","floor":48,"turns":7},{"damage":3,"enemies":"Time Eater","floor":50,"turns":15},{"damage":28,"enemies":"Donu and Deca","floor":51,"turns":8}],"seed_played":"-4217404861389357199","potions_obtained":[{"floor":1.0,"key":"Block Potion"},{"floor":7.0,"key":"Block Potion"},{"floor":18.0,"key":"GamblersBrew"},{"floor":25,"key":"Dexterity Potion"},{"floor":30,"key":"GhostInAJar"},{"floor":39,"key":"SpeedPotion"},{"floor":46,"key":"GhostInAJar"}],"is_trial":false,"path_per_floor":["M","?","$","?","$","R","M","E","T","E","R","E","M","$","R","B",null,"M","$","?","$","?","R","E","M","T","?","M","M","M","$","R","B",null,"M","?","$","M","M","R","E","M","T","$","R","E","M","E","R","B","B",null],"character_chosen":"THE_SILENT","items_purchased":["Bouncing Flask","Slice","Concentrate","Escape Plan","Apotheosis","Corpse Explosion","Deflect"],"campfire_rested":5,"item_purchase_floors":[3,14,19,21,31,37,44],"current_hp_per_floor":[59,39,39,39,39,39,39,39,39,33,33,34,31,31,31,27,62,55,55,55,55,55,73,41,33,33,33,33,26,17,17,38,6,56,54,54,54,54,54,73,69,50,50,50,71,48,35,35,56,53,25],"gold":180,"neow_bonus":"THREE_ENEMY_KILL","is_prod":false,"is_daily":false,"chose_seed":false,"campfire_upgraded":3,"win_rate":0,"timestamp":1552617371,"path_taken":["M","?","$","?","$","R","M","E","T","E","R","E","M","?","R","BOSS","M","$","?","$","?","R","E","?","T","?","M","?","M","$","R","BOSS","M","?","$","M","M","R","E","M","T","$","R","E","?","E","R","BOSS","BOSS"],"build_version":"2019-02-06","purchased_purges":1,"victory":true,"max_hp_per_floor":[66,66,66,66,66,66,66,66,66,66,66,73,73,73,73,73,73,73,73,73,73,73,73,73,73,73,73,73,73,73,73,73,73,73,73,73,73,73,73,73,73,73,73,73,73,73,73,73,73,73,73],"card_choices":[{"not_picked":["Blade Dance","Dagger Throw"],"picked":"Deadly Poison","floor":1.0},{"not_picked":["Skewer","Calculated Gamble"],"picked":"Flying Knee","floor":7.0},{"not_picked":["Blade Dance","Setup"],"picked":"Malaise","floor":8.0},{"not_picked":["Flying Knee","Backflip"],"picked":"Slice","floor":10.0},{"not_picked":["Masterful Stab","Blade Dance"],"picked":"Dagger Throw","floor":12.0},{"not_picked":["Choke","Cloak And Dagger"],"picked":"Slice","floor":13.0},{"not_picked":["Venomology","Bullet Time"],"picked":"Glass Knife","floor":16.0},{"not_picked":["Deadly Poison","Distraction"],"picked":"Deflect","floor":18.0},{"not_picked":["Expertise","Underhanded Strike"],"picked":"Well Laid Plans+1","floor":23.0},{"not_picked":["Dagger Spray","Flying Knee"],"picked":"Footwork","floor":24.0},{"not_picked":["Poisoned Stab+1","Blur"],"picked":"Slice","floor":25},{"not_picked":["Cloak And Dagger","Underhanded Strike"],"picked":"Dagger Throw","floor":28},{"not_picked":["Infinite Blades","Blade Dance"],"picked":"Backflip","floor":29},{"not_picked":["Dagger Throw","Acrobatics"],"picked":"Crippling Poison","floor":30},{"not_picked":["Choke","Bullet Time"],"picked":"Outmaneuver+1","floor":32},{"not_picked":["Blade Dance","Flying Knee","Infinite Blades"],"picked":"SKIP","floor":35},{"not_picked":["Quick Slash","Deadly Poison"],"picked":"Outmaneuver","floor":38},{"not_picked":["Caltrops","Dagger Spray"],"picked":"Deflect+1","floor":39},{"not_picked":["Skewer","Underhanded Strike"],"picked":"Prepared","floor":40},{"not_picked":["Flying Knee","Dagger Spray"],"picked":"Tools of the Trade","floor":41},{"not_picked":["Heel Hook","Crippling Poison","Accuracy"],"picked":"SKIP","floor":42},{"not_picked":["Outmaneuver+1","Crippling Poison"],"picked":"Deflect","floor":45},{"not_picked":["Backstab+1","PiercingWail"],"picked":"Concentrate","floor":46},{"not_picked":["Escape Plan","Reflex"],"picked":"Deflect+1","floor":47},{"not_picked":["Underhanded Strike+1","All Out Attack","Distraction+1"],"picked":"SKIP","floor":48},{"not_picked":["Venomology","Sucker Punch"],"picked":"Crippling Poison+1","floor":49}],"player_experience":1296379,"relics_obtained":[{"floor":8.0,"key":"Calipers"},{"floor":9.0,"key":"Dream Catcher"},{"floor":10.0,"key":"Unceasing Top"},{"floor":12.0,"key":"Strawberry"},{"floor":24.0,"key":"Peace Pipe"},{"floor":26,"key":"Bronze Scales"},{"floor":41,"key":"Bag of Preparation"},{"floor":43,"key":"Shuriken"},{"floor":46,"key":"Centennial Puzzle"},{"floor":48,"key":"Vajra"}],"event_choices":[{"damage_healed":0.0,"max_hp_gain":0.0,"max_hp_loss":0.0,"gold_gain":0.0,"event_name":"Shining Light","player_choice":"Entered Light","floor":2.0,"gold_loss":0.0,"damage_taken":20.0,"cards_upgraded":["Strike_G","Deadly Poison"]},{"damage_healed":0.0,"max_hp_gain":0.0,"max_hp_loss":0.0,"gold_gain":0.0,"event_name":"Living Wall","player_choice":"Grow","floor":4.0,"gold_loss":0.0,"damage_taken":0.0,"cards_upgraded":["Neutralize"]},{"damage_healed":0.0,"max_hp_gain":0.0,"max_hp_loss":0.0,"gold_gain":50.0,"event_name":"Nest","player_choice":"Stole From Cult","floor":20.0,"gold_loss":0.0,"damage_taken":0.0},{"damage_healed":0.0,"max_hp_gain":0.0,"max_hp_loss":0.0,"gold_gain":0.0,"event_name":"Duplicator","player_choice":"Copied","floor":22.0,"gold_loss":0.0,"damage_taken":0.0,"cards_obtained":["Concentrate"]},{"damage_healed":0,"gold_gain":50,"player_choice":"Pray","damage_taken":0,"max_hp_gain":0,"max_hp_loss":0,"event_name":"Golden Shrine","floor":27,"gold_loss":0},{"cards_removed":["Strike_G"],"damage_healed":0,"gold_gain":0,"player_choice":"Purged","damage_taken":0,"max_hp_gain":0,"max_hp_loss":0,"event_name":"Purifier","floor":36,"gold_loss":0}],"is_beta":true,"boss_relics":[{"not_picked":["Black Star","Calling Bell"],"picked":"Fusion Hammer"},{"not_picked":["Runic Pyramid","Tiny House"],"picked":"Astrolabe"}],"items_purged_floors":[14],"is_endless":false,"potions_floor_spawned":[1,7,18,25,30,33,39,41,42,46,48],"ascension_level":20}