{"gold_per_floor":[112,112,112,262,282,282,307,307,334,350,275,35,35,64,64,138,138,158,177,177,51,51,51,70,104,404,469,469,469,494,510,510,584,584,584,584,595,27,0,0,0,0,0,34,34,34,46,2,2,2,2],"floor_reached":52,"playtime":1655,"items_purged":["Doubt","Writhe"],"score":2015,"play_id":"8aed6759-1b55-4c9a-b344-31edfc463ce9","local_time":"20190103133834","is_ascension_mode":true,"campfire_choices":[{"data":"Defragment","floor":6.0,"key":"SMITH"},{"data":"Melter","floor":8.0,"key":"SMITH"},{"data":"Rainbow","floor":15.0,"key":"SMITH"},{"data":"Hologram","floor":23.0,"key":"SMITH"},{"floor":29.0,"key":"REST"},{"data":"Rainbow","floor":32.0,"key":"SMITH"},{"data":"Defragment","floor":40.0,"key":"SMITH"},{"data":"Consume","floor":42.0,"key":"SMITH"},{"floor":45,"key":"RECALL"},{"data":"Hologram","floor":49,"key":"SMITH"}],"neow_cost":"NONE","seed_source_timestamp":39115724636109,"circlet_count":0,"master_deck":["AscendersBane","Strike_B","Strike_B","Strike_B","Defend_B","Defend_B","Defend_B","Defend_B","Zap+1","Dualcast","Leap","Defragment+1","Melter+1","Sunder","Rainbow+1","Hologram+1","Rainbow+1","Sunder+1","White Noise","Leap","Capacitor","Glacier","Echo Form","Glacier","Necronomicurse","Conserve Battery","Core Surge+1","Defragment+1","Sunder+1","Coolheaded","Consume+1","Streamline+1","Force Field","Echo Form","Stack","Fusion","Magnetism","Sunder+1","Hologram+1"],"special_seed":0,"relics":["Cracked Core","NeowsBlessing","Mummified Hand","Shuriken","Pen Nib","Molten Egg 2","Meat on the Bone","Snecko Eye","Regal Pillow","Centennial Puzzle","Old Coin","Tiny Chest","Necronomicon","Lantern","Orrery","The Courier","DataDisk","Kunai","Red Mask","Gremlin Horn","Darkstone Periapt"],"potions_floor_usage":[],"damage_taken":[{"damage":0.0,"enemies":"2 Louse","floor":1.0,"turns":1.0},{"damage":0.0,"enemies":"Small Slimes","floor":5.0,"turns":1.0},{"damage":0.0,"enemies":"Lagavulin","floor":7.0,"turns":1.0},{"damage":0.0,"enemies":"Cultist","floor":10.0,"turns":3.0},{"damage":23.0,"enemies":"Gremlin Nob","floor":14.0,"turns":4.0},{"damage":20.0,"enemies":"Hexaghost","floor":16.0,"turns":9.0},{"damage":0.0,"enemies":"Spheric Guardian","floor":18.0,"turns":2.0},{"damage":0.0,"enemies":"3 Byrds","floor":19.0,"turns":2.0},{"damage":0.0,"enemies":"Sentry and Sphere","floor":24.0,"turns":3.0},{"damage":43.0,"enemies":"Gremlin Leader","floor":25.0,"turns":7.0},{"damage":0.0,"enemies":"Slavers","floor":27.0,"turns":3.0},{"damage":1.0,"enemies":"Snecko","floor":31.0,"turns":5.0},{"damage":2.0,"enemies":"Automaton","floor":33.0,"turns":7.0},{"damage":0.0,"enemies":"3 Darklings","floor":35.0,"turns":1.0},{"damage":18.0,"enemies":"Orb Walker","floor":37.0,"turns":4.0},{"damage":0,"enemies":"Giant Head","floor":44,"turns":7},{"damage":0,"enemies":"Sphere and 2 Shapes","floor":47,"turns":5},{"damage":15,"enemies":"Time Eater","floor":50,"turns":11},{"damage":19,"enemies":"Donu and Deca","floor":51,"turns":11}],"seed_played":"-3981719618221331605","potions_obtained":[{"floor":5.0,"key":"Explosive Potion"},{"floor":14.0,"key":"FearPotion"},{"floor":27.0,"key":"FairyPotion"},{"floor":31.0,"key":"SmokeBomb"},{"floor":37.0,"key":"FearPotion"}],"is_trial":false,"path_per_floor":["M","?","?","?","M","R","E","R","T","M","?","$","?","E","R","B",null,"M","M","?","$","?","R","M","E","T","E","?","R","T","M","R","B",null,"M","T","M","$","?","R","$","R","T","E","R","?","M","$","R","B","B",null],"character_chosen":"DEFECT","items_purchased":["Rainbow","Leap","Echo Form","DataDisk","Kunai","Stack","Fusion","Hologram"],"campfire_rested":1,"item_purchase_floors":[12,21,38,38,38,38,38,48],"current_hp_per_floor":[64,64,64,64,64,64,64,64,64,64,64,64,46,23,23,15,57,57,57,57,57,57,57,57,26,26,38,17,53,53,52,52,50,66,66,66,48,48,48,48,48,48,48,48,48,48,48,48,48,45,38],"gold":2,"neow_bonus":"THREE_ENEMY_KILL","is_prod":false,"is_daily":false,"chose_seed":false,"campfire_upgraded":8,"win_rate":0,"timestamp":1546551514,"path_taken":["M","?","?","?","M","R","E","R","T","M","?","$","?","E","R","BOSS","M","M","?","$","?","R","?","E","T","E","?","R","?","M","R","BOSS","M","?","M","?","?","R","$","R","T","E","R","?","?","?","R","BOSS","BOSS"],"build_version":"2019-01-02","purchased_purges":2,"victory":true,"max_hp_per_floor":[71,71,71,71,71,71,71,71,71,71,71,71,71,71,71,71,71,71,71,71,71,71,71,71,71,71,71,71,71,71,71,71,71,71,71,71,71,71,71,71,71,71,71,71,71,71,71,71,71,71,71],"card_choices":[{"not_picked":["Turbo","Lockon"],"picked":"Leap","floor":1.0},{"not_picked":["Static Discharge","Cold Snap"],"picked":"Defragment","floor":5.0},{"not_picked":["Double Energy","Streamline"],"picked":"Melter","floor":7.0},{"not_picked":["Compile Driver","Leap"],"picked":"Sunder","floor":10.0},{"not_picked":["Sweeping Beam+1","Stack"],"picked":"Hologram","floor":14.0},{"not_picked":["Thunder Strike+1","Multi-Cast"],"picked":"Rainbow","floor":16.0},{"not_picked":["Streamline+1","Go for the Eyes+1"],"picked":"Sunder+1","floor":18.0},{"not_picked":["Heatsinks","Blizzard+1"],"picked":"White Noise","floor":19.0},{"not_picked":["Chill","Skim"],"picked":"Glacier","floor":24.0},{"not_picked":["Hologram","Sweeping Beam+1"],"picked":"Echo Form","floor":25.0},{"not_picked":["Rip and Tear+1","Stack"],"picked":"Glacier","floor":27.0},{"not_picked":["White Noise+1","Beam Cell+1"],"picked":"Conserve Battery","floor":31.0},{"not_picked":["Biased Cognition","Electrodynamics"],"picked":"Core Surge+1","floor":33.0},{"not_picked":["Steam","Rebound+1"],"picked":"Defragment","floor":34.0},{"not_picked":["Redo","Gash+1"],"picked":"Sunder+1","floor":34.0},{"not_picked":["Barrage+1","Steam Power"],"picked":"Coolheaded","floor":34.0},{"not_picked":["Leap","Darkness"],"picked":"Consume","floor":34.0},{"not_picked":["Sweeping Beam+1","Ball Lightning+1"],"picked":"Streamline+1","floor":34.0},{"not_picked":["Skim","Rebound+1"],"picked":"Force Field","floor":37.0},{"not_picked":["Madness","Panacea"],"picked":"Magnetism","floor":46},{"not_picked":["Conserve Battery","Steam"],"picked":"Sunder+1","floor":47}],"player_experience":996862,"relics_obtained":[{"floor":7.0,"key":"Shuriken"},{"floor":9.0,"key":"Pen Nib"},{"floor":14.0,"key":"Meat on the Bone"},{"floor":25.0,"key":"Centennial Puzzle"},{"floor":26.0,"key":"Old Coin"},{"floor":27.0,"key":"Tiny Chest"},{"floor":28.0,"key":"Necronomicon"},{"floor":30.0,"key":"Lantern"},{"floor":36.0,"key":"The Courier"},{"floor":43.0,"key":"Gremlin Horn"},{"floor":44,"key":"Darkstone Periapt"}],"event_choices":[{"damage_healed":0.0,"max_hp_gain":0.0,"max_hp_loss":0.0,"gold_gain":0.0,"event_name":"Living Wall","player_choice":"Grow","floor":2.0,"gold_loss":0.0,"damage_taken":0.0,"cards_upgraded":["Zap"]},{"damage_healed":0.0,"max_hp_gain":0.0,"max_hp_loss":0.0,"gold_gain":0.0,"event_name":"Big Fish","player_choice":"Box","floor":3.0,"gold_loss":0.0,"damage_taken":0.0,"relics_obtained":["Mummified Hand"],"cards_obtained":["Regret"]},{"damage_healed":0.0,"max_hp_gain":0.0,"max_hp_loss":0.0,"gold_gain":150.0,"event_name":"Liars Game","player_choice":"AGREE","floor":4.0,"gold_loss":0.0,"damage_taken":0.0,"cards_obtained":["Doubt"]},{"cards_removed":["Regret"],"damage_healed":0.0,"max_hp_gain":0.0,"max_hp_loss":0.0,"gold_gain":0.0,"event_name":"The Cleric","player_choice":"Card Removal","floor":11.0,"gold_loss":75.0,"damage_taken":0.0},{"damage_healed":0.0,"max_hp_gain":0.0,"max_hp_loss":0.0,"gold_gain":0.0,"event_name":"Scrap Ooze","player_choice":"Success","floor":13.0,"gold_loss":0.0,"damage_taken":18.0,"relics_obtained":["Molten Egg 2"]},{"damage_healed":0.0,"max_hp_gain":0.0,"max_hp_loss":0.0,"gold_gain":0.0,"event_name":"The Mausoleum","player_choice":"Opened","floor":20.0,"gold_loss":0.0,"damage_taken":0.0,"relics_obtained":["Regal Pillow"],"cards_obtained":["Writhe"]},{"damage_healed":0.0,"max_hp_gain":0.0,"max_hp_loss":0.0,"gold_gain":0.0,"cards_transformed":["Strike_B"],"event_name":"Transmorgrifier","player_choice":"Transformed","floor":22.0,"gold_loss":0.0,"damage_taken":0.0,"cards_obtained":["Capacitor"]},{"damage_healed":0.0,"max_hp_gain":0.0,"max_hp_loss":0.0,"gold_gain":0.0,"event_name":"Cursed Tome","player_choice":"Obtained Book","floor":28.0,"gold_loss":0.0,"damage_taken":21.0},{"damage_healed":0.0,"max_hp_gain":0.0,"max_hp_loss":0.0,"gold_gain":0.0,"event_name":"Tomb of Lord Red Mask","player_choice":"Paid","floor":39.0,"gold_loss":27.0,"damage_taken":0.0,"relics_obtained":["Red Mask"]},{"damage_healed":0,"gold_gain":0,"player_choice":"Memory 1","damage_taken":0,"max_hp_gain":0,"max_hp_loss":0,"event_name":"SensoryStone","floor":46,"gold_loss":0}],"is_beta":true,"boss_relics":[{"not_picked":["Lizard Tail","Fusion Hammer"],"picked":"Snecko Eye"},{"not_picked":["Astrolabe","Runic Pyramid"],"picked":"Orrery"}],"items_purged_floors":[12,21],"is_endless":false,"potions_floor_spawned":[5,14,16,24,27,31,33,35,37,47],"ascension_level":20}