{"gold_per_floor":[113,113,113,128,53,85,102,102,102,102,117,128,128,146,146,245,245,255,272,187,187,206,206,237,237,237,255,7,19,49,66,66,66],"floor_reached":33,"playtime":1683,"items_purged":["Defend_G"],"score":330,"play_id":"67f79baa-f38b-426d-8775-3e956b7f5556","local_time":"20190113175453","is_ascension_mode":true,"campfire_choices":[{"data":"Unload","floor":10.0,"key":"SMITH"},{"floor":13.0,"key":"REST"},{"data":"Deflect","floor":15.0,"key":"SMITH"},{"floor":23.0,"key":"REST"},{"data":"Finisher","floor":25.0,"key":"SMITH"},{"floor":32,"key":"REST"}],"neow_cost":"NONE","seed_source_timestamp":0,"circlet_count":0,"master_deck":["Defend_G","Defend_G","Defend_G","Defend_G","Strike_G","Strike_G","Strike_G+1","Strike_G","Survivor+1","Neutralize","Unload+1","Finisher+1","Deflect+1","Outmaneuver","Dodge and Roll","Die Die Die","Poisoned Stab","Blade Dance","RitualDagger","Acrobatics","Footwork","Leg Sweep","Apotheosis","Dagger Spray","Dash"],"special_seed":0,"relics":["Ring of the Snake","NeowsBlessing","Ornamental Fan","Shuriken","Lizard Tail","Ninja Scroll","Mummified Hand","Darkstone Periapt","Smiling Mask"],"potions_floor_usage":[30,30],"damage_taken":[{"damage":0.0,"enemies":"Cultist","floor":1.0,"turns":1.0},{"damage":0.0,"enemies":"2 Louse","floor":4.0,"turns":1.0},{"damage":0.0,"enemies":"3 Sentries","floor":6.0,"turns":1.0},{"damage":0.0,"enemies":"Jaw Worm","floor":7.0,"turns":3.0},{"damage":8.0,"enemies":"Exordium Thugs","floor":11.0,"turns":3.0},{"damage":2.0,"enemies":"Large Slime","floor":12.0,"turns":7.0},{"damage":0.0,"enemies":"Exordium Wildlife","floor":14.0,"turns":5.0},{"damage":43.0,"enemies":"The Guardian","floor":16.0,"turns":14.0},{"damage":10.0,"enemies":"3 Byrds","floor":18.0,"turns":8.0},{"damage":12.0,"enemies":"2 Thieves","floor":19.0,"turns":4.0},{"damage":0.0,"enemies":"Chosen and Byrds","floor":22.0,"turns":3.0},{"damage":7.0,"enemies":"Book of Stabbing","floor":24.0,"turns":5.0},{"damage":4.0,"enemies":"Snecko","floor":27.0,"turns":3.0},{"damage":11.0,"enemies":"Shelled Parasite and Fungi","floor":29.0,"turns":6.0},{"damage":59,"enemies":"Gremlin Leader","floor":30,"turns":8},{"damage":6,"enemies":"Centurion and Healer","floor":31,"turns":9},{"damage":63,"enemies":"Automaton","floor":33,"turns":6}],"seed_played":"-5956851955055335647","potions_obtained":[{"floor":1.0,"key":"PowerPotion"},{"floor":7.0,"key":"Dexterity Potion"},{"floor":14.0,"key":"Swift Potion"},{"floor":16.0,"key":"Swift Potion"},{"floor":18.0,"key":"AttackPotion"},{"floor":24.0,"key":"EssenceOfSteel"},{"floor":29.0,"key":"FearPotion"}],"is_trial":false,"path_per_floor":["M","$","?","M","$","E","M","?","T","R","M","M","R","M","R","B",null,"M","M","?","?","M","R","E","R","T","M","$","M","E","M","R","B"],"character_chosen":"THE_SILENT","items_purchased":["Leg Sweep","Apotheosis"],"campfire_rested":3,"item_purchase_floors":[28,28],"current_hp_per_floor":[70,70,70,70,70,70,70,56,56,56,48,46,67,67,67,24,70,60,48,48,42,42,63,56,56,56,52,52,41,23,17,38,0],"gold":66,"neow_bonus":"THREE_ENEMY_KILL","is_prod":false,"is_daily":false,"chose_seed":false,"campfire_upgraded":3,"win_rate":0,"timestamp":1547420093,"path_taken":["M","?","?","M","$","E","M","?","T","R","M","M","R","M","R","BOSS","M","M","?","?","M","R","E","R","T","M","?","M","E","M","R","BOSS"],"build_version":"2019-01-10","purchased_purges":1,"victory":false,"max_hp_per_floor":[70,70,70,70,70,70,70,70,70,70,70,70,70,70,70,70,70,70,70,70,70,70,70,70,70,70,70,70,70,70,70,70,70],"card_choices":[{"not_picked":["Dagger Throw","Prepared","Escape Plan"],"picked":"SKIP","floor":1.0},{"not_picked":["Flechettes","Slice","Predator"],"picked":"SKIP","floor":4.0},{"not_picked":["Heel Hook","Predator","Finisher"],"picked":"SKIP","floor":6.0},{"not_picked":["Underhanded Strike","Caltrops"],"picked":"Finisher","floor":7.0},{"not_picked":["Eviscerate","Predator"],"picked":"Deflect","floor":11.0},{"not_picked":["Dagger Spray","Blade Dance"],"picked":"Outmaneuver","floor":12.0},{"not_picked":["Quick Slash","Envenom"],"picked":"Dodge and Roll","floor":14.0},{"not_picked":["Envenom","Venomology"],"picked":"Die Die Die","floor":16.0},{"not_picked":["Quick Slash+1","Underhanded Strike+1"],"picked":"Poisoned Stab","floor":18.0},{"not_picked":["Dagger Throw","Finisher"],"picked":"Blade Dance","floor":19.0},{"not_picked":["Expertise+1","Flying Knee"],"picked":"Acrobatics","floor":22.0},{"not_picked":["Deadly Poison+1","Corpse Explosion","PiercingWail"],"picked":"SKIP","floor":24.0},{"not_picked":["Caltrops","Choke"],"picked":"Footwork","floor":27.0},{"not_picked":["Dagger Throw","Calculated Gamble"],"picked":"Dagger Spray","floor":29.0},{"not_picked":["Flying Knee+1","Choke","Outmaneuver"],"picked":"SKIP","floor":30},{"not_picked":["PiercingWail","Deflect"],"picked":"Dash","floor":31}],"player_experience":33893,"relics_obtained":[{"floor":6.0,"key":"Ornamental Fan"},{"floor":9.0,"key":"Shuriken"},{"floor":24.0,"key":"Mummified Hand"},{"floor":26.0,"key":"Darkstone Periapt"},{"floor":30,"key":"Smiling Mask"}],"event_choices":[{"damage_healed":0.0,"max_hp_gain":0.0,"max_hp_loss":0.0,"gold_gain":0.0,"cards_transformed":["Strike_G"],"event_name":"Living Wall","player_choice":"Change","floor":3.0,"gold_loss":0.0,"damage_taken":0.0,"cards_obtained":["Unload"]},{"damage_healed":0.0,"max_hp_gain":0.0,"max_hp_loss":0.0,"gold_gain":0.0,"event_name":"Shining Light","player_choice":"Entered Light","floor":8.0,"gold_loss":0.0,"damage_taken":14.0,"cards_upgraded":["Strike_G","Survivor"]},{"damage_healed":0.0,"max_hp_gain":0.0,"max_hp_loss":0.0,"gold_gain":0.0,"event_name":"Addict","player_choice":"Obtained Relic","floor":20.0,"gold_loss":85.0,"damage_taken":0.0,"relics_obtained":["Ninja Scroll"]},{"damage_healed":0.0,"max_hp_gain":0.0,"max_hp_loss":0.0,"gold_gain":0.0,"event_name":"Nest","player_choice":"Joined the Cult","floor":21.0,"gold_loss":0.0,"damage_taken":6.0,"cards_obtained":["RitualDagger"]}],"is_beta":false,"boss_relics":[{"not_picked":["Eternal Feather","Tiny House"],"picked":"Lizard Tail"}],"items_purged_floors":[5],"is_endless":false,"potions_floor_spawned":[1,7,14,16,18,24,29],"killed_by":"Automaton","ascension_level":1}