{"gold_per_floor":[111,11,29,2,2,2,21,21,71,130,130,153,165,213,225,330,342,354],"floor_reached":18,"playtime":563,"items_purged":[],"score":273,"play_id":"826667f0-01a1-45b5-b4a3-8f03e3ccd31d","local_time":"20180810002924","is_ascension_mode":true,"campfire_choices":[{"data":"Hello World","floor":8,"key":"SMITH"},{"data":"Go for the Eyes","floor":11,"key":"SMITH"},{"data":"Barrage","floor":15,"key":"SMITH"}],"neow_cost":"NONE","seed_source_timestamp":60296299469963,"circlet_count":0,"master_deck":["Strike_B","Strike_B","Strike_B","Strike_B","Defend_B","Defend_B","Defend_B","Defend_B","Zap","Dualcast","AscendersBane","Go for the Eyes+1","Auto Shields","Streamline","Coolheaded","Machine Learning","Hello World+1","Conserve Battery","Beam Cell","Redo","Well Laid Plans+1","Doom and Gloom","Capacitor","Barrage+1","Rainbow"],"relics":["Orrery","Dream Catcher","Omamori","MawBank","Golden Idol","Oddly Smooth Stone","Runic Dome"],"potions_floor_usage":[14],"damage_taken":[{"damage":0,"enemies":"Small Slimes","floor":1,"turns":4},{"damage":0,"enemies":"Cultist","floor":3,"turns":4},{"damage":0,"enemies":"Jaw Worm","floor":7,"turns":4},{"damage":26,"enemies":"Gremlin Nob","floor":10,"turns":5},{"damage":9,"enemies":"3 Sentries","floor":14,"turns":9},{"damage":8,"enemies":"Hexaghost","floor":16,"turns":11},{"damage":19,"enemies":"3 Byrds","floor":18,"turns":2}],"seed_played":"8770049701114461644","potions_obtained":[{"floor":7,"key":"Swift Potion"},{"floor":10,"key":"Ancient Potion"},{"floor":14,"key":"SkillPotion"}],"is_trial":false,"path_per_floor":["M","$","M","$","?","?","M","R","T","?","R","T","?","E","R","B",null],"character_chosen":"DEFECT","items_purchased":["Hello World","Conserve Battery","Redo"],"campfire_rested":0,"item_purchase_floors":[2,2,4],"current_hp_per_floor":[64,64,64,64,64,64,64,64,64,38,38,38,38,29,29,21,53,34],"gold":354,"neow_bonus":"BOSS_RELIC","is_prod":false,"is_daily":false,"chose_seed":false,"campfire_upgraded":3,"win_rate":0,"timestamp":1533886164,"path_taken":["M","$","M","$","?","?","M","R","T","?","R","?","?","E","R","BOSS","M"],"build_version":"2018-08-08","purchased_purges":0,"victory":false,"max_hp_per_floor":[71,71,71,71,71,71,71,71,71,71,71,71,64,64,64,64,64,64],"card_choices":[{"not_picked":["Scrape","Rebound"],"picked":"Go for the Eyes","floor":0},{"not_picked":["Hologram","Ball Lightning"],"picked":"Auto Shields","floor":0},{"not_picked":["Darkness","Blizzard"],"picked":"Hologram","floor":0},{"not_picked":["Compile Driver","Heatsinks"],"picked":"Streamline","floor":0},{"not_picked":["Static Discharge","Darkness"],"picked":"Coolheaded","floor":0},{"not_picked":["Aggregate","Compile Driver"],"picked":"Machine Learning","floor":1},{"not_picked":["Storm","Tempest"],"picked":"Beam Cell","floor":3},{"not_picked":["Turbo","Gash"],"picked":"Doom and Gloom","floor":7},{"not_picked":["Streamline","Storm"],"picked":"Capacitor","floor":10},{"not_picked":["Compile Driver","Streamline"],"picked":"Barrage","floor":14},{"not_picked":["Buffer","Amplify"],"picked":"Rainbow","floor":16}],"player_experience":784700,"relics_obtained":[{"floor":9,"key":"Dream Catcher"},{"floor":10,"key":"Omamori"},{"floor":12,"key":"MawBank"},{"floor":14,"key":"Oddly Smooth Stone"}],"event_choices":[{"event_name":"NoteForYourself","player_choice":"Took Card","floor":5,"damage_taken":0},{"event_name":"Liars Game","player_choice":"disagreed","floor":6,"damage_taken":0},{"event_name":"Dead Adventurer","player_choice":"Searched \u00271\u0027 times","floor":10,"damage_taken":0},{"event_name":"Golden Idol","player_choice":"Lose Max HP","floor":13,"damage_taken":0}],"is_beta":true,"boss_relics":[{"not_picked":["Empty Cage","Velvet Choker"],"picked":"Runic Dome"}],"items_purged_floors":[],"is_endless":false,"potions_floor_spawned":[7,10,14,16],"killed_by":"3 Byrds","ascension_level":15}