{"gold_per_floor":[110,110,35,50,66,66,90,90,114,114,157,175,175,200,200,299,299,322,322,347,390,390],"floor_reached":22,"playtime":1418,"items_purged":["Strike_G"],"score":369,"play_id":"f0d17bff-a48b-448a-9958-3947ceae63d0","local_time":"20190724194907","is_ascension_mode":true,"campfire_choices":[{"data":"Bandage Up","floor":6,"key":"SMITH"},{"data":"Footwork","floor":8,"key":"SMITH"},{"data":"Metamorphosis","floor":10,"key":"SMITH"},{"floor":15,"key":"REST"}],"neow_cost":"TEN_PERCENT_HP_LOSS","seed_source_timestamp":1260859664241586,"circlet_count":0,"master_deck":["AscendersBane","Defend_G","Defend_G","Defend_G","Defend_G","Defend_G","Survivor","Neutralize","Bandage Up+1","Metamorphosis+1","Footwork+1","Caltrops","Slice","All Out Attack","Envenom","Blade Dance","Escape Plan","Die Die Die","Leg Sweep","Bite","Bite","Bite","Bite","Bite","Backstab","Malaise"],"relics":["Ring of the Snake","Golden Idol","Potion Belt","Bag of Marbles","Black Star","Red Mask"],"potions_floor_usage":[16,18,18,20],"damage_taken":[{"damage":12,"enemies":"Jaw Worm","floor":1,"turns":4},{"damage":7,"enemies":"2 Louse","floor":4,"turns":4},{"damage":0,"enemies":"Cultist","floor":5,"turns":4},{"damage":4,"enemies":"Blue Slaver","floor":7,"turns":2},{"damage":32,"enemies":"3 Sentries","floor":11,"turns":5},{"damage":5,"enemies":"3 Louse","floor":12,"turns":5},{"damage":7,"enemies":"Exordium Wildlife","floor":14,"turns":3},{"damage":27,"enemies":"Hexaghost","floor":16,"turns":10},{"damage":40,"enemies":"Spheric Guardian","floor":18,"turns":6},{"damage":26,"enemies":"Shell Parasite","floor":20,"turns":11},{"damage":0,"enemies":"Masked Bandits","floor":21,"turns":2},{"damage":41,"enemies":"Chosen and Byrds","floor":22,"turns":5}],"seed_played":"-5914412008548912583","potions_obtained":[{"floor":4,"key":"Strength Potion"},{"floor":7,"key":"PowerPotion"},{"floor":11,"key":"Weak Potion"},{"floor":13,"key":"Ancient Potion"},{"floor":13,"key":"Dexterity Potion"},{"floor":16,"key":"Poison Potion"},{"floor":18,"key":"Weak Potion"}],"is_trial":false,"path_per_floor":["M","?","$","M","M","R","M","R","T","R","E","M","?","M","R","B",null,"M","?","M","?","M"],"character_chosen":"THE_SILENT","items_purchased":[],"campfire_rested":1,"item_purchase_floors":[],"current_hp_per_floor":[48,48,48,45,49,49,45,45,45,45,19,20,20,19,35,14,44,10,10,10,20,0],"gold":390,"neow_bonus":"RANDOM_COLORLESS_2","is_prod":false,"is_daily":false,"chose_seed":false,"campfire_upgraded":3,"win_rate":0,"timestamp":1564015747,"path_taken":["M","?","$","M","M","R","M","R","T","R","E","M","?","?","R","BOSS","M","?","M","?","M"],"build_version":"2019-07-17","purchased_purges":1,"victory":false,"max_hp_per_floor":[60,54,54,54,54,54,54,54,54,54,54,54,54,54,54,54,54,54,37,37,37,37],"card_choices":[{"not_picked":["All Out Attack","Eviscerate"],"picked":"Footwork","floor":1},{"not_picked":["Reflex","Eviscerate"],"picked":"Caltrops","floor":4},{"not_picked":["Deadly Poison","Dagger Throw"],"picked":"Slice","floor":5},{"not_picked":["Cloak And Dagger","Expertise"],"picked":"All Out Attack","floor":7},{"not_picked":["Well Laid Plans","Endless Agony"],"picked":"Envenom","floor":11},{"not_picked":["Bane","Dodge and Roll"],"picked":"Blade Dance","floor":12},{"not_picked":["PiercingWail","Bouncing Flask"],"picked":"Escape Plan","floor":14},{"not_picked":["Glass Knife","Unload"],"picked":"Die Die Die","floor":16},{"not_picked":["Backflip","Endless Agony"],"picked":"Leg Sweep","floor":18},{"not_picked":["Prepared","Endless Agony"],"picked":"Backstab","floor":20},{"not_picked":["Poisoned Stab","Prepared"],"picked":"Malaise","floor":21}],"player_experience":879383,"relics_obtained":[{"floor":9,"key":"Potion Belt"},{"floor":11,"key":"Bag of Marbles"},{"floor":21,"key":"Red Mask"}],"event_choices":[{"damage_healed":0,"gold_gain":0,"player_choice":"Lose Max HP","damage_taken":0,"relics_obtained":["Golden Idol"],"max_hp_gain":0,"max_hp_loss":6,"event_name":"Golden Idol","floor":2,"gold_loss":0},{"damage_healed":0,"gold_gain":0,"player_choice":"Got Potions","damage_taken":0,"max_hp_gain":0,"max_hp_loss":0,"event_name":"Lab","floor":13,"gold_loss":0},{"damage_healed":0,"gold_gain":0,"player_choice":"Became a vampire","damage_taken":0,"max_hp_gain":0,"max_hp_loss":17,"event_name":"Vampires","floor":19,"gold_loss":0,"cards_obtained":["Bite","Bite","Bite","Bite","Bite"]},{"damage_healed":0,"gold_gain":0,"player_choice":"Fought Bandits","damage_taken":0,"max_hp_gain":0,"max_hp_loss":0,"event_name":"Masked Bandits","floor":21,"gold_loss":0}],"is_beta":false,"boss_relics":[{"not_picked":["Tiny House","Coffee Dripper"],"picked":"Black Star"}],"items_purged_floors":[3],"is_endless":false,"potions_floor_spawned":[4,7,11,16,18],"killed_by":"Chosen and Byrds","ascension_level":17}