{"gold_per_floor":[119,131,131,54,73,73,101,101,101,145,161,204,24,67,67,160,160,175,175,175,190,190,2,2],"floor_reached":24,"playtime":840,"items_purged":[],"score":389,"play_id":"dcc0fa80-7acb-461e-a097-69751a5bd5d2","local_time":"20180703202126","is_ascension_mode":true,"campfire_choices":[{"floor":6,"key":"REST"},{"floor":15,"key":"REST"}],"neow_cost":"NONE","seed_source_timestamp":75516314931767,"circlet_count":0,"master_deck":["Defend_G+1","Defend_G+1","Defend_G+1","Defend_G+1","Defend_G+1","Strike_G+1","Strike_G+1","Strike_G+1","Strike_G+1","Strike_G+1","Survivor","Neutralize","AscendersBane","Bouncing Flask","Heel Hook","Heel Hook","Endless Agony","Backstab","Dagger Spray","Catalyst","Deflect","Footwork","Malaise","Underhanded Strike","Tools of the Trade","Dagger Throw","Writhe","Bane","Footwork"],"relics":["Fusion Hammer","Bottled Lightning","Golden Idol","Dream Catcher","Anchor","Juzu Bracelet","Art of War","Runic Dome","Omamori","Happy Flower"],"potions_floor_usage":[7,7,10,14,24],"damage_taken":[{"damage":0,"enemies":"Cultist","floor":1,"turns":6},{"damage":0,"enemies":"2 Louse","floor":2,"turns":3},{"damage":8,"enemies":"Small Slimes","floor":5,"turns":4},{"damage":14,"enemies":"3 Sentries","floor":7,"turns":8},{"damage":16,"enemies":"Gremlin Nob","floor":10,"turns":3},{"damage":0,"enemies":"Exordium Thugs","floor":11,"turns":3},{"damage":12,"enemies":"3 Sentries","floor":12,"turns":9},{"damage":3,"enemies":"Gremlin Nob","floor":14,"turns":3},{"damage":6,"enemies":"The Guardian","floor":16,"turns":12},{"damage":30,"enemies":"3 Byrds","floor":18,"turns":6},{"damage":18,"enemies":"Shell Parasite","floor":21,"turns":7},{"damage":12,"enemies":"Gremlin Leader","floor":24,"turns":3}],"seed_played":"-8542145109667415944","potions_obtained":[{"floor":1,"key":"Fire Potion"},{"floor":2,"key":"Fire Potion"},{"floor":7,"key":"Fire Potion"},{"floor":14,"key":"Explosive Potion"}],"is_trial":false,"path_per_floor":["M","M","?","$","M","R","E","?","T","E","M","E","$","E","R","B",null,"M","?","?","M","?","$"],"character_chosen":"THE_SILENT","items_purchased":["Heel Hook","Footwork","SpeedPotion","Poison Potion","Footwork","Happy Flower"],"campfire_rested":2,"item_purchase_floors":[4,13,13,13,23,23],"current_hp_per_floor":[59,59,64,64,56,71,57,57,57,41,41,29,29,26,45,39,58,28,28,28,10,10,10,0],"gold":2,"neow_bonus":"BOSS_RELIC","is_prod":false,"is_daily":false,"chose_seed":false,"campfire_upgraded":0,"win_rate":0,"timestamp":1530674486,"path_taken":["M","?","?","?","M","R","E","?","T","E","M","E","$","E","R","BOSS","M","?","?","M","?","$","E"],"build_version":"2018-07-02","purchased_purges":0,"victory":false,"max_hp_per_floor":[66,66,71,71,71,71,71,64,64,64,64,64,64,64,64,64,64,64,64,64,64,64,64,64],"card_choices":[{"not_picked":["Slice","Cloak And Dagger"],"picked":"Bouncing Flask","floor":1},{"not_picked":["Setup","Sucker Punch"],"picked":"Heel Hook","floor":2},{"not_picked":["Poisoned Stab","Acrobatics"],"picked":"Endless Agony","floor":5},{"not_picked":["Flying Knee","Deadly Poison"],"picked":"Backstab","floor":7},{"not_picked":["Masterful Stab","Poisoned Stab"],"picked":"Dagger Spray","floor":10},{"not_picked":["Flechettes","Cloak And Dagger"],"picked":"Catalyst","floor":11},{"not_picked":["Dodge and Roll","Accuracy"],"picked":"Deflect","floor":12},{"not_picked":["Cloak And Dagger","Poisoned Stab"],"picked":"Malaise","floor":14},{"not_picked":["Dodge and Roll","Poisoned Stab"],"picked":"Underhanded Strike","floor":15},{"not_picked":["Grand Finale","Storm of Steel"],"picked":"Tools of the Trade","floor":16},{"not_picked":["Cloak And Dagger","Poisoned Stab"],"picked":"Dagger Throw","floor":18},{"not_picked":["Caltrops","Prepared"],"picked":"Bane","floor":21}],"player_experience":478638,"relics_obtained":[{"floor":7,"key":"Bottled Lightning"},{"floor":9,"key":"Dream Catcher"},{"floor":10,"key":"Anchor"},{"floor":12,"key":"Juzu Bracelet"},{"floor":14,"key":"Art of War"}],"event_choices":[{"event_name":"Big Fish","player_choice":"Donut","floor":3,"damage_taken":0},{"event_name":"Golden Idol","player_choice":"Lose Max HP","floor":8,"damage_taken":0},{"event_name":"Beggar","player_choice":"Ignored","floor":19,"damage_taken":0},{"event_name":"The Mausoleum","player_choice":"Yes","floor":20,"damage_taken":0},{"event_name":"Back to Basics","player_choice":"Simplicity","floor":22,"damage_taken":0}],"boss_relics":[{"not_picked":["Philosopher\u0027s Stone","Eternal Feather"],"picked":"Runic Dome"}],"items_purged_floors":[],"is_endless":false,"potions_floor_spawned":[1,2,7,14,16,18],"killed_by":"Gremlin Leader","ascension_level":15}