{"gold_per_floor":[113,17,17,30,49,49,68,96,96,111,111,170,170,205,205,302,302,319,319,333,333,345,373,373,407,433,433,445,470,481,481,481,576,576],"floor_reached":34,"playtime":1446,"items_purged":[],"score":571,"play_id":"ccb54232-0445-4847-8c54-22e4ed965dc3","local_time":"20180717013557","is_ascension_mode":true,"campfire_choices":[{"data":"Footwork","floor":6.0,"key":"SMITH"},{"data":"Neutralize","floor":11.0,"key":"SMITH"},{"data":"Footwork","floor":15.0,"key":"SMITH"},{"data":"After Image","floor":24,"key":"SMITH"},{"data":"Deadly Poison","floor":27,"key":"SMITH"},{"data":"Infinite Blades","floor":32,"key":"SMITH"}],"neow_cost":"NONE","seed_source_timestamp":396379672226799,"circlet_count":0,"master_deck":["Defend_G+1","Defend_G+1","Defend_G+1","Defend_G+1","Defend_G+1","Strike_G+1","Strike_G+1","Strike_G+1","Strike_G+1","Survivor","Neutralize+1","Footwork+1","Dagger Spray","Infinite Blades+1","Deadly Poison+1","Deadly Poison+1","Deadly Poison","Leg Sweep","All Out Attack","Footwork+1","After Image+1","Parasite","Deflect","Infinite Blades+1","Deadly Poison","Dash","Backflip","Dagger Spray+1","Backflip","Envenom"],"special_seed":0,"relics":["Coffee Dripper","Omamori","Pear","The Specimen","Bottled Tornado","Calling Bell","Bag of Marbles","Ninja Scroll","Bird Faced Urn","Enchiridion","Incense Burner","Bronze Scales","Oddly Smooth Stone","Turnip","Sozu"],"potions_floor_usage":[],"damage_taken":[{"damage":0.0,"enemies":"Jaw Worm","floor":1.0,"turns":4.0},{"damage":0.0,"enemies":"Cultist","floor":4.0,"turns":4.0},{"damage":0.0,"enemies":"2 Louse","floor":5.0,"turns":3.0},{"damage":4.0,"enemies":"Blue Slaver","floor":7.0,"turns":4.0},{"damage":0.0,"enemies":"Lagavulin","floor":8.0,"turns":7.0},{"damage":1.0,"enemies":"Gremlin Gang","floor":10.0,"turns":4.0},{"damage":27.0,"enemies":"Gremlin Nob","floor":12.0,"turns":5.0},{"damage":21.0,"enemies":"Gremlin Nob","floor":14.0,"turns":5.0},{"damage":0.0,"enemies":"Slime Boss","floor":16.0,"turns":10.0},{"damage":23.0,"enemies":"2 Thieves","floor":18.0,"turns":4.0},{"damage":2.0,"enemies":"Spheric Guardian","floor":20.0,"turns":7.0},{"damage":0,"enemies":"3 Cultists","floor":22,"turns":5},{"damage":2,"enemies":"Gremlin Leader","floor":23,"turns":6},{"damage":15,"enemies":"Slavers","floor":25,"turns":5},{"damage":0,"enemies":"Snake Plant","floor":28,"turns":4},{"damage":0,"enemies":"Book of Stabbing","floor":29,"turns":5},{"damage":0,"enemies":"Chosen and Byrds","floor":30,"turns":3},{"damage":8,"enemies":"Champ","floor":33,"turns":14}],"seed_played":"-4796296675790122370","potions_obtained":[{"floor":1.0,"key":"SkillPotion"},{"floor":7.0,"key":"EssenceOfSteel"},{"floor":8.0,"key":"FearPotion"},{"floor":12.0,"key":"Ancient Potion"},{"floor":18.0,"key":"PowerPotion"}],"is_trial":false,"path_per_floor":["M","$","?","M","M","R","M","E","T","M","R","?","?","E","R","B",null,"M","?","M","?","M","E","R","E","T","R","M","E","M","?","R","B"],"character_chosen":"THE_SILENT","items_purchased":["Dagger Spray","Infinite Blades"],"campfire_rested":0,"item_purchase_floors":[2,2],"current_hp_per_floor":[70,70,70,70,70,70,66,66,76,75,75,48,48,27,27,27,80,61,45,53,53,65,75,75,69,69,69,75,80,80,80,80,72,72],"gold":576,"neow_bonus":"BOSS_RELIC","is_prod":false,"is_daily":false,"chose_seed":true,"campfire_upgraded":6,"win_rate":0,"timestamp":1531816557,"path_taken":["M","$","?","?","M","R","M","E","T","M","R","?","?","E","R","BOSS","M","?","M","?","?","E","R","E","T","R","M","E","M","?","R","BOSS"],"build_version":"2018-07-16","purchased_purges":0,"victory":false,"max_hp_per_floor":[70,70,70,70,70,70,70,70,80,80,80,80,80,80,80,80,80,80,80,80,80,80,80,80,80,80,80,80,80,80,80,80,80,80],"card_choices":[{"not_picked":["Terror","Dagger Spray"],"picked":"Footwork","floor":1.0},{"not_picked":["All Out Attack","Underhanded Strike"],"picked":"Deadly Poison","floor":4.0},{"not_picked":["Predator","Backflip"],"picked":"Deadly Poison","floor":5.0},{"not_picked":["Dagger Throw","Masterful Stab"],"picked":"Deadly Poison","floor":7.0},{"not_picked":["Bouncing Flask","Flying Knee"],"picked":"Leg Sweep","floor":8.0},{"not_picked":["Expertise","Setup","Concentrate"],"picked":"SKIP","floor":10.0},{"not_picked":["Expertise","Setup","Concentrate"],"picked":"SKIP","floor":10.0},{"not_picked":["Riddle With Holes","Slice"],"picked":"All Out Attack","floor":12.0},{"not_picked":["All Out Attack","Terror"],"picked":"Footwork","floor":14.0},{"not_picked":["Tactician","A Thousand Cuts"],"picked":"After Image","floor":16.0},{"not_picked":["Expertise","Dagger Throw"],"picked":"Deflect","floor":18.0},{"not_picked":["Dodge and Roll","Dagger Throw"],"picked":"Infinite Blades","floor":20.0},{"not_picked":["Dodge and Roll","Cloak And Dagger"],"picked":"Deadly Poison","floor":22},{"not_picked":["Bullet Time","Outmaneuver"],"picked":"Dash","floor":23},{"not_picked":["Dagger Throw","Skewer+1"],"picked":"Backflip","floor":25},{"not_picked":["Choke+1","Escape Plan+1"],"picked":"Dagger Spray+1","floor":28},{"not_picked":["Flying Knee","Phantasmal Killer"],"picked":"Backflip","floor":29},{"not_picked":["Tactician","Bullet Time"],"picked":"Envenom","floor":33}],"player_experience":682660,"relics_obtained":[{"floor":8.0,"key":"Omamori"},{"floor":9.0,"key":"Pear"},{"floor":12.0,"key":"The Specimen"},{"floor":14.0,"key":"Bottled Tornado"},{"floor":17.0,"key":"Bag of Marbles"},{"floor":17.0,"key":"Ninja Scroll"},{"floor":17.0,"key":"Bird Faced Urn"},{"floor":19.0,"key":"Enchiridion"},{"floor":23,"key":"Incense Burner"},{"floor":25,"key":"Bronze Scales"},{"floor":26,"key":"Oddly Smooth Stone"},{"floor":29,"key":"Turnip"}],"event_choices":[{"event_name":"Purifier","player_choice":"One Purge","floor":3.0,"damage_taken":0.0},{"event_name":"Dead Adventurer","player_choice":"Searched \u00272\u0027 times","floor":12.0,"damage_taken":0.0},{"event_name":"Living Wall","player_choice":"Grow","floor":13.0,"damage_taken":0.0},{"event_name":"Cursed Tome","player_choice":"Obtained Book","floor":19.0,"damage_taken":0.0},{"event_name":"Back to Basics","player_choice":"Simplicity","floor":21,"damage_taken":0},{"event_name":"Upgrade Shrine","player_choice":"Upgraded","floor":31,"damage_taken":0}],"boss_relics":[{"not_picked":["Tiny House","Astrolabe"],"picked":"Calling Bell"},{"not_picked":["Eternal Feather","Velvet Choker"],"picked":"Sozu"}],"items_purged_floors":[],"is_endless":false,"potions_floor_spawned":[1,7,8,12,18,23,25,30],"ascension_level":1}