{"gold_per_floor":[109,109,109,109,122,122,158,158,158,158,179,5,28,46,46,142,142,163,181,106,26,40,40,40],"floor_reached":24,"playtime":710,"items_purged":[],"score":387,"play_id":"62da8650-06de-4c5c-a3a1-0f54523a98b2","local_time":"20180708182003","is_ascension_mode":true,"campfire_choices":[{"data":"Footwork","floor":6,"key":"SMITH"},{"data":"Neutralize","floor":8,"key":"SMITH"},{"data":"Dagger Throw","floor":10,"key":"SMITH"},{"data":"Noxious Fumes","floor":15,"key":"SMITH"},{"data":"Malaise","floor":23,"key":"SMITH"}],"neow_cost":"","seed_source_timestamp":0,"circlet_count":0,"master_deck":["Defend_G","Defend_G","Defend_G","Defend_G","Defend_G","Strike_G","Strike_G","Strike_G","Survivor","Neutralize+1","AscendersBane","Dagger Throw+1","Footwork+1","Deflect","Blade Dance","Flying Knee","Caltrops","Crippling Poison","Noxious Fumes+1","Accuracy","Envenom","Malaise+1","Noxious Fumes","Footwork","Dodge and Roll","Acrobatics"],"special_seed":0,"relics":["Ring of the Snake","NeowsBlessing","Golden Idol","Ninja Scroll","Kunai","Runic Dome"],"potions_floor_usage":[18,22],"damage_taken":[{"damage":0,"enemies":"2 Louse","floor":1,"turns":1},{"damage":0,"enemies":"Jaw Worm","floor":5,"turns":1},{"damage":0,"enemies":"3 Sentries","floor":7,"turns":1},{"damage":0,"enemies":"Small Slimes","floor":11,"turns":4},{"damage":0,"enemies":"Looter","floor":13,"turns":3},{"damage":1,"enemies":"3 Louse","floor":14,"turns":3},{"damage":19,"enemies":"The Guardian","floor":16,"turns":10},{"damage":7,"enemies":"2 Thieves","floor":18,"turns":4},{"damage":4,"enemies":"3 Byrds","floor":19,"turns":4},{"damage":13,"enemies":"3 Cultists","floor":22,"turns":7},{"damage":34,"enemies":"Gremlin Leader","floor":24,"turns":7}],"seed_played":"-3727672877453948321","potions_obtained":[{"floor":7,"key":"Weak Potion"},{"floor":16,"key":"Poison Potion"},{"floor":18,"key":"EntropicBrew"},{"floor":19,"key":"GhostInAJar"}],"is_trial":false,"path_per_floor":["M","?","?","?","M","R","E","R","T","R","M","$","M","M","R","B",null,"M","M","?","$","M","R"],"character_chosen":"THE_SILENT","items_purchased":["Flying Knee","Caltrops","Crippling Poison","Footwork","Dodge and Roll"],"campfire_rested":0,"item_purchase_floors":[12,12,12,21,21],"current_hp_per_floor":[59,59,52,57,57,57,57,57,57,57,57,57,57,56,56,37,58,51,47,47,47,34,34,0],"gold":40,"neow_bonus":"","is_prod":false,"is_daily":false,"chose_seed":false,"campfire_upgraded":5,"win_rate":0,"timestamp":1531099203,"path_taken":["M","?","?","?","M","R","E","R","T","R","M","?","M","M","R","BOSS","M","M","?","$","M","R","E"],"build_version":"2018-07-05","purchased_purges":0,"victory":false,"max_hp_per_floor":[66,60,60,65,65,65,65,65,65,65,65,65,65,65,65,65,65,65,65,65,65,65,65,65],"card_choices":[{"not_picked":["Underhanded Strike","Endless Agony"],"picked":"Dagger Throw","floor":1},{"not_picked":["Calculated Gamble","Well Laid Plans"],"picked":"Footwork","floor":5},{"not_picked":["Dodge and Roll","Blade Dance"],"picked":"Deflect","floor":7},{"not_picked":["Prepared","Acrobatics"],"picked":"Blade Dance","floor":11},{"not_picked":["PiercingWail","Masterful Stab"],"picked":"Noxious Fumes","floor":13},{"not_picked":["Flying Knee","Sucker Punch"],"picked":"Accuracy","floor":14},{"not_picked":["Wraith Form v2","Doppelganger"],"picked":"Envenom","floor":16},{"not_picked":["Eviscerate","Poisoned Stab"],"picked":"Malaise","floor":18},{"not_picked":["Quick Slash","Sucker Punch"],"picked":"Noxious Fumes","floor":19},{"not_picked":["Well Laid Plans","Sucker Punch"],"picked":"Acrobatics","floor":22}],"player_experience":513734,"relics_obtained":[{"floor":7,"key":"Ninja Scroll"},{"floor":9,"key":"Kunai"}],"event_choices":[{"event_name":"Golden Idol","player_choice":"Lose Max HP","floor":2,"damage_taken":0},{"event_name":"Golden Wing","player_choice":"Card Removal","floor":3,"damage_taken":0},{"event_name":"Big Fish","player_choice":"Donut","floor":4,"damage_taken":0},{"event_name":"Beggar","player_choice":"Gave Gold","floor":20,"damage_taken":0}],"boss_relics":[{"not_picked":["Busted Crown","Pandora\u0027s Box"],"picked":"Runic Dome"}],"items_purged_floors":[],"is_endless":false,"potions_floor_spawned":[7,16,18,19],"killed_by":"Gremlin Leader","ascension_level":15}