{"gold_per_floor":[116,191,8,8,22,22,35,35,62,81,7,30,30,53,53,143,143,167,167,180,201,201,237,253,203,257,272,272,306,231,245,245,339,339,358,383,716,315,315,315,345,345,396,396,396,396,59,59,59,59],"floor_reached":51,"playtime":1144,"items_purged":[],"score":1637,"play_id":"d36f9452-2def-4805-9832-8230aecbbc89","local_time":"20180708215741","daily_mods":["Draft","Binary"],"is_ascension_mode":true,"campfire_choices":[{"data":"Apotheosis","floor":6,"key":"SMITH"},{"data":"Spot Weakness","floor":8,"key":"SMITH"},{"data":"Disarm","floor":15,"key":"SMITH"},{"floor":28,"key":"REST"},{"floor":32,"key":"REST"},{"floor":40,"key":"REST"},{"floor":42,"key":"REST"},{"floor":44,"key":"REST"},{"floor":49,"key":"REST"}],"neow_cost":"","seed_source_timestamp":0,"circlet_count":0,"master_deck":["AscendersBane","Clothesline+1","Perfected Strike","Carnage","True Grit","Cleave","Ghostly Armor+1","Pommel Strike","Spot Weakness+1","Disarm+1","Perfected Strike","Headbutt","Disarm","Heavy Blade","Apotheosis+1","Flame Barrier+1","Perfected Strike","Blood for Blood","Heavy Blade+1","Perfected Strike","The Bomb","Magnetism","Jack Of All Trades"],"relics":["Snecko Eye","Busted Crown","Omamori","Fusion Hammer","Art of War","Whetstone","Juzu Bracelet","Sozu","Question Card","Strawberry","War Paint","Ancient Tea Set","Red Skull","Dead Branch"],"potions_floor_usage":[29,33,50],"damage_taken":[{"damage":0,"enemies":"Cultist","floor":1,"turns":2},{"damage":0,"enemies":"2 Louse","floor":5,"turns":1},{"damage":0,"enemies":"Jaw Worm","floor":7,"turns":2},{"damage":0,"enemies":"3 Louse","floor":10,"turns":2},{"damage":0,"enemies":"Large Slime","floor":12,"turns":3},{"damage":0,"enemies":"Exordium Thugs","floor":14,"turns":3},{"damage":10,"enemies":"Hexaghost","floor":16,"turns":6},{"damage":5,"enemies":"2 Thieves","floor":18,"turns":3},{"damage":0,"enemies":"3 Byrds","floor":20,"turns":2},{"damage":9,"enemies":"Snake Plant","floor":21,"turns":3},{"damage":22,"enemies":"Slavers","floor":23,"turns":4},{"damage":4,"enemies":"Sentry and Sphere","floor":24,"turns":3},{"damage":0,"enemies":"Centurion and Healer","floor":27,"turns":2},{"damage":0,"enemies":"Gremlin Leader","floor":29,"turns":5},{"damage":0,"enemies":"Snake Plant","floor":31,"turns":2},{"damage":15,"enemies":"Champ","floor":33,"turns":9},{"damage":9,"enemies":"Orb Walker","floor":35,"turns":2},{"damage":2,"enemies":"Flame Bruiser 1 Orb","floor":36,"turns":4},{"damage":11,"enemies":"Nemesis","floor":41,"turns":5},{"damage":5,"floor":45,"turns":4},{"damage":54,"enemies":"Time Eater","floor":50,"turns":8}],"seed_played":"6954528533848551898","potions_obtained":[{"floor":10,"key":"PowerPotion"},{"floor":12,"key":"Block Potion"},{"floor":20,"key":"Fire Potion"},{"floor":29,"key":"Weak Potion"}],"is_trial":true,"path_per_floor":["M","?","$","?","M","R","M","R","T","M","$","M","$","M","R","B",null,"M","?","M","M","$","E","M","?","T","M","R","E","?","M","R","B",null,"M","M","?","$","?","R","E","R","T","R","?","?","$","?","R","B"],"character_chosen":"IRONCLAD","items_purchased":["Apotheosis","Flame Barrier","Question Card","Strawberry","Dead Branch","Perfected Strike"],"campfire_rested":6,"item_purchase_floors":[3,11,38,38,47,47],"current_hp_per_floor":[68,57,57,57,57,57,57,57,57,57,57,57,57,57,57,47,63,58,58,58,49,49,27,23,23,23,23,43,43,43,43,63,48,63,54,52,52,59,74,75,64,75,75,75,70,70,70,60,75,21],"gold":59,"neow_bonus":"","is_prod":false,"is_daily":false,"chose_seed":false,"campfire_upgraded":3,"win_rate":0,"timestamp":1531112261,"path_taken":["M","?","$","?","M","R","?","R","T","M","?","M","$","M","R","BOSS","M","?","M","?","$","E","M","?","T","M","R","E","?","M","R","BOSS","M","M","?","$","?","R","E","R","T","R","?","?","$","?","R","BOSS"],"build_version":"2018-07-05","purchased_purges":0,"victory":true,"max_hp_per_floor":[75,75,75,68,68,68,68,68,68,68,68,68,68,68,68,68,68,68,68,68,68,68,68,68,68,68,68,68,68,68,68,68,68,68,68,68,68,75,75,75,75,75,75,75,75,75,75,75,75,75],"card_choices":[{"not_picked":["Cleave","Headbutt"],"picked":"Clothesline","floor":0},{"not_picked":["Infernal Blade","Combust"],"picked":"Perfected Strike","floor":0},{"not_picked":["Infernal Blade","Shrug It Off"],"picked":"Carnage","floor":0},{"not_picked":["Sword Boomerang","Corruption"],"picked":"True Grit","floor":0},{"not_picked":["Wild Strike","Corruption"],"picked":"Cleave","floor":0},{"not_picked":["Dropkick","Wild Strike"],"picked":"Perfected Strike","floor":0},{"not_picked":["Cleave","Flex"],"picked":"Ghostly Armor","floor":0},{"not_picked":["Warcry","Twin Strike"],"picked":"Pommel Strike","floor":0},{"not_picked":["Battle Trance","Rage"],"picked":"Spot Weakness","floor":0},{"not_picked":["Combust","Blood for Blood"],"picked":"Disarm","floor":0},{"not_picked":["Shrug It Off","Sword Boomerang"],"picked":"Perfected Strike","floor":0},{"not_picked":["Clothesline","Warcry"],"picked":"Headbutt","floor":0},{"not_picked":["Anger","Searing Blow"],"picked":"Rampage","floor":0},{"not_picked":["Pommel Strike","Infernal Blade"],"picked":"Disarm","floor":0},{"not_picked":["Spot Weakness","Wild Strike"],"picked":"Heavy Blade","floor":0},{"not_picked":[],"picked":"Blood for Blood","floor":41},{"not_picked":[],"picked":"Heavy Blade+1","floor":45},{"not_picked":[],"picked":"The Bomb","floor":48},{"not_picked":[],"picked":"Magnetism","floor":48},{"not_picked":[],"picked":"Jack Of All Trades","floor":48}],"player_experience":525402,"relics_obtained":[{"floor":9,"key":"Omamori"},{"floor":23,"key":"Art of War"},{"floor":26,"key":"Whetstone"},{"floor":29,"key":"Juzu Bracelet"},{"floor":41,"key":"War Paint"},{"floor":43,"key":"Ancient Tea Set"},{"floor":45,"key":"Red Skull"}],"event_choices":[{"event_name":"World of Goop","player_choice":"Gather Gold","floor":2,"damage_taken":0},{"event_name":"Golden Idol","player_choice":"Lose Max HP","floor":4,"damage_taken":0},{"event_name":"The Library","player_choice":"Read","floor":19,"damage_taken":0},{"event_name":"The Joust","player_choice":"Bet on Owner","floor":25,"damage_taken":0},{"event_name":"Beggar","player_choice":"Gave Gold","floor":30,"damage_taken":0},{"event_name":"The Moai Head","player_choice":"Gave Idol","floor":37,"damage_taken":0},{"event_name":"Winding Halls","player_choice":"Writhe","floor":39,"damage_taken":0},{"event_name":"MindBloom","player_choice":"Fight","floor":45,"damage_taken":0},{"event_name":"Falling","player_choice":"Removed Attack","floor":46,"damage_taken":0},{"event_name":"SensoryStone","player_choice":"Memory 3","floor":48,"damage_taken":0}],"boss_relics":[{"not_picked":["Black Star","Runic Dome"],"picked":"Fusion Hammer"},{"not_picked":["Eternal Feather","Mark of Pain"],"picked":"Sozu"}],"items_purged_floors":[],"is_endless":false,"potions_floor_spawned":[10,12,16,18,20,23,29,35,36],"ascension_level":15}