{"gold_per_floor":[16,26,26,42,62,96,96,21,21,36,66,141,141,154,154,252,252,272,187,4,4,24,55,55,84,84,84,94,110,135,0,0,98,98,116,3,22,22,42,67,67,92,92,127,127,46,81,436,436,436,436,436,4,37,37],"floor_reached":56,"playtime":3699,"items_purged":["Strike_B"],"score":1551,"play_id":"e6d6c6b9-8ae9-48d8-a433-8d28e712652d","local_time":"20190818172004","is_ascension_mode":true,"campfire_choices":[{"data":"Streamline","floor":7.0,"key":"SMITH"},{"floor":15.0,"key":"REST"},{"data":"Storm","floor":27.0,"key":"SMITH"},{"floor":32.0,"key":"REST"},{"data":"Amplify","floor":41.0,"key":"SMITH"},{"data":"Machine Learning","floor":45.0,"key":"SMITH"},{"floor":49.0,"key":"RECALL"},{"data":"Heatsinks","floor":52.0,"key":"SMITH"}],"neow_cost":"NO_GOLD","seed_source_timestamp":0,"circlet_count":0,"master_deck":["Strike_B","Strike_B","Defend_B+1","Defend_B","Defend_B","Defend_B","Zap","Dualcast","Ball Lightning","Ball Lightning","Streamline+1","Beam Cell","Consume+1","Conserve Battery","Storm+1","Creative AI","Storm","Loop","Conserve Battery","Conserve Battery+1","Leap","Chill","Force Field","Amplify+1","Storm+1","Heatsinks+1","Force Field","Finesse","Conserve Battery","Self Repair+1","Reinforced Body+1","Machine Learning+1","Loop","Coolheaded+1","Heatsinks","Steam","Hologram"],"special_seed":0,"relics":["Cracked Core","Incense Burner","Dead Branch","Mummified Hand","Dodecahedron","Sozu","Potion Belt","PreservedInsect","Ancient Tea Set","Anchor","Shuriken","Coffee Dripper","Blood Vial","War Paint","Gremlin Horn","Prayer Wheel","Lantern","Old Coin","Pantograph","Symbiotic Virus"],"potions_floor_usage":[],"damage_taken":[{"damage":0.0,"enemies":"Small Slimes","floor":1.0,"turns":3.0},{"damage":0.0,"enemies":"2 Louse","floor":2.0,"turns":3.0},{"damage":2.0,"enemies":"Jaw Worm","floor":4.0,"turns":2.0},{"damage":11.0,"enemies":"Blue Slaver","floor":5.0,"turns":3.0},{"damage":25.0,"enemies":"Lagavulin","floor":6.0,"turns":4.0},{"damage":2.0,"enemies":"2 Fungi Beasts","floor":10.0,"turns":3.0},{"damage":13.0,"enemies":"Gremlin Nob","floor":11.0,"turns":3.0},{"damage":0.0,"enemies":"3 Sentries","floor":13.0,"turns":1.0},{"damage":0.0,"enemies":"3 Louse","floor":14.0,"turns":3.0},{"damage":30.0,"enemies":"Hexaghost","floor":16.0,"turns":9.0},{"damage":0.0,"enemies":"Spheric Guardian","floor":18.0,"turns":3.0},{"damage":35.0,"enemies":"2 Thieves","floor":22.0,"turns":4.0},{"damage":24.0,"enemies":"Slavers","floor":23.0,"turns":4.0},{"damage":36.0,"enemies":"Gremlin Leader","floor":25.0,"turns":4.0},{"damage":19.0,"enemies":"Snake Plant","floor":28.0,"turns":4.0},{"damage":0.0,"enemies":"Centurion and Healer","floor":29.0,"turns":5.0},{"damage":0.0,"enemies":"Slavers","floor":30.0,"turns":4.0},{"damage":28.0,"enemies":"Automaton","floor":33.0,"turns":8.0},{"damage":0.0,"enemies":"Orb Walker","floor":35.0,"turns":3.0},{"damage":23.0,"enemies":"3 Shapes","floor":37.0,"turns":4.0},{"damage":27.0,"enemies":"Transient","floor":39.0,"turns":5.0},{"damage":10.0,"enemies":"Giant Head","floor":40.0,"turns":6.0},{"damage":13.0,"enemies":"Reptomancer","floor":42.0,"turns":4.0},{"damage":16.0,"enemies":"Nemesis","floor":44.0,"turns":5.0},{"damage":0.0,"enemies":"Reptomancer","floor":47.0,"turns":3.0},{"damage":9.0,"enemies":"2 Orb Walkers","floor":48.0,"turns":3.0},{"damage":57.0,"enemies":"Time Eater","floor":50.0,"turns":10.0},{"damage":56.0,"enemies":"Shield and Spear","floor":54.0,"turns":3.0},{"damage":61,"enemies":"The Heart","floor":55,"turns":5}],"seed_played":"-2812926338727857700","potions_obtained":[{"floor":2.0,"key":"Regen Potion"},{"floor":10.0,"key":"SmokeBomb"},{"floor":11.0,"key":"Block Potion"}],"is_trial":false,"path_per_floor":["M","M","?","M","M","E","R","$","T","M","E","?","E","M","R","B",null,"M","?","$","?","M","E","?","E","T","R","M","M","E","?","R","B",null,"M","$","M","?","M","E","R","E","T","E","R","$","E","?","R","B",null,"R","$","E","B",null],"character_chosen":"DEFECT","items_purchased":["Loop","PreservedInsect","Heatsinks","Force Field","Loop","Pantograph","Heatsinks","Steam","Hologram"],"campfire_rested":2,"item_purchase_floors":[20,20,36,36,46,53,53,53,53],"current_hp_per_floor":[75,75,75,73,62,46,46,46,46,44,31,20,20,20,42,12,75,75,75,75,75,40,16,41,41,41,41,22,22,22,22,44,16,75,75,75,52,52,52,52,52,51,51,47,47,47,59,62,62,17,75,75,75,39,5],"gold":37,"neow_bonus":"ONE_RARE_RELIC","is_prod":false,"is_daily":false,"chose_seed":false,"campfire_upgraded":5,"win_rate":0,"timestamp":1566166804,"path_taken":["M","M","?","M","M","E","R","$","T","M","E","?","E","M","R","BOSS","M","?","$","?","M","E","?","E","T","R","M","?","E","?","R","BOSS","M","$","M","?","M","E","R","E","T","E","R","?","E","?","R","BOSS","R","$","E","BOSS"],"build_version":"2019-07-17","purchased_purges":1,"victory":true,"max_hp_per_floor":[75,75,75,75,75,75,75,75,75,75,75,75,75,75,75,75,75,75,75,75,75,75,75,75,75,75,75,75,75,75,75,75,75,75,75,75,75,75,75,75,75,75,75,75,75,75,75,75,75,75,75,75,75,75,75],"card_choices":[{"not_picked":["Leap","Doom and Gloom"],"picked":"Ball Lightning","floor":1.0},{"not_picked":["Darkness","Turbo"],"picked":"Ball Lightning","floor":2.0},{"not_picked":["Force Field","Static Discharge"],"picked":"Streamline","floor":4.0},{"not_picked":["Ball Lightning","Cold Snap"],"picked":"Beam Cell","floor":5.0},{"not_picked":["Barrage","Stack","Steam"],"picked":"SKIP","floor":6.0},{"not_picked":["Compile Driver","Rip and Tear"],"picked":"Consume","floor":10.0},{"not_picked":["Auto Shields","Rip and Tear"],"picked":"Conserve Battery","floor":11.0},{"not_picked":["Genetic Algorithm","Turbo"],"picked":"Storm","floor":14.0},{"not_picked":["All For One","Biased Cognition"],"picked":"Creative AI","floor":16.0},{"not_picked":["Stack+1","Cold Snap+1"],"picked":"Storm","floor":18.0},{"not_picked":["Rebound","Compile Driver","Streamline"],"picked":"SKIP","floor":22.0},{"not_picked":["Doom and Gloom+1","Chill"],"picked":"Conserve Battery","floor":23.0},{"not_picked":["Leap+1","Chaos+1"],"picked":"Conserve Battery+1","floor":25.0},{"not_picked":["Beam Cell","Redo"],"picked":"Leap","floor":28.0},{"not_picked":["Melter","Steam"],"picked":"Chill","floor":29.0},{"not_picked":["Cold Snap","Stack+1"],"picked":"Force Field","floor":30.0},{"not_picked":["Seek","Rainbow"],"picked":"Amplify","floor":33.0},{"not_picked":["Melter+1","Sweeping Beam"],"picked":"Storm+1","floor":35.0},{"not_picked":["Rebound","Cold Snap","Turbo+1"],"picked":"SKIP","floor":37.0},{"not_picked":["Swift Strike","Dark Shackles"],"picked":"Finesse","floor":38.0},{"not_picked":["Melter","Redo+1"],"picked":"Conserve Battery","floor":39.0},{"not_picked":["Loop","Beam Cell+1"],"picked":"Self Repair+1","floor":40.0},{"not_picked":["Ball Lightning+1","Scrape+1"],"picked":"Reinforced Body+1","floor":42.0},{"not_picked":["Sweeping Beam+1","Reprogram+1"],"picked":"Machine Learning","floor":44.0},{"not_picked":["Leap","Beam Cell+1","Barrage"],"picked":"SKIP","floor":47.0},{"not_picked":["Double Energy","Beam Cell+1"],"picked":"Coolheaded+1","floor":48.0},{"not_picked":["Reprogram+1","Conserve Battery+1","Barrage"],"picked":"SKIP","floor":54.0}],"player_experience":457643,"relics_obtained":[{"floor":6.0,"key":"Dead Branch"},{"floor":9.0,"key":"Mummified Hand"},{"floor":11.0,"key":"Dodecahedron"},{"floor":23.0,"key":"Ancient Tea Set"},{"floor":25.0,"key":"Anchor"},{"floor":30.0,"key":"Shuriken"},{"floor":40.0,"key":"Blood Vial"},{"floor":42.0,"key":"War Paint"},{"floor":43.0,"key":"Gremlin Horn"},{"floor":44.0,"key":"Prayer Wheel"},{"floor":47.0,"key":"Lantern"},{"floor":48.0,"key":"Old Coin"},{"floor":54.0,"key":"Symbiotic Virus"}],"event_choices":[{"cards_removed":["Strike_B"],"damage_healed":0.0,"max_hp_gain":0.0,"max_hp_loss":0.0,"gold_gain":0.0,"event_name":"Living Wall","player_choice":"Forget","floor":3.0,"gold_loss":0.0,"damage_taken":0.0},{"damage_healed":0.0,"max_hp_gain":0.0,"max_hp_loss":0.0,"gold_gain":75.0,"event_name":"World of Goop","player_choice":"Gather Gold","floor":12.0,"gold_loss":0.0,"damage_taken":11.0},{"damage_healed":0.0,"max_hp_gain":0.0,"max_hp_loss":0.0,"gold_gain":0.0,"event_name":"Addict","player_choice":"Obtained Relic","floor":19.0,"gold_loss":85.0,"damage_taken":0.0,"relics_obtained":["Potion Belt"]},{"damage_healed":0.0,"max_hp_gain":0.0,"max_hp_loss":0.0,"gold_gain":0.0,"event_name":"Vampires","player_choice":"Ignored","floor":21.0,"gold_loss":0.0,"damage_taken":0.0},{"damage_healed":25.0,"max_hp_gain":0.0,"max_hp_loss":0.0,"gold_gain":0.0,"event_name":"The Library","player_choice":"Heal","floor":24.0,"gold_loss":0.0,"damage_taken":0.0},{"damage_healed":0.0,"max_hp_gain":0.0,"max_hp_loss":0.0,"gold_gain":0.0,"event_name":"Masked Bandits","player_choice":"Paid Fearfully","floor":31.0,"gold_loss":135.0,"damage_taken":0.0},{"damage_healed":0.0,"max_hp_gain":0.0,"max_hp_loss":0.0,"gold_gain":0.0,"event_name":"SensoryStone","player_choice":"Memory 1","floor":38.0,"gold_loss":0.0,"damage_taken":0.0},{"damage_healed":0.0,"max_hp_gain":0.0,"max_hp_loss":0.0,"gold_gain":0.0,"event_name":"Mysterious Sphere","player_choice":"Fight","floor":48.0,"gold_loss":0.0,"damage_taken":0.0}],"is_beta":false,"boss_relics":[{"not_picked":["Cursed Key","White Beast Statue"],"picked":"Sozu"},{"not_picked":["FrozenCore","Orrery"],"picked":"Coffee Dripper"}],"items_purged_floors":[8],"is_endless":false,"potions_floor_spawned":[2,10,11,13,23,28,29,37,42,47,48,54],"ascension_level":3}