{"gold_per_floor":[117,117,133,10,26,26,26,46,46,46,62,62,123,137,137,137],"floor_reached":16,"playtime":378,"items_purged":["Strike_G"],"score":161,"play_id":"8eefa171-34b8-495a-afa6-7f6692f0579a","local_time":"20180712201553","is_ascension_mode":true,"campfire_choices":[{"data":"Cloak And Dagger","floor":6,"key":"SMITH"},{"data":"Cloak And Dagger","floor":10,"key":"SMITH"},{"data":"Leg Sweep","floor":15,"key":"SMITH"}],"neow_cost":"NONE","seed_source_timestamp":241398571624057,"circlet_count":0,"master_deck":["Defend_G","Defend_G","Defend_G","Defend_G","Defend_G","Strike_G","Strike_G","Strike_G","Strike_G","Survivor","Neutralize+1","AscendersBane","Cloak And Dagger+1","Dagger Spray","Cloak And Dagger+1","Parasite","Leg Sweep+1","Quick Slash","Dagger Throw","Backflip"],"relics":["Philosopher\u0027s Stone","Gremlin Horn","Ornamental Fan"],"potions_floor_usage":[13],"damage_taken":[{"damage":3,"enemies":"2 Louse","floor":1,"turns":3},{"damage":7,"enemies":"Jaw Worm","floor":3,"turns":4},{"damage":0,"enemies":"Cultist","floor":5,"turns":4},{"damage":2,"enemies":"Exordium Thugs","floor":8,"turns":6},{"damage":0,"enemies":"Blue Slaver","floor":11,"turns":4},{"damage":20,"enemies":"Gremlin Nob","floor":13,"turns":5},{"damage":1,"enemies":"Looter","floor":14,"turns":3},{"damage":17,"enemies":"The Guardian","floor":16,"turns":8}],"seed_played":"-8377227749802046709","potions_obtained":[{"floor":3,"key":"EssenceOfSteel"},{"floor":8,"key":"Explosive Potion"},{"floor":13,"key":"Dexterity Potion"}],"is_trial":false,"path_per_floor":["M","?","M","$","M","R","?","M","T","R","M","?","?","M","R"],"character_chosen":"THE_SILENT","items_purchased":["Cloak And Dagger"],"campfire_rested":0,"item_purchase_floors":[4],"current_hp_per_floor":[56,56,49,49,49,49,65,63,63,63,63,63,43,42,42,25],"gold":137,"neow_bonus":"BOSS_RELIC","is_prod":false,"is_daily":false,"chose_seed":false,"campfire_upgraded":3,"win_rate":0,"timestamp":1531451753,"path_taken":["M","?","M","$","?","R","?","M","T","R","?","?","?","M","R","BOSS"],"build_version":"2018-07-12","purchased_purges":1,"victory":false,"max_hp_per_floor":[66,66,66,66,66,66,66,66,66,66,66,66,66,66,66,66],"card_choices":[{"not_picked":["Outmaneuver","Dagger Throw"],"picked":"Cloak And Dagger","floor":1},{"not_picked":["Underhanded Strike","Prepared"],"picked":"Dagger Spray","floor":3},{"not_picked":["Quick Slash","Distraction"],"picked":"Leg Sweep","floor":8},{"not_picked":["Outmaneuver","Slice"],"picked":"Quick Slash","floor":11},{"not_picked":["Deadly Poison","Heel Hook"],"picked":"Dagger Throw","floor":13},{"not_picked":["Flying Knee","Masterful Stab"],"picked":"Backflip","floor":14}],"player_experience":615402,"relics_obtained":[{"floor":9,"key":"Gremlin Horn"},{"floor":13,"key":"Ornamental Fan"}],"event_choices":[{"event_name":"Living Wall","player_choice":"Grow","floor":2,"damage_taken":0},{"event_name":"Mushrooms","player_choice":"Healed and dodged fight","floor":7,"damage_taken":0},{"event_name":"The Cleric","player_choice":"Leave","floor":12,"damage_taken":0},{"event_name":"Dead Adventurer","player_choice":"Searched \u00271\u0027 times","floor":13,"damage_taken":0}],"boss_relics":[],"items_purged_floors":[4],"is_endless":false,"potions_floor_spawned":[3,8,11,13,13],"killed_by":"The Guardian","ascension_level":15}