{"path_per_floor":["M","$","M","M","?","E","R","M","T","M","M","?","E","$","R"],"character_chosen":"THE_SILENT","items_purchased":["Frozen Egg 2","Footwork","Dodge and Roll"],"gold_per_floor":[367,33,47,65,65,94,94,106,153,168,183,358,383,178,178,178],"floor_reached":16,"campfire_rested":2,"playtime":2402,"current_hp_per_floor":[68,68,68,66,66,18,39,33,33,30,30,30,21,21,42,0],"items_purged":["Doubt","Doubt"],"gold":178,"score":129,"play_id":"8686103e-43ac-476e-ad4e-5efc0333b994","local_time":"20180514222759","is_prod":false,"is_daily":false,"chose_seed":false,"is_ascension_mode":true,"campfire_upgraded":0,"timestamp":1526329679,"path_taken":["M","$","M","M","?","E","R","M","T","M","M","?","E","$","R","BOSS"],"build_version":"2018-05-10","seed_source_timestamp":474289561855232,"purchased_purges":2,"victory":false,"master_deck":["Defend_G","Defend_G","Defend_G","Defend_G","Defend_G","Strike_G","Strike_G+1","Strike_G","Strike_G","Strike_G","Survivor","Neutralize+1","Dagger Spray+1","Sucker Punch","Slice","Blur","Dash","Footwork+1","Dodge and Roll"],"max_hp_per_floor":[70,70,70,70,70,70,70,70,70,70,70,70,72,72,72,72],"relics":["Ring of the Snake","Frozen Egg 2","Tough Bandages","Singing Bowl","Whetstone"],"card_choices":[{"not_picked":["Poisoned Stab","Endless Agony"],"picked":"Dagger Spray","floor":1},{"not_picked":["Acrobatics","Accuracy"],"picked":"Sucker Punch","floor":4},{"not_picked":["Prepared","Skewer"],"picked":"Slice","floor":8},{"not_picked":["Riddle With Holes","Sucker Punch"],"picked":"Blur","floor":10},{"not_picked":["Outmaneuver","Dagger Throw"],"picked":"Dash","floor":11}],"player_experience":183760,"potions_floor_usage":[6,16],"damage_taken":[{"damage":2,"enemies":"Small Slimes","floor":1,"turns":4},{"damage":0,"enemies":"Cultist","floor":3,"turns":4},{"damage":2,"enemies":"Jaw Worm","floor":4,"turns":5},{"damage":48,"enemies":"Lagavulin","floor":6,"turns":12},{"damage":6,"enemies":"Blue Slaver","floor":8,"turns":4},{"damage":3,"enemies":"Exordium Thugs","floor":10,"turns":5},{"damage":0,"enemies":"Exordium Wildlife","floor":11,"turns":5},{"damage":11,"enemies":"3 Sentries","floor":13,"turns":8},{"damage":54,"enemies":"Hexaghost","floor":16,"turns":19}],"event_choices":[{"event_name":"Accursed Blacksmith","player_choice":"Forge","floor":5,"damage_taken":0},{"event_name":"Liars Game","player_choice":"agreed","floor":12,"damage_taken":0}],"boss_relics":[],"potions_floor_spawned":[1,4,13],"seed_played":"3140062887684291927","killed_by":"Hexaghost","ascension_level":3,"is_trial":false}