{"gold_per_floor":[119,138,150,170,78,109,109,122,196,251,251,266,296,315,315,411,411,429,439,71,103,113,113],"floor_reached":23,"playtime":1814,"items_purged":[],"score":205,"play_id":"000ca327-7c65-46d1-a7d7-4b98f6fc7052","local_time":"20190820061739","is_ascension_mode":false,"campfire_choices":[{"data":"Bandage Up","floor":7,"key":"SMITH"},{"floor":15,"key":"REST"}],"neow_cost":"NONE","seed_source_timestamp":333547619077700,"circlet_count":0,"master_deck":["Strike_G","Strike_G","Strike_G","Strike_G","Strike_G","Defend_G","Defend_G","Defend_G","Defend_G+1","Defend_G","Survivor","Neutralize","Flying Knee","Acrobatics","Acrobatics","Flying Knee+1","Bandage Up+1","Reflex","Acrobatics","Underhanded Strike","Noxious Fumes","Dagger Spray","Sucker Punch","Envenom","Escape Plan+1","Caltrops","Infinite Blades","Backstab","PiercingWail"],"relics":["Ring of the Snake","NeowsBlessing","Mercury Hourglass","Question Card","Shovel","Orichalcum","Runic Pyramid","FossilizedHelix","Red Mask"],"potions_floor_usage":[12,13,13,23,23],"damage_taken":[{"damage":0,"enemies":"Small Slimes","floor":1,"turns":1},{"damage":0,"enemies":"2 Louse","floor":2,"turns":1},{"damage":0,"enemies":"Jaw Worm","floor":3,"turns":1},{"damage":4,"enemies":"3 Louse","floor":4,"turns":6},{"damage":25,"enemies":"Lagavulin","floor":6,"turns":9},{"damage":6,"enemies":"Lots of Slimes","floor":8,"turns":3},{"damage":32,"enemies":"Lagavulin Event","floor":10,"turns":9},{"damage":0,"enemies":"Looter","floor":12,"turns":2},{"damage":4,"enemies":"3 Sentries","floor":13,"turns":4},{"damage":10,"enemies":"3 Louse","floor":14,"turns":3},{"damage":25,"enemies":"Hexaghost","floor":16,"turns":11},{"damage":13,"enemies":"3 Byrds","floor":18,"turns":4},{"damage":7,"enemies":"Chosen","floor":19,"turns":5},{"damage":37,"enemies":"Masked Bandits","floor":21,"turns":4},{"damage":14,"enemies":"Snake Plant","floor":22,"turns":5},{"damage":23,"enemies":"Book of Stabbing","floor":23,"turns":5}],"seed_played":"5989162163453618793","potions_obtained":[{"floor":6,"key":"Explosive Potion"},{"floor":8,"key":"Energy Potion"},{"floor":10,"key":"EssenceOfSteel"},{"floor":19,"key":"AttackPotion"},{"floor":22,"key":"SpeedPotion"}],"is_trial":false,"path_per_floor":["M","M","M","M","$","E","R","M","T","?","?","M","E","M","R","B",null,"M","M","$","?","M","E"],"character_chosen":"THE_SILENT","items_purchased":["Bandage Up","Infinite Blades","FossilizedHelix"],"campfire_rested":1,"item_purchase_floors":[5,20,20],"current_hp_per_floor":[70,70,70,66,66,45,45,45,45,19,5,11,13,9,30,11,70,57,56,56,25,17,0],"gold":113,"neow_bonus":"THREE_ENEMY_KILL","is_prod":false,"is_daily":false,"chose_seed":false,"campfire_upgraded":1,"win_rate":0.0,"timestamp":1566307059,"path_taken":["M","M","M","M","$","E","R","M","T","?","?","M","E","M","R","BOSS","M","M","$","?","M","E"],"build_version":"2019-07-17","purchased_purges":0,"victory":false,"max_hp_per_floor":[70,70,70,70,70,70,70,70,70,70,70,70,70,70,70,70,70,70,70,70,70,70,70],"card_choices":[{"not_picked":["Underhanded Strike","Acrobatics"],"picked":"Flying Knee","floor":1},{"not_picked":["PiercingWail","Flechettes"],"picked":"Acrobatics","floor":2},{"not_picked":["Outmaneuver","Deadly Poison"],"picked":"Acrobatics","floor":3},{"not_picked":["Underhanded Strike","Prepared"],"picked":"Flying Knee","floor":4},{"not_picked":["Deadly Poison","Blur"],"picked":"Reflex","floor":6},{"not_picked":["Dagger Spray","Predator"],"picked":"Acrobatics","floor":8},{"not_picked":["Leg Sweep","Quick Slash","Skewer"],"picked":"Underhanded Strike","floor":10},{"not_picked":["Backflip","Predator","Outmaneuver"],"picked":"Noxious Fumes","floor":12},{"not_picked":["PiercingWail","All Out Attack","Quick Slash"],"picked":"Dagger Spray","floor":13},{"not_picked":["Phantasmal Killer","Flechettes","Finisher"],"picked":"Sucker Punch","floor":14},{"not_picked":["Phantasmal Killer","Night Terror","Wraith Form v2"],"picked":"Envenom","floor":16},{"not_picked":["Dash+1","Deadly Poison","Dagger Spray"],"picked":"Escape Plan+1","floor":18},{"not_picked":["Sucker Punch","Predator+1","Deadly Poison+1"],"picked":"Caltrops","floor":19},{"not_picked":["Outmaneuver","Sucker Punch+1","Dodge and Roll+1"],"picked":"Backstab","floor":21},{"not_picked":["Outmaneuver","Deflect","Deadly Poison"],"picked":"PiercingWail","floor":22}],"player_experience":27681,"relics_obtained":[{"floor":6,"key":"Mercury Hourglass"},{"floor":9,"key":"Question Card"},{"floor":10,"key":"Shovel"},{"floor":13,"key":"Orichalcum"},{"floor":21,"key":"Red Mask"}],"event_choices":[{"damage_healed":0,"gold_gain":0,"player_choice":"Searched \u00271\u0027 times","damage_taken":0,"max_hp_gain":0,"max_hp_loss":0,"event_name":"Dead Adventurer","floor":10,"gold_loss":0},{"damage_healed":0,"gold_gain":0,"player_choice":"Entered Light","damage_taken":14,"max_hp_gain":0,"max_hp_loss":0,"event_name":"Shining Light","floor":11,"gold_loss":0,"cards_upgraded":["Flying Knee","Defend_G"]},{"damage_healed":0,"gold_gain":0,"player_choice":"Fought Bandits","damage_taken":0,"max_hp_gain":0,"max_hp_loss":0,"event_name":"Masked Bandits","floor":21,"gold_loss":0}],"is_beta":false,"boss_relics":[{"not_picked":["Busted Crown","Coffee Dripper"],"picked":"Runic Pyramid"}],"items_purged_floors":[],"is_endless":false,"potions_floor_spawned":[6,8,10,19,22],"killed_by":"Book of Stabbing","ascension_level":0}