{"gold_per_floor":[119,44,59,59,59,59,102,127,127,127,52,68,27,52,52,52],"floor_reached":16,"playtime":341,"items_purged":["Decay"],"score":175,"play_id":"f457e026-1424-4587-827f-67feeac59222","local_time":"20180712110906","is_ascension_mode":true,"campfire_choices":[{"data":"Metallicize","floor":6,"key":"SMITH"},{"data":"Sever Soul","floor":10,"key":"SMITH"},{"floor":15,"key":"REST"}],"neow_cost":"NONE","seed_source_timestamp":228353699159467,"circlet_count":0,"master_deck":["Strike_R","Strike_R","Strike_R","Strike_R","Strike_R","Defend_R","Defend_R","Defend_R","Defend_R","Bash","AscendersBane","Shame","Sever Soul+1","Metallicize+1","Flame Barrier","Flame Barrier","Metallicize"],"relics":["Calling Bell","Anchor","Shuriken","Ice Cream","Golden Idol","GremlinMask","Darkstone Periapt","Strawberry"],"potions_floor_usage":[8,14],"damage_taken":[{"damage":8,"enemies":"Small Slimes","floor":1,"turns":5},{"damage":1,"enemies":"2 Louse","floor":3,"turns":3},{"damage":33,"enemies":"3 Sentries","floor":7,"turns":12},{"damage":3,"enemies":"Cultist","floor":8,"turns":5},{"damage":4,"enemies":"Looter","floor":12,"turns":4},{"damage":0,"enemies":"Blue Slaver","floor":14,"turns":4},{"damage":0,"enemies":"Hexaghost","floor":16,"turns":1}],"seed_played":"-183125943075419323","potions_obtained":[{"floor":7,"key":"Fruit Juice"},{"floor":12,"key":"BloodPotion"},{"floor":14,"key":"Strength Potion"}],"is_trial":false,"path_per_floor":["M","?","M","?","?","R","E","M","T","R","$","M","?","M","R"],"character_chosen":"IRONCLAD","items_purchased":[],"campfire_rested":1,"item_purchase_floors":[],"current_hp_per_floor":[60,60,59,59,59,59,26,28,35,35,35,31,31,39,63,63],"gold":52,"neow_bonus":"BOSS_RELIC","is_prod":false,"is_daily":false,"chose_seed":false,"campfire_upgraded":2,"win_rate":0,"timestamp":1531418946,"path_taken":["M","?","?","?","?","R","E","M","T","R","$","?","?","M","R","BOSS"],"build_version":"2018-07-11","purchased_purges":1,"victory":false,"max_hp_per_floor":[75,75,75,68,68,68,68,73,80,80,80,80,80,80,80,80],"card_choices":[{"not_picked":["Metallicize","Clothesline"],"picked":"Sever Soul","floor":1},{"not_picked":["True Grit","Spot Weakness"],"picked":"Metallicize","floor":3},{"not_picked":["Clothesline","Intimidate"],"picked":"Flame Barrier","floor":7},{"not_picked":["Headbutt","Pommel Strike"],"picked":"Flame Barrier","floor":12},{"not_picked":["Rampage","Thunderclap"],"picked":"Metallicize","floor":14}],"player_experience":607270,"relics_obtained":[{"floor":0,"key":"Anchor"},{"floor":0,"key":"Shuriken"},{"floor":0,"key":"Ice Cream"},{"floor":7,"key":"Darkstone Periapt"},{"floor":9,"key":"Strawberry"}],"event_choices":[{"event_name":"The Cleric","player_choice":"Card Removal","floor":2,"damage_taken":0},{"event_name":"Golden Idol","player_choice":"Lose Max HP","floor":4,"damage_taken":0},{"event_name":"FaceTrader","player_choice":"Trade","floor":5,"damage_taken":0},{"event_name":"World of Goop","player_choice":"Left","floor":13,"damage_taken":0}],"boss_relics":[],"items_purged_floors":[11],"is_endless":false,"potions_floor_spawned":[7,12,14],"killed_by":"Hexaghost","ascension_level":15}