{"gold_per_floor":[113,133,143,68,68,103,103,119,119,32,32,45,45,58,58,131,131,150,168,58,68,84,111,129,129],"floor_reached":25,"playtime":1501,"items_purged":["Regret"],"score":499,"play_id":"ff3c9035-ed75-4c3a-8440-4316cf72c8fc","local_time":"20190828084252","is_ascension_mode":true,"campfire_choices":[{"data":"True Grit","floor":7.0,"key":"SMITH"},{"floor":13.0,"key":"REST"},{"data":"Fiend Fire","floor":15.0,"key":"SMITH"}],"neow_cost":"CURSE","seed_source_timestamp":0,"circlet_count":0,"master_deck":["AscendersBane","Strike_R","Strike_R","Strike_R","Strike_R","Strike_R","Defend_R","Defend_R","Defend_R","Defend_R","Bash+1","Fiend Fire+1","True Grit+1","Pommel Strike","Headbutt","Immolate","Spot Weakness","Evolve","Battle Trance","Carnage","Dark Embrace","Shrug It Off","Juggernaut","Metallicize","Twin Strike","Feed"],"special_seed":0,"relics":["Burning Blood","WarpedTongs","Centennial Puzzle","Happy Flower","Darkstone Periapt","Mark of Pain","Strawberry"],"potions_floor_usage":[25],"damage_taken":[{"damage":2.0,"enemies":"Small Slimes","floor":1.0,"turns":3.0},{"damage":3.0,"enemies":"Cultist","floor":2.0,"turns":4.0},{"damage":5.0,"enemies":"Jaw Worm","floor":3.0,"turns":3.0},{"damage":30.0,"enemies":"3 Sentries","floor":6.0,"turns":9.0},{"damage":18.0,"enemies":"Looter","floor":8.0,"turns":4.0},{"damage":11.0,"enemies":"Exordium Thugs","floor":12.0,"turns":3.0},{"damage":0.0,"enemies":"3 Louse","floor":14.0,"turns":1.0},{"damage":1.0,"enemies":"Slime Boss","floor":16.0,"turns":8.0},{"damage":25.0,"enemies":"3 Byrds","floor":18.0,"turns":5.0},{"damage":6.0,"enemies":"Spheric Guardian","floor":19.0,"turns":3.0},{"damage":26.0,"enemies":"Snake Plant","floor":21.0,"turns":3.0},{"damage":14.0,"enemies":"Centurion and Healer","floor":22.0,"turns":4.0},{"damage":45.0,"enemies":"Book of Stabbing","floor":23.0,"turns":4.0},{"damage":4.0,"enemies":"Cultist and Chosen","floor":24.0,"turns":4.0},{"damage":34,"enemies":"Gremlin Leader","floor":25,"turns":2}],"seed_played":"1047711312266800746","potions_obtained":[{"floor":8.0,"key":"Dexterity Potion"},{"floor":12.0,"key":"Explosive Potion"},{"floor":16.0,"key":"BloodPotion"},{"floor":18.0,"key":"BloodPotion"}],"is_trial":false,"path_per_floor":["M","M","M","$","?","E","R","M","T","$","?","M","R","M","R","B",null,"M","M","?","M","M","E","M","E"],"character_chosen":"IRONCLAD","items_purchased":["Evolve"],"campfire_rested":1,"item_purchase_floors":[10],"current_hp_per_floor":[72,75,75,75,75,51,51,39,39,39,13,8,30,36,36,41,67,66,66,66,64,56,24,26,0],"gold":129,"neow_bonus":"THREE_RARE_CARDS","is_prod":false,"is_daily":false,"chose_seed":false,"campfire_upgraded":2,"win_rate":0,"timestamp":1567006972,"path_taken":["M","M","M","$","?","E","R","?","T","?","?","M","R","M","R","BOSS","M","M","?","M","M","E","M","E"],"build_version":"2019-07-17","purchased_purges":1,"victory":false,"max_hp_per_floor":[75,75,75,75,75,75,75,75,75,75,75,75,75,75,75,75,75,75,75,75,75,75,82,82,82],"card_choices":[{"not_picked":["Brutality","Berserk"],"picked":"Fiend Fire","floor":0.0},{"not_picked":["Wild Strike","Rupture"],"picked":"True Grit","floor":1.0},{"not_picked":["Heavy Blade","Body Slam"],"picked":"Pommel Strike","floor":2.0},{"not_picked":["Thunderclap","Bloodletting"],"picked":"Headbutt","floor":3.0},{"not_picked":["Iron Wave","Wild Strike"],"picked":"Immolate","floor":6.0},{"not_picked":["Perfected Strike","Entrench"],"picked":"Spot Weakness","floor":8.0},{"not_picked":["Hemokinesis","Shrug It Off"],"picked":"Battle Trance","floor":12.0},{"not_picked":["Battle Trance","Intimidate"],"picked":"Carnage","floor":14.0},{"not_picked":["Brutality","Demon Form"],"picked":"Dark Embrace","floor":16.0},{"not_picked":["Sword Boomerang","Flex"],"picked":"Shrug It Off","floor":18.0},{"not_picked":["Body Slam","Evolve"],"picked":"Juggernaut","floor":19.0},{"not_picked":["Entrench","Battle Trance"],"picked":"Metallicize","floor":21.0},{"not_picked":["Shrug It Off","Whirlwind"],"picked":"Twin Strike","floor":22.0},{"not_picked":["Wild Strike","Inflame"],"picked":"Feed","floor":23.0},{"not_picked":["Warcry","Perfected Strike","Entrench"],"picked":"SKIP","floor":24.0}],"player_experience":747594,"relics_obtained":[{"floor":6.0,"key":"Centennial Puzzle"},{"floor":9.0,"key":"Happy Flower"},{"floor":23.0,"key":"Strawberry"}],"event_choices":[{"damage_healed":0.0,"max_hp_gain":0.0,"max_hp_loss":0.0,"gold_gain":0.0,"event_name":"Accursed Blacksmith","player_choice":"Rummage","floor":5.0,"gold_loss":0.0,"damage_taken":0.0,"relics_obtained":["WarpedTongs"],"cards_obtained":["Pain"]},{"damage_healed":0.0,"max_hp_gain":0.0,"max_hp_loss":0.0,"gold_gain":0.0,"event_name":"Scrap Ooze","player_choice":"Success","floor":11.0,"gold_loss":0.0,"damage_taken":26.0,"relics_obtained":["Darkstone Periapt"]},{"cards_removed":["Pain"],"damage_healed":0.0,"max_hp_gain":0.0,"max_hp_loss":0.0,"gold_gain":0.0,"event_name":"Designer","player_choice":"Upgrade and Remove","floor":20.0,"gold_loss":110.0,"damage_taken":0.0,"cards_upgraded":["Bash"]}],"is_beta":false,"boss_relics":[{"not_picked":["Empty Cage","Black Star"],"picked":"Mark of Pain"}],"items_purged_floors":[4],"is_endless":false,"potions_floor_spawned":[8,12,16,18,19],"killed_by":"Gremlin Leader","ascension_level":16}