{"gold_per_floor":[116,127,97,97,117,117,151,151,197,36,49,65,79,110,110,188,188,188,188,65,65,65,65,65,20,20,20,20,20,20,20,20,20,20,20,20,20,20,20,20,20,20,20,20,20,20,20,20,20,20],"floor_reached":50,"playtime":1469,"items_purged":["Strike_R"],"score":1038,"play_id":"7be4f655-e5bd-4485-9dd6-c552251ab41b","local_time":"20180713160522","is_ascension_mode":true,"campfire_choices":[{"data":"Whirlwind","floor":6.0,"key":"SMITH"},{"data":"Demon Form","floor":8.0,"key":"SMITH"},{"data":"Armaments","floor":15.0,"key":"SMITH"},{"floor":23.0,"key":"REST"},{"data":"Demon Form","floor":29.0,"key":"SMITH"},{"floor":32.0,"key":"REST"},{"data":"Armaments","floor":40.0,"key":"SMITH"},{"floor":45.0,"key":"REST"},{"floor":49,"key":"REST"}],"neow_cost":"NONE","seed_source_timestamp":0,"circlet_count":0,"master_deck":["Bash","AscendersBane","Headbutt","Whirlwind+1","Demon Form+1","Iron Wave","Clothesline","Dropkick","Double Tap","Armaments+1","Thunderclap","Intimidate","Demon Form+1","Double Tap","True Grit+1","Shrug It Off","Dual Wield","Shrug It Off","Bludgeon","Shrug It Off","True Grit","Double Tap","Armaments+1","Flex","Havoc","Flex","Havoc","Anger","Shrug It Off","Trip","Heavy Blade+1","Entrench","Shrug It Off"],"special_seed":0,"relics":["Velvet Choker","Bronze Scales","Bag of Preparation","Happy Flower","Ectoplasm","Kunai","Shovel","Pandora\u0027s Box","Torii","Mango","Anchor","Incense Burner"],"potions_floor_usage":[50],"damage_taken":[{"damage":3.0,"enemies":"2 Louse","floor":1.0,"turns":2.0},{"damage":1.0,"enemies":"Cultist","floor":2.0,"turns":3.0},{"damage":4.0,"enemies":"Small Slimes","floor":5.0,"turns":2.0},{"damage":15.0,"enemies":"Lagavulin","floor":7.0,"turns":6.0},{"damage":0.0,"enemies":"2 Fungi Beasts","floor":11.0,"turns":1.0},{"damage":3.0,"enemies":"Lots of Slimes","floor":12.0,"turns":2.0},{"damage":5.0,"enemies":"Exordium Thugs","floor":13.0,"turns":3.0},{"damage":8.0,"enemies":"Gremlin Nob","floor":14.0,"turns":3.0},{"damage":0.0,"enemies":"Slime Boss","floor":16.0,"turns":4.0},{"damage":0.0,"enemies":"2 Thieves","floor":18.0,"turns":1.0},{"damage":0.0,"enemies":"3 Byrds","floor":19.0,"turns":3.0},{"damage":17.0,"enemies":"3 Cultists","floor":21.0,"turns":4.0},{"damage":18.0,"enemies":"Snake Plant","floor":22.0,"turns":3.0},{"damage":4.0,"enemies":"Sentry and Sphere","floor":27.0,"turns":4.0},{"damage":6.0,"enemies":"Slavers","floor":28.0,"turns":4.0},{"damage":3.0,"enemies":"Centurion and Healer","floor":30.0,"turns":3.0},{"damage":40.0,"enemies":"Collector","floor":33.0,"turns":6.0},{"damage":4.0,"enemies":"Flame Bruiser 1 Orb","floor":35.0,"turns":5.0},{"damage":1.0,"floor":36.0,"turns":5.0},{"damage":8.0,"enemies":"Orb Walker","floor":38.0,"turns":4.0},{"damage":0.0,"enemies":"Spire Growth","floor":41.0,"turns":3.0},{"damage":46.0,"enemies":"Giant Head","floor":42.0,"turns":8.0},{"damage":11.0,"enemies":"Sphere and 2 Shapes","floor":44.0,"turns":4.0},{"damage":19.0,"enemies":"Maw","floor":46.0,"turns":5.0},{"damage":40,"enemies":"Time Eater","floor":50,"turns":3}],"seed_played":"79285641284473786","potions_obtained":[{"floor":3.0,"key":"Weak Potion"},{"floor":3.0,"key":"SkillPotion"},{"floor":7.0,"key":"Weak Potion"},{"floor":12.0,"key":"Energy Potion"},{"floor":13.0,"key":"LiquidBronze"},{"floor":14.0,"key":"GamblersBrew"},{"floor":19.0,"key":"SpeedPotion"},{"floor":27.0,"key":"Poison Potion"},{"floor":33.0,"key":"Block Potion"},{"floor":36.0,"key":"Poison Potion"},{"floor":44.0,"key":"SneckoOil"}],"is_trial":false,"path_per_floor":["M","M","?","?","M","R","E","R","T","$","M","M","M","E","R","B",null,"M","M","$","M","M","R","?","$","T","M","E","R","M","$","R","B",null,"M","?","$","M","?","R","M","E","T","M","R","M","?","T","R"],"character_chosen":"IRONCLAD","items_purchased":["Double Tap","Shrug It Off","Shrug It Off"],"campfire_rested":4,"item_purchase_floors":[10,20,25],"current_hp_per_floor":[65,64,64,64,60,60,45,45,45,45,45,42,37,29,29,29,64,64,64,64,47,29,51,51,51,51,47,41,41,38,38,60,20,61,57,56,56,48,48,48,48,16,16,5,31,12,12,12,38,0],"gold":20,"neow_bonus":"BOSS_RELIC","is_prod":false,"is_daily":false,"chose_seed":false,"campfire_upgraded":5,"win_rate":0,"timestamp":1531523122,"path_taken":["M","M","?","?","M","R","E","R","T","$","M","?","M","E","R","BOSS","M","M","$","M","M","R","?","$","T","M","E","R","M","$","R","BOSS","M","?","$","M","?","R","M","E","T","M","R","M","?","?","R","BOSS"],"build_version":"2018-07-12","purchased_purges":1,"victory":false,"max_hp_per_floor":[75,75,75,75,75,75,75,75,75,75,75,75,75,75,75,75,75,75,75,75,75,75,75,75,75,75,75,75,75,75,75,75,75,75,75,75,75,75,75,75,75,89,89,89,89,89,89,89,89,89],"card_choices":[{"not_picked":["Sword Boomerang","Anger"],"picked":"Headbutt","floor":1.0},{"not_picked":["Shockwave","Headbutt"],"picked":"Whirlwind","floor":2.0},{"not_picked":["Power Through","Havoc"],"picked":"Clothesline","floor":5.0},{"not_picked":["Havoc","Second Wind"],"picked":"Dropkick","floor":7.0},{"not_picked":["Twin Strike","Infernal Blade"],"picked":"Armaments","floor":11.0},{"not_picked":["Combust","Feel No Pain"],"picked":"Thunderclap","floor":12.0},{"not_picked":["Iron Wave","Sword Boomerang"],"picked":"Intimidate","floor":13.0},{"not_picked":["Havoc","Anger"],"picked":"Demon Form","floor":14.0},{"not_picked":["Brutality","Barricade"],"picked":"Double Tap","floor":16.0},{"not_picked":["Reckless Charge","Anger"],"picked":"True Grit","floor":18.0},{"not_picked":["Flex","True Grit"],"picked":"Dual Wield","floor":21.0},{"not_picked":["Cleave","Thunderclap+1"],"picked":"Shrug It Off","floor":22.0},{"not_picked":["Cleave+1","Brutality"],"picked":"True Grit","floor":28.0},{"not_picked":["Brutality","Immolate"],"picked":"Double Tap","floor":33.0},{"not_picked":["Secret Weapon","Deep Breath"],"picked":"Trip","floor":39.0},{"not_picked":["Clash","Bloodletting"],"picked":"Heavy Blade+1","floor":41.0},{"not_picked":["Armaments+1","Feed"],"picked":"Entrench","floor":42.0},{"not_picked":["Iron Wave","Infernal Blade+1"],"picked":"Shrug It Off","floor":44.0}],"player_experience":626039,"relics_obtained":[{"floor":7.0,"key":"Bronze Scales"},{"floor":9.0,"key":"Bag of Preparation"},{"floor":14.0,"key":"Happy Flower"},{"floor":26.0,"key":"Kunai"},{"floor":28.0,"key":"Shovel"},{"floor":36.0,"key":"Torii"},{"floor":42.0,"key":"Mango"},{"floor":43.0,"key":"Anchor"},{"floor":48.0,"key":"Incense Burner"}],"event_choices":[{"event_name":"The Woman in Blue","player_choice":"Bought 2 Potions","floor":3.0,"damage_taken":0.0},{"event_name":"Match and Keep!","player_choice":"2 cards matched","floor":4.0,"damage_taken":0.0},{"event_name":"Transmorgrifier","player_choice":"Transform","floor":24.0,"damage_taken":0.0},{"event_name":"MindBloom","player_choice":"Fight","floor":36.0,"damage_taken":0.0},{"event_name":"SensoryStone","player_choice":"Memory 1","floor":39.0,"damage_taken":0.0},{"event_name":"Accursed Blacksmith","player_choice":"Forge","floor":47.0,"damage_taken":0.0}],"boss_relics":[{"not_picked":["Coffee Dripper","Runic Cube"],"picked":"Ectoplasm"},{"not_picked":["Runic Pyramid","Orrery"],"picked":"Pandora\u0027s Box"}],"items_purged_floors":[20],"is_endless":false,"potions_floor_spawned":[7,12,13,14,16,18,19,27,33,36,44,46],"killed_by":"Time Eater","ascension_level":15}