{"gold_per_floor":[110,122,122,80,80,80,123,123,172,186,186,200,223,183],"floor_reached":14,"playtime":231,"items_purged":[],"score":230,"play_id":"1567a71e-5ef2-48f8-92d3-7b671a2c9dad","local_time":"20190125003300","is_ascension_mode":true,"campfire_choices":[{"data":"Beam Cell","floor":6,"key":"SMITH"},{"data":"Dualcast","floor":8,"key":"SMITH"}],"neow_cost":"NONE","seed_source_timestamp":189931844422254,"circlet_count":0,"master_deck":["AscendersBane","Strike_B","Strike_B","Strike_B","Strike_B","Defend_B+1","Defend_B","Defend_B+1","Defend_B","Zap","Dualcast+1","Doom and Gloom","Beam Cell+1","Hello World","Hello World","Loop","Conserve Battery","Beam Cell+1"],"relics":["Cracked Core","NeowsBlessing","Golden Idol","Molten Egg 2","Dream Catcher","Potion Belt"],"potions_floor_usage":[12],"damage_taken":[{"damage":0,"enemies":"Jaw Worm","floor":1,"turns":1},{"damage":0,"enemies":"2 Louse","floor":2,"turns":1},{"damage":0,"enemies":"Lagavulin","floor":7,"turns":1},{"damage":12,"enemies":"Small Slimes","floor":10,"turns":4},{"damage":8,"enemies":"Blue Slaver","floor":12,"turns":4},{"damage":0,"enemies":"Large Slime","floor":13,"turns":5},{"damage":11,"enemies":"Looter","floor":14,"turns":2}],"seed_played":"5512452612125826350","potions_obtained":[{"floor":1,"key":"Dexterity Potion"},{"floor":10,"key":"GamblersBrew"}],"is_trial":false,"path_per_floor":["M","M","?","$","?","R","E","R","T","M","?","M","M","M"],"character_chosen":"DEFECT","items_purchased":["Hello World"],"campfire_rested":0,"item_purchase_floors":[4],"current_hp_per_floor":[64,64,64,64,46,46,46,46,46,34,15,7,7,0],"gold":183,"neow_bonus":"THREE_ENEMY_KILL","is_prod":false,"is_daily":false,"chose_seed":false,"campfire_upgraded":2,"win_rate":0,"timestamp":1548405180,"path_taken":["M","M","?","?","?","R","E","R","T","M","?","M","M","M"],"build_version":"2019-01-23","purchased_purges":0,"victory":false,"max_hp_per_floor":[71,71,64,64,64,64,64,64,64,64,64,64,64,64],"card_choices":[{"not_picked":["Recycle","Turbo"],"picked":"Doom and Gloom","floor":1},{"not_picked":["Doom and Gloom","Sweeping Beam"],"picked":"Beam Cell","floor":2},{"not_picked":["Melter+1","Creative AI"],"picked":"Hello World","floor":7},{"not_picked":["Gash+1","Coolheaded"],"picked":"Loop","floor":10},{"not_picked":["Compile Driver+1","Reinforced Body"],"picked":"Conserve Battery","floor":12},{"not_picked":["Coolheaded","Tempest"],"picked":"Beam Cell+1","floor":13}],"player_experience":1049570,"relics_obtained":[{"floor":7,"key":"Dream Catcher"},{"floor":9,"key":"Potion Belt"}],"event_choices":[{"damage_healed":0,"gold_gain":0,"player_choice":"Lose Max HP","damage_taken":0,"relics_obtained":["Golden Idol"],"max_hp_gain":0,"max_hp_loss":7,"event_name":"Golden Idol","floor":3,"gold_loss":0},{"damage_healed":0,"gold_gain":0,"player_choice":"Success","damage_taken":18,"relics_obtained":["Molten Egg 2"],"max_hp_gain":0,"max_hp_loss":0,"event_name":"Scrap Ooze","floor":5,"gold_loss":0},{"damage_healed":0,"gold_gain":0,"player_choice":"Entered Light","damage_taken":19,"max_hp_gain":0,"max_hp_loss":0,"event_name":"Shining Light","floor":11,"gold_loss":0,"cards_upgraded":["Defend_B","Defend_B"]}],"is_beta":true,"boss_relics":[],"items_purged_floors":[],"is_endless":false,"potions_floor_spawned":[1,10],"killed_by":"Looter","ascension_level":20}