{"gold_per_floor":[118,131,81,55,68,68,97,97,97,97,111,121,141,171,171,271,271,285,64,74,74,173,173,193,193,241,258,258,271,291,38,38,136,136,148,0,0,0,17,17,32,49,49,62,77,29,29,29,29,29],"floor_reached":51,"playtime":3893,"items_purged":["Strike_R","Strike_R"],"score":599,"play_id":"cfde37a6-5822-450b-bc09-3ec38ef0c9bc","local_time":"20190524202528","is_ascension_mode":false,"campfire_choices":[{"data":"Bash","floor":6,"key":"SMITH"},{"data":"Twin Strike","floor":8,"key":"SMITH"},{"floor":15,"key":"REST"},{"data":"Juggernaut","floor":23,"key":"SMITH"},{"data":"Clothesline","floor":25,"key":"SMITH"},{"floor":32,"key":"REST"},{"floor":40,"key":"REST"},{"floor":47,"key":"REST"},{"floor":49,"key":"REST"}],"neow_cost":"","seed_source_timestamp":772408785474372,"circlet_count":0,"master_deck":["Strike_R","Defend_R","Defend_R","Defend_R","Bash+1","Twin Strike+1","Headbutt","Shrug It Off","Shrug It Off","Metallicize","Flame Barrier+1","Dropkick","Juggernaut+1","Offering","Clothesline+1","Inflame+1","Clothesline+1","Inflame","Sword Boomerang+1","Pummel","Juggernaut","Sword Boomerang+1","Madness","Madness","Iron Wave+1","Whirlwind+1","Parasite","Secret Weapon"],"relics":["Burning Blood","Paper Frog","Self Forming Clay","Odd Mushroom","Velvet Choker","Happy Flower","Vajra","War Paint","Busted Crown","Red Mask","Juzu Bracelet"],"potions_floor_usage":[7,13,33,42,50,50,50],"damage_taken":[{"damage":11,"enemies":"Jaw Worm","floor":1,"turns":3},{"damage":2,"enemies":"2 Louse","floor":2,"turns":3},{"damage":0,"enemies":"Small Slimes","floor":5,"turns":3},{"damage":20,"enemies":"Lagavulin","floor":7,"turns":9},{"damage":5,"enemies":"Looter","floor":11,"turns":3},{"damage":9,"enemies":"3 Louse","floor":12,"turns":2},{"damage":12,"enemies":"The Mushroom Lair","floor":13,"turns":5},{"damage":41,"enemies":"The Guardian","floor":16,"turns":12},{"damage":8,"enemies":"Chosen","floor":18,"turns":4},{"damage":13,"enemies":"2 Thieves","floor":20,"turns":3},{"damage":8,"enemies":"Chosen and Byrds","floor":24,"turns":4},{"damage":16,"enemies":"Cultist and Chosen","floor":27,"turns":4},{"damage":6,"enemies":"Centurion and Healer","floor":29,"turns":5},{"damage":6,"enemies":"Snecko","floor":30,"turns":3},{"damage":42,"enemies":"Champ","floor":33,"turns":5},{"damage":24,"enemies":"3 Darklings","floor":35,"turns":4},{"damage":10,"enemies":"Orb Walker","floor":39,"turns":3},{"damage":15,"enemies":"3 Darklings","floor":41,"turns":3},{"damage":0,"enemies":"Transient","floor":42,"turns":5},{"damage":14,"enemies":"4 Shapes","floor":44,"turns":4},{"damage":17,"enemies":"Writhing Mass","floor":45,"turns":5},{"damage":70,"enemies":"Awakened One","floor":50,"turns":9}],"seed_played":"-1513231382582256417","potions_obtained":[{"floor":2,"key":"EssenceOfSteel"},{"floor":11,"key":"Ancient Potion"},{"floor":16,"key":"Energy Potion"},{"floor":20,"key":"LiquidBronze"},{"floor":24,"key":"SteroidPotion"},{"floor":33,"key":"Explosive Potion"},{"floor":35,"key":"EssenceOfSteel"},{"floor":44,"key":"SkillPotion"}],"is_trial":false,"path_per_floor":["M","M","?","$","M","R","E","R","T","?","M","M","?","?","R","B",null,"M","$","M","?","?","R","M","R","T","M","?","M","M","$","R","B",null,"M","?","?","?","M","R","M","M","T","M","M","$","R","?","R","B",null],"character_chosen":"IRONCLAD","items_purchased":["Shrug It Off","Happy Flower","War Paint","PowerPotion"],"campfire_rested":5,"item_purchase_floors":[4,19,31,46],"current_hp_per_floor":[75,79,79,79,80,80,66,66,66,66,67,64,58,58,80,45,80,78,78,71,71,71,71,69,69,69,59,59,59,59,59,80,44,80,62,62,52,52,48,72,63,69,69,61,50,50,74,64,80,16],"gold":29,"neow_bonus":"","is_prod":false,"is_daily":false,"chose_seed":false,"campfire_upgraded":4,"win_rate":0.0,"timestamp":1558743928,"path_taken":["M","M","?","$","M","R","E","R","T","?","M","?","?","?","R","BOSS","M","$","M","?","?","R","M","R","T","M","?","?","M","$","R","BOSS","M","?","?","?","M","R","M","M","T","M","M","$","R","?","R","BOSS"],"build_version":"2019-05-24v2","purchased_purges":2,"victory":true,"max_hp_per_floor":[80,80,80,80,80,80,80,80,80,80,80,80,80,80,80,80,80,80,80,80,80,80,80,80,80,80,80,80,80,80,80,80,80,80,80,80,80,80,80,80,80,80,80,80,80,80,80,80,80,80],"card_choices":[{"not_picked":["Flex","Thunderclap"],"picked":"Twin Strike","floor":1},{"not_picked":["Body Slam","Warcry"],"picked":"Headbutt","floor":2},{"not_picked":["Entrench","True Grit"],"picked":"Shrug It Off","floor":5},{"not_picked":["Infernal Blade","True Grit"],"picked":"Metallicize","floor":7},{"not_picked":["Anger","Carnage"],"picked":"Flame Barrier","floor":11},{"not_picked":["Intimidate","True Grit"],"picked":"Dropkick","floor":12},{"not_picked":["Armaments","Seeing Red"],"picked":"Juggernaut","floor":13},{"not_picked":["Dark Embrace","Bludgeon"],"picked":"Offering","floor":16},{"not_picked":["Rage","Armaments"],"picked":"Clothesline+1","floor":18},{"not_picked":["Perfected Strike","Shrug It Off+1"],"picked":"Inflame+1","floor":20},{"not_picked":["Sword Boomerang","Rage"],"picked":"Clothesline","floor":24},{"not_picked":["Searing Blow","Burning Pact","Rampage"],"picked":"SKIP","floor":27},{"not_picked":["Shrug It Off","Fire Breathing"],"picked":"Sword Boomerang+1","floor":29},{"not_picked":["Iron Wave","Shrug It Off"],"picked":"Pummel","floor":30},{"not_picked":["Fiend Fire","Berserk"],"picked":"Juggernaut","floor":33},{"not_picked":[],"picked":"Sword Boomerang+1","floor":35},{"not_picked":[],"picked":"Iron Wave+1","floor":39},{"not_picked":["Thunderclap+1"],"picked":"SKIP","floor":41},{"not_picked":["Thunderclap"],"picked":"SKIP","floor":42},{"not_picked":[],"picked":"Whirlwind+1","floor":44},{"not_picked":["Twin Strike+1"],"picked":"SKIP","floor":45},{"not_picked":[],"picked":"Secret Weapon","floor":48}],"player_experience":390420,"relics_obtained":[{"floor":7,"key":"Paper Frog"},{"floor":9,"key":"Self Forming Clay"},{"floor":13,"key":"Odd Mushroom"},{"floor":26,"key":"Vajra"},{"floor":43,"key":"Juzu Bracelet"}],"event_choices":[{"cards_removed":["Strike_R"],"damage_healed":0,"gold_gain":0,"player_choice":"Card Removal","damage_taken":0,"max_hp_gain":0,"max_hp_loss":0,"event_name":"The Cleric","floor":3,"gold_loss":50},{"damage_healed":0,"gold_gain":0,"player_choice":"Ignored","damage_taken":0,"max_hp_gain":0,"max_hp_loss":0,"event_name":"Golden Idol","floor":10,"gold_loss":0},{"damage_healed":0,"gold_gain":0,"player_choice":"Fought Mushrooms","damage_taken":0,"max_hp_gain":0,"max_hp_loss":0,"event_name":"Mushrooms","floor":13,"gold_loss":0},{"damage_healed":0,"gold_gain":30,"player_choice":"Searched \u00271\u0027 times","damage_taken":0,"max_hp_gain":0,"max_hp_loss":0,"event_name":"Dead Adventurer","floor":14,"gold_loss":0},{"damage_healed":0,"gold_gain":0,"player_choice":"Ignored","damage_taken":0,"max_hp_gain":0,"max_hp_loss":0,"event_name":"Ghosts","floor":21,"gold_loss":0},{"damage_healed":0,"gold_gain":99,"player_choice":"Stole From Cult","damage_taken":0,"max_hp_gain":0,"max_hp_loss":0,"event_name":"Nest","floor":22,"gold_loss":0},{"damage_healed":0,"gold_gain":0,"cards_transformed":["Strike_R"],"player_choice":"Transformed","damage_taken":0,"max_hp_gain":0,"max_hp_loss":0,"event_name":"Transmorgrifier","floor":28,"gold_loss":0,"cards_obtained":["Inflame"]},{"damage_healed":0,"gold_gain":0,"player_choice":"Paid","damage_taken":0,"relics_obtained":["Red Mask"],"max_hp_gain":0,"max_hp_loss":0,"event_name":"Tomb of Lord Red Mask","floor":36,"gold_loss":148},{"damage_healed":0,"gold_gain":0,"player_choice":"Embrace Madness","damage_taken":10,"max_hp_gain":0,"max_hp_loss":0,"event_name":"Winding Halls","floor":37,"gold_loss":0,"cards_obtained":["Madness","Madness"]},{"cards_removed":["Defend_R"],"damage_healed":0,"gold_gain":0,"player_choice":"Removed Skill","damage_taken":0,"max_hp_gain":0,"max_hp_loss":0,"event_name":"Falling","floor":38,"gold_loss":0},{"damage_healed":0,"gold_gain":0,"player_choice":"Memory 3","damage_taken":10,"max_hp_gain":0,"max_hp_loss":0,"event_name":"SensoryStone","floor":48,"gold_loss":0}],"is_beta":true,"boss_relics":[{"not_picked":["Astrolabe","Black Blood"],"picked":"Velvet Choker"},{"not_picked":["Philosopher\u0027s Stone","Lizard Tail"],"picked":"Busted Crown"}],"items_purged_floors":[19,31],"is_endless":false,"potions_floor_spawned":[2,11,16,20,24,33,35,44,45],"ascension_level":0}