{"gold_per_floor":[113,113,263,278,68,102,102,8,8,8,35,47,87,114,126,214,226],"floor_reached":17,"playtime":293,"items_purged":["Doubt"],"score":376,"play_id":"39e76e8d-c72f-43ca-9c58-5fb1ecbb7a47","local_time":"20190707010120","is_ascension_mode":true,"campfire_choices":[{"data":"Zap","floor":7,"key":"SMITH"},{"data":"Dualcast","floor":12,"key":"SMITH"},{"data":"Hologram","floor":15,"key":"SMITH"}],"neow_cost":"NONE","seed_source_timestamp":15600763124920,"circlet_count":0,"master_deck":["AscendersBane","Strike_B","Strike_B","Strike_B","Strike_B","Defend_B","Defend_B","Defend_B","Defend_B","Zap+1","Dualcast+1","Melter","FTL","Conserve Battery","Core Surge","Ball Lightning","Melter","Undo","Hologram+1","Cold Snap","Rainbow"],"relics":["Cracked Core","NeowsBlessing","Orichalcum","Bag of Marbles","MawBank","Art of War","Velvet Choker"],"potions_floor_usage":[16,16],"damage_taken":[{"damage":0,"enemies":"Jaw Worm","floor":1,"turns":1},{"damage":0,"enemies":"Small Slimes","floor":4,"turns":1},{"damage":0,"enemies":"Gremlin Nob","floor":6,"turns":1},{"damage":0,"enemies":"2 Louse","floor":11,"turns":1},{"damage":18,"enemies":"3 Sentries","floor":13,"turns":6},{"damage":0,"enemies":"Blue Slaver","floor":14,"turns":1},{"damage":8,"enemies":"Hexaghost","floor":16,"turns":11}],"seed_played":"1584591553986504240","potions_obtained":[{"floor":4,"key":"Dexterity Potion"},{"floor":6,"key":"EssenceOfSteel"},{"floor":16,"key":"EssenceOfSteel"}],"is_trial":false,"path_per_floor":["M","?","?","M","$","E","R","$","T","?","M","R","E","M","R","B",null],"character_chosen":"DEFECT","items_purchased":["FTL","Conserve Battery","Ball Lightning","Melter"],"campfire_rested":0,"item_purchase_floors":[5,5,8,8],"current_hp_per_floor":[64,69,69,69,69,69,69,69,69,43,43,43,25,25,25,17,61],"gold":226,"neow_bonus":"THREE_ENEMY_KILL","is_prod":false,"is_daily":false,"chose_seed":false,"campfire_upgraded":3,"win_rate":0,"timestamp":1562486480,"path_taken":["M","?","?","M","$","E","R","$","T","?","M","R","E","M","R","BOSS"],"build_version":"2019-07-03","purchased_purges":1,"victory":false,"max_hp_per_floor":[71,76,76,76,76,76,76,76,76,76,76,76,76,76,76,76,76],"card_choices":[{"not_picked":["Compile Driver","Hologram"],"picked":"Melter","floor":4},{"not_picked":["Aggregate","Leap"],"picked":"Core Surge","floor":6},{"not_picked":["Aggregate","Streamline"],"picked":"Undo","floor":11},{"not_picked":["Gash","Compile Driver"],"picked":"Hologram","floor":13},{"not_picked":["Turbo","Blizzard"],"picked":"Cold Snap","floor":14},{"not_picked":["Machine Learning","Thunder Strike"],"picked":"Rainbow","floor":16}],"player_experience":1352428,"relics_obtained":[{"floor":6,"key":"Orichalcum"},{"floor":9,"key":"Bag of Marbles"},{"floor":13,"key":"Art of War"}],"event_choices":[{"damage_healed":0,"gold_gain":0,"player_choice":"Donut","damage_taken":0,"max_hp_gain":5,"max_hp_loss":0,"event_name":"Big Fish","floor":2,"gold_loss":0},{"damage_healed":0,"gold_gain":150,"player_choice":"AGREE","damage_taken":0,"max_hp_gain":0,"max_hp_loss":0,"event_name":"Liars Game","floor":3,"gold_loss":0,"cards_obtained":["Doubt"]},{"damage_healed":0,"gold_gain":0,"player_choice":"Success","damage_taken":26,"relics_obtained":["MawBank"],"max_hp_gain":0,"max_hp_loss":0,"event_name":"Scrap Ooze","floor":10,"gold_loss":0}],"is_beta":true,"boss_relics":[{"not_picked":["Fusion Hammer","Runic Pyramid"],"picked":"Velvet Choker"}],"items_purged_floors":[5],"is_endless":false,"potions_floor_spawned":[4,6,16],"ascension_level":20}