{"gold_per_floor":[109,125,125,47,61,61,77,102,173,198,213,248,248,323,323,425,425,439,474,25,25,37,37,37,37,37,37,65,77,176,3,3,101,101,120,42,52,52],"floor_reached":38,"playtime":1860,"items_purged":["Normality","Strike_G"],"score":457,"play_id":"818c5ce8-c8b4-4ee5-af03-32b9e54f834e","local_time":"20190828061428","is_ascension_mode":true,"campfire_choices":[{"data":"Caltrops","floor":6,"key":"SMITH"},{"floor":13,"key":"REST"},{"floor":15,"key":"REST"},{"floor":23,"key":"REST"},{"data":"Cloak And Dagger","floor":25,"key":"SMITH"},{"floor":27,"key":"REST"},{"floor":32,"key":"REST"}],"neow_cost":"NONE","seed_source_timestamp":80078612429300,"circlet_count":0,"master_deck":["Strike_G+1","Strike_G","Strike_G","Strike_G","Defend_G","Defend_G","Defend_G","Defend_G","Defend_G+1","Survivor","Neutralize","Caltrops+1","Dodge and Roll","Footwork","Cloak And Dagger+1","Noxious Fumes","Poisoned Stab","Backflip","Corpse Explosion","Bouncing Flask+1","Caltrops+1","Accuracy","Crippling Poison","Backflip","Finesse","Regret","Infinite Blades+1","Escape Plan","Infinite Blades","Infinite Blades","Cloak And Dagger+1"],"relics":["Cursed Key","Prayer Wheel","Question Card","Regal Pillow","Centennial Puzzle","WristBlade","Red Mask","Juzu Bracelet","Pen Nib","Vajra","Omamori","Fusion Hammer"],"potions_floor_usage":[7,8,12,22,33,37,38,38],"damage_taken":[{"damage":3,"enemies":"2 Louse","floor":1,"turns":3},{"damage":2,"enemies":"Small Slimes","floor":2,"turns":4},{"damage":0,"enemies":"Jaw Worm","floor":5,"turns":4},{"damage":0,"enemies":"Large Slime","floor":7,"turns":6},{"damage":5,"enemies":"Lagavulin","floor":8,"turns":10},{"damage":8,"enemies":"3 Sentries","floor":10,"turns":12},{"damage":2,"enemies":"Red Slaver","floor":11,"turns":5},{"damage":23,"enemies":"Gremlin Nob","floor":12,"turns":5},{"damage":41,"enemies":"Slime Boss","floor":16,"turns":13},{"damage":27,"enemies":"Spheric Guardian","floor":18,"turns":7},{"damage":40,"enemies":"Masked Bandits","floor":19,"turns":4},{"damage":0,"enemies":"Chosen","floor":22,"turns":4},{"damage":40,"enemies":"Gremlin Leader","floor":28,"turns":6},{"damage":5,"enemies":"Snake Plant","floor":29,"turns":4},{"damage":52,"enemies":"Collector","floor":33,"turns":8},{"damage":19,"enemies":"Orb Walker","floor":35,"turns":4},{"damage":22,"enemies":"3 Darklings","floor":37,"turns":3},{"damage":32,"enemies":"Spire Growth","floor":38,"turns":4}],"seed_played":"-4250153886194339370","potions_obtained":[{"floor":1,"key":"AttackPotion"},{"floor":2,"key":"Energy Potion"},{"floor":5,"key":"LiquidBronze"},{"floor":11,"key":"FearPotion"},{"floor":28,"key":"GamblersBrew"},{"floor":29,"key":"SteroidPotion"},{"floor":33,"key":"Weak Potion"},{"floor":35,"key":"GamblersBrew"}],"is_trial":false,"path_per_floor":["M","M","?","$","M","R","M","E","T","E","M","E","R","?","R","B",null,"M","?","$","?","M","R","?","R","T","R","E","M","?","$","R","B",null,"M","$","M","M"],"character_chosen":"THE_SILENT","items_purchased":["Footwork","Juzu Bracelet","Pen Nib","Crippling Poison","Escape Plan","Infinite Blades"],"campfire_rested":5,"item_purchase_floors":[4,20,20,20,31,36],"current_hp_per_floor":[67,65,51,51,51,51,51,46,46,38,36,13,49,38,70,29,70,43,3,3,3,3,39,39,39,39,70,30,25,25,25,61,9,70,51,51,29,0],"gold":52,"neow_bonus":"BOSS_RELIC","is_prod":false,"is_daily":false,"chose_seed":false,"campfire_upgraded":2,"win_rate":0,"timestamp":1566998068,"path_taken":["M","M","?","$","M","R","M","E","T","E","M","E","R","?","R","BOSS","M","?","$","?","M","R","?","R","T","R","E","M","?","$","R","BOSS","M","$","M","M"],"build_version":"2019-07-17","purchased_purges":2,"victory":false,"max_hp_per_floor":[70,70,70,70,70,70,70,70,70,70,70,70,70,70,70,70,70,70,70,70,70,70,70,70,70,70,70,70,70,70,70,70,70,70,70,70,70,70],"card_choices":[{"not_picked":["Dash","Poisoned Stab"],"picked":"Caltrops","floor":1},{"not_picked":["Masterful Stab","Poisoned Stab"],"picked":"Dodge and Roll","floor":2},{"not_picked":["Crippling Poison","Dagger Throw"],"picked":"Cloak And Dagger","floor":5},{"not_picked":["Sucker Punch","Predator","Flechettes"],"picked":"SKIP","floor":7},{"not_picked":["Prepared","Deadly Poison","Endless Agony"],"picked":"SKIP","floor":8},{"not_picked":["Masterful Stab","All Out Attack","Reflex","Dagger Throw"],"picked":"SKIP","floor":10},{"not_picked":["Well Laid Plans","Catalyst","Concentrate"],"picked":"Noxious Fumes","floor":11},{"not_picked":["Distraction","Dodge and Roll","Underhanded Strike"],"picked":"Poisoned Stab","floor":11},{"not_picked":["Backstab","Unload","Slice"],"picked":"Backflip","floor":12},{"not_picked":["Unload","Burst","Phantasmal Killer"],"picked":"Corpse Explosion","floor":16},{"not_picked":["Crippling Poison","Masterful Stab+1","Well Laid Plans+1"],"picked":"Bouncing Flask+1","floor":18},{"not_picked":["Dagger Spray","Acrobatics+1","Reflex+1"],"picked":"Caltrops+1","floor":18},{"not_picked":["Tactician","Prepared","Flying Knee"],"picked":"Accuracy","floor":19},{"not_picked":["Flying Knee+1","Sucker Punch","Slice+1"],"picked":"Backflip","floor":22},{"not_picked":["Setup","Quick Slash","Deflect","Predator+1"],"picked":"SKIP","floor":22},{"not_picked":["Outmaneuver","Expertise","Flechettes"],"picked":"Infinite Blades+1","floor":28},{"not_picked":["PiercingWail","Eviscerate","Phantasmal Killer","Cloak And Dagger"],"picked":"SKIP","floor":29},{"not_picked":["Acrobatics+1","Reflex","Deflect","Flying Knee+1"],"picked":"SKIP","floor":29},{"not_picked":["Dash+1","Bane+1","Noxious Fumes+1"],"picked":"Infinite Blades","floor":35},{"not_picked":["Flying Knee+1","Finisher+1","Dodge and Roll+1","Underhanded Strike"],"picked":"SKIP","floor":35},{"not_picked":["Backflip+1","Well Laid Plans","Blur+1"],"picked":"Cloak And Dagger+1","floor":37},{"not_picked":["Crippling Poison+1","Dagger Throw","Bane","Terror+1"],"picked":"SKIP","floor":37}],"player_experience":134856,"relics_obtained":[{"floor":8,"key":"Prayer Wheel"},{"floor":9,"key":"Question Card"},{"floor":10,"key":"Regal Pillow"},{"floor":12,"key":"Centennial Puzzle"},{"floor":19,"key":"Red Mask"},{"floor":26,"key":"Vajra"},{"floor":28,"key":"Omamori"}],"event_choices":[{"damage_healed":0,"gold_gain":0,"player_choice":"Entered Light","damage_taken":14,"max_hp_gain":0,"max_hp_loss":0,"event_name":"Shining Light","floor":3,"gold_loss":0,"cards_upgraded":["Strike_G","Defend_G"]},{"damage_healed":0,"gold_gain":75,"player_choice":"Gather Gold","damage_taken":11,"max_hp_gain":0,"max_hp_loss":0,"event_name":"World of Goop","floor":14,"gold_loss":0},{"damage_healed":0,"gold_gain":0,"player_choice":"Fought Bandits","damage_taken":0,"max_hp_gain":0,"max_hp_loss":0,"event_name":"Masked Bandits","floor":19,"gold_loss":0},{"damage_healed":0,"gold_gain":0,"player_choice":"Ignored","damage_taken":0,"max_hp_gain":0,"max_hp_loss":0,"event_name":"Ghosts","floor":21,"gold_loss":0},{"damage_healed":0,"gold_gain":0,"player_choice":"1 cards matched","damage_taken":0,"max_hp_gain":0,"max_hp_loss":0,"event_name":"Match and Keep!","floor":24,"gold_loss":0,"cards_obtained":["Finesse"]},{"damage_healed":0,"gold_gain":99,"player_choice":"Stole From Cult","damage_taken":0,"max_hp_gain":0,"max_hp_loss":0,"event_name":"Nest","floor":30,"gold_loss":0}],"is_beta":false,"boss_relics":[{"not_picked":["Ectoplasm","Pandora\u0027s Box"],"picked":"WristBlade"},{"not_picked":["Snecko Eye","White Beast Statue"],"picked":"Fusion Hammer"}],"items_purged_floors":[20,31],"is_endless":false,"potions_floor_spawned":[1,2,5,11,28,29,33,35],"killed_by":"Spire Growth","ascension_level":1}