{"gold_per_floor":[110,110,9,9,22,22,61,61,61,61,95,95,126,166,166,291,291,307,351,367,367,24,60,60,78,101,121,162,432,432,476,476,602,602,623,641,190,205,218,218,261,261,310,310,354,75,114,336,336,336,336,336,89,120,120],"floor_reached":56,"playtime":4375,"items_purged":["Strike_G","Defend_G","Strike_G","Strike_G"],"score":1863,"play_id":"97404e46-dda4-431f-98f1-a57d476f8e4f","local_time":"20190827232904","is_ascension_mode":true,"campfire_choices":[{"data":"Crippling Poison","floor":6,"key":"SMITH"},{"data":"Cloak And Dagger","floor":12,"key":"SMITH"},{"floor":15,"key":"REST"},{"data":"Footwork","floor":30,"key":"SMITH"},{"data":"Footwork","floor":32,"key":"SMITH"},{"floor":40,"key":"RECALL"},{"data":"Cloak And Dagger","floor":42,"key":"SMITH"},{"data":"Infinite Blades","floor":44,"key":"SMITH"},{"data":"After Image","floor":49,"key":"SMITH"},{"data":"After Image","floor":52,"key":"SMITH"}],"neow_cost":"NONE","seed_source_timestamp":613295089661800,"circlet_count":0,"master_deck":["Defend_G","Defend_G","Defend_G","Defend_G+1","Survivor","Neutralize","Cloak And Dagger+1","Flying Knee","Sucker Punch","Crippling Poison+1","Deadly Poison","Cloak And Dagger+1","Footwork+1","Backflip","Deadly Poison","Dodge and Roll+1","Necronomicurse","Footwork+1","Prepared","Caltrops+1","Dodge and Roll+1","Backflip+1","Terror+1","Dark Shackles+1","Well Laid Plans","After Image+1","Deflect+1","Caltrops","Blur","Crippling Poison","Accuracy","Infinite Blades+1","Catalyst","After Image+1","Flechettes","Prepared+1","Apotheosis","Noxious Fumes+1"],"relics":["Ring of the Snake","NeowsBlessing","Golden Idol","Smiling Mask","Strawberry","Shuriken","Odd Mushroom","Mummified Hand","Runic Pyramid","Red Mask","Necronomicon","Kunai","Ancient Tea Set","Snake Skull","Bottled Tornado","War Paint","Sozu","Toy Ornithopter","Dead Branch","Pen Nib","Dodecahedron","Bag of Preparation","Orichalcum"],"potions_floor_usage":[16,18,23,23,45,55],"damage_taken":[{"damage":0,"enemies":"Jaw Worm","floor":1,"turns":1},{"damage":0,"enemies":"Small Slimes","floor":5,"turns":1},{"damage":0,"enemies":"Gremlin Nob","floor":7,"turns":1},{"damage":10,"enemies":"Lagavulin","floor":11,"turns":7},{"damage":17,"enemies":"The Mushroom Lair","floor":13,"turns":3},{"damage":18,"enemies":"3 Sentries","floor":14,"turns":10},{"damage":6,"enemies":"The Guardian","floor":16,"turns":11},{"damage":3,"enemies":"Spheric Guardian","floor":18,"turns":5},{"damage":29,"enemies":"Masked Bandits","floor":19,"turns":6},{"damage":1,"enemies":"Shell Parasite","floor":20,"turns":5},{"damage":0,"enemies":"Slavers","floor":23,"turns":6},{"damage":0,"enemies":"Centurion and Healer","floor":25,"turns":8},{"damage":1,"enemies":"Shelled Parasite and Fungi","floor":27,"turns":4},{"damage":1,"enemies":"Book of Stabbing","floor":28,"turns":6},{"damage":0,"enemies":"Gremlin Leader","floor":31,"turns":7},{"damage":1,"enemies":"Collector","floor":33,"turns":12},{"damage":0,"enemies":"3 Shapes","floor":35,"turns":7},{"damage":0,"enemies":"3 Darklings","floor":36,"turns":5},{"damage":0,"enemies":"4 Shapes","floor":38,"turns":8},{"damage":0,"enemies":"Jaw Worm Horde","floor":39,"turns":4},{"damage":3,"enemies":"Reptomancer","floor":41,"turns":8},{"damage":9,"enemies":"Giant Head","floor":45,"turns":7},{"damage":0,"enemies":"Nemesis","floor":47,"turns":7},{"damage":0,"enemies":"Awakened One","floor":50,"turns":10},{"damage":0,"enemies":"Shield and Spear","floor":54,"turns":6},{"damage":0,"enemies":"The Heart","floor":55,"turns":7}],"seed_played":"-5174386930788286483","potions_obtained":[{"floor":11,"key":"Dexterity Potion"},{"floor":14,"key":"FearPotion"},{"floor":16,"key":"Poison Potion"},{"floor":18,"key":"Block Potion"},{"floor":19,"key":"PowerPotion"},{"floor":23,"key":"Swift Potion"},{"floor":33,"key":"PowerPotion"}],"is_trial":false,"path_per_floor":["M","?","$","?","M","R","E","T","T","?","E","R","?","E","R","B",null,"M","?","M","?","$","E","?","M","T","M","E","?","R","E","R","B",null,"M","M","$","M","M","R","E","R","T","R","E","$","E","?","R","B",null,"R","$","E","B",null],"character_chosen":"THE_SILENT","items_purchased":["Flying Knee","Footwork","Kunai","Prepared","Blur","Crippling Poison","Accuracy","Toy Ornithopter","After Image","Flechettes","Apotheosis"],"campfire_rested":1,"item_purchase_floors":[3,22,22,22,37,37,37,37,46,46,53],"current_hp_per_floor":[70,53,53,53,53,53,53,53,60,53,43,43,26,8,31,25,64,61,32,31,15,15,15,87,87,87,86,85,45,45,45,45,44,76,76,76,76,76,76,76,73,73,73,73,69,69,69,69,69,69,83,83,83,83,87],"gold":120,"neow_bonus":"THREE_ENEMY_KILL","is_prod":false,"is_daily":false,"chose_seed":false,"campfire_upgraded":8,"win_rate":0,"timestamp":1566966544,"path_taken":["M","?","$","?","?","R","E","?","T","?","E","R","?","E","R","BOSS","M","?","M","?","$","E","?","?","T","?","E","?","R","E","R","BOSS","M","M","$","?","M","R","E","R","T","R","E","$","E","?","R","BOSS","R","$","E","BOSS"],"build_version":"2019-07-17","purchased_purges":4,"victory":true,"max_hp_per_floor":[70,70,70,70,70,70,70,70,77,77,77,77,77,77,77,77,77,77,77,77,77,77,77,87,87,87,87,87,87,87,87,87,87,87,87,87,87,87,87,87,87,87,87,87,87,87,87,87,87,87,87,87,87,87,87],"card_choices":[{"not_picked":["Prepared","Dagger Throw"],"picked":"Cloak And Dagger","floor":1},{"not_picked":["PiercingWail","Setup"],"picked":"Crippling Poison","floor":5},{"not_picked":["Blur","Choke"],"picked":"Deadly Poison","floor":7},{"not_picked":["Blade Dance","Dodge and Roll"],"picked":"Cloak And Dagger","floor":11},{"not_picked":["Dagger Spray","Phantasmal Killer"],"picked":"Footwork","floor":13},{"not_picked":["Leg Sweep","All Out Attack"],"picked":"Backflip","floor":14},{"not_picked":["Glass Knife","Die Die Die"],"picked":"Malaise","floor":16},{"not_picked":["Sucker Punch","Bouncing Flask+1"],"picked":"Deadly Poison","floor":18},{"not_picked":["Expertise","Riddle With Holes"],"picked":"Dodge and Roll+1","floor":19},{"not_picked":["Slice","Prepared","Bane"],"picked":"SKIP","floor":20},{"not_picked":["Storm of Steel","Poisoned Stab"],"picked":"Caltrops+1","floor":23},{"not_picked":["Dash+1","Dagger Spray"],"picked":"Dodge and Roll+1","floor":25},{"not_picked":["Bane","Heel Hook"],"picked":"Backflip+1","floor":27},{"not_picked":["Dodge and Roll+1","Terror+1","Poisoned Stab+1"],"picked":"SKIP","floor":28},{"not_picked":["Dodge and Roll+1","Poisoned Stab+1"],"picked":"Terror+1","floor":28},{"not_picked":["Dodge and Roll","Escape Plan+1"],"picked":"Well Laid Plans","floor":31},{"not_picked":["Venomology","Unload"],"picked":"After Image","floor":33},{"not_picked":["Acrobatics+1","Quick Slash"],"picked":"Deflect+1","floor":35},{"not_picked":["Expertise+1","Deadly Poison"],"picked":"Caltrops","floor":36},{"not_picked":["Backstab+1","Quick Slash+1"],"picked":"Infinite Blades","floor":38},{"not_picked":["Skewer","Reflex"],"picked":"Catalyst","floor":39},{"not_picked":["Underhanded Strike+1","Choke","Dagger Throw+1"],"picked":"SKIP","floor":41},{"not_picked":["All Out Attack+1","Acrobatics+1","Tactician"],"picked":"SKIP","floor":45},{"not_picked":["Acrobatics+1","Bane"],"picked":"Prepared+1","floor":47},{"not_picked":["Acrobatics","Quick Slash"],"picked":"Noxious Fumes+1","floor":54}],"player_experience":493744,"relics_obtained":[{"floor":7,"key":"Smiling Mask"},{"floor":9,"key":"Strawberry"},{"floor":11,"key":"Shuriken"},{"floor":13,"key":"Odd Mushroom"},{"floor":14,"key":"Mummified Hand"},{"floor":19,"key":"Red Mask"},{"floor":21,"key":"Necronomicon"},{"floor":23,"key":"Ancient Tea Set"},{"floor":26,"key":"Snake Skull"},{"floor":28,"key":"Bottled Tornado"},{"floor":31,"key":"War Paint"},{"floor":41,"key":"Dead Branch"},{"floor":43,"key":"Pen Nib"},{"floor":45,"key":"Dodecahedron"},{"floor":47,"key":"Bag of Preparation"},{"floor":54,"key":"Orichalcum"}],"event_choices":[{"damage_healed":0,"gold_gain":0,"player_choice":"Take Damage","damage_taken":17,"relics_obtained":["Golden Idol"],"max_hp_gain":0,"max_hp_loss":0,"event_name":"Golden Idol","floor":2,"gold_loss":0},{"damage_healed":0,"gold_gain":0,"cards_transformed":["Strike_G"],"player_choice":"Transformed","damage_taken":0,"max_hp_gain":0,"max_hp_loss":0,"event_name":"Transmorgrifier","floor":4,"gold_loss":0,"cards_obtained":["Sucker Punch"]},{"cards_removed":["Strike_G"],"damage_healed":0,"gold_gain":0,"player_choice":"Card Removal","damage_taken":7,"max_hp_gain":0,"max_hp_loss":0,"event_name":"Golden Wing","floor":10,"gold_loss":0},{"damage_healed":0,"gold_gain":0,"player_choice":"Fought Mushrooms","damage_taken":0,"max_hp_gain":0,"max_hp_loss":0,"event_name":"Mushrooms","floor":13,"gold_loss":0},{"damage_healed":0,"gold_gain":0,"player_choice":"Fought Bandits","damage_taken":0,"max_hp_gain":0,"max_hp_loss":0,"event_name":"Masked Bandits","floor":19,"gold_loss":0},{"damage_healed":0,"gold_gain":0,"player_choice":"Obtained Book","damage_taken":16,"max_hp_gain":0,"max_hp_loss":0,"event_name":"Cursed Tome","floor":21,"gold_loss":0},{"cards_removed":["Malaise"],"damage_healed":62,"gold_gain":0,"player_choice":"Offered Rare","damage_taken":0,"max_hp_gain":10,"max_hp_loss":0,"event_name":"Bonfire Elementals","floor":24,"gold_loss":0},{"damage_healed":0,"gold_gain":270,"player_choice":"CARD GOLD GOLD GOLD ","damage_taken":40,"max_hp_gain":0,"max_hp_loss":0,"event_name":"Knowing Skull","floor":29,"potions_obtained":[],"gold_loss":0,"cards_obtained":["Dark Shackles"]},{"damage_healed":0,"gold_gain":222,"player_choice":"Wore Mask","damage_taken":0,"max_hp_gain":0,"max_hp_loss":0,"event_name":"Tomb of Lord Red Mask","floor":48,"gold_loss":0}],"is_beta":false,"boss_relics":[{"not_picked":["Orrery","Astrolabe"],"picked":"Runic Pyramid"},{"not_picked":["Pandora\u0027s Box","Tiny House"],"picked":"Sozu"}],"items_purged_floors":[3,37,46,53],"is_endless":false,"potions_floor_spawned":[11,14,16,18,19,23,33,35,36,39,45,54],"ascension_level":5}