{"gold_per_floor":[114,127,2,21,36,36,55,55,55,55,88,108,108,135,135,212,212,229,244,256,206,226,226,261,280,280,122,48,76,76,95,95,95],"floor_reached":33,"playtime":1138,"items_purged":[],"score":632,"play_id":"a6461270-11af-4266-98fc-2e59d080b081","local_time":"20190824203901","is_ascension_mode":true,"campfire_choices":[{"data":"Sunder","floor":6,"key":"SMITH"},{"data":"Genetic Algorithm","floor":8,"key":"SMITH"},{"data":"1","floor":10,"key":"LIFT"},{"data":"2","floor":15,"key":"LIFT"},{"data":"3","floor":23,"key":"LIFT"},{"data":"Echo Form","floor":32,"key":"SMITH"}],"neow_cost":"NONE","seed_source_timestamp":374799052077300,"circlet_count":0,"master_deck":["AscendersBane","Strike_B+1","Strike_B","Defend_B","Defend_B","Defend_B","Defend_B","Zap","Dualcast","Melter","Streamline+1","Sunder+1","Cold Snap","Genetic Algorithm+1","Cold Snap","Self Repair","Chill","Compile Driver+1","Steam","Echo Form+1","White Noise","FTL+1","Compile Driver+1","FTL+1","Hologram+1","Capacitor","Capacitor","Fusion","Capacitor"],"relics":["Cracked Core","Bronze Scales","Girya","Molten Egg 2","Emotion Chip","Coffee Dripper","Pen Nib","Sundial","PreservedInsect","Lantern"],"potions_floor_usage":[11,16,18,25,33,33],"damage_taken":[{"damage":1,"enemies":"Cultist","floor":1,"turns":3},{"damage":1,"enemies":"2 Louse","floor":2,"turns":2},{"damage":7,"enemies":"Jaw Worm","floor":4,"turns":2},{"damage":4,"enemies":"Exordium Thugs","floor":5,"turns":4},{"damage":10,"enemies":"Blue Slaver","floor":7,"turns":4},{"damage":0,"enemies":"Gremlin Nob","floor":11,"turns":2},{"damage":0,"enemies":"Large Slime","floor":12,"turns":4},{"damage":8,"enemies":"3 Sentries","floor":14,"turns":5},{"damage":25,"enemies":"The Guardian","floor":16,"turns":9},{"damage":9,"enemies":"3 Byrds","floor":18,"turns":3},{"damage":0,"enemies":"Spheric Guardian","floor":19,"turns":3},{"damage":16,"enemies":"Snake Plant","floor":20,"turns":5},{"damage":0,"enemies":"Cultist and Chosen","floor":22,"turns":5},{"damage":6,"enemies":"Gremlin Leader","floor":24,"turns":5},{"damage":0,"enemies":"Snecko","floor":25,"turns":3},{"damage":33,"enemies":"Book of Stabbing","floor":29,"turns":4},{"damage":23,"enemies":"Chosen and Byrds","floor":31,"turns":5},{"damage":10,"enemies":"Collector","floor":33,"turns":3}],"seed_played":"-5089747091808457817","potions_obtained":[{"floor":1,"key":"AttackPotion"},{"floor":2,"key":"SpeedPotion"},{"floor":7,"key":"Block Potion"},{"floor":11,"key":"Ancient Potion"},{"floor":14,"key":"Block Potion"},{"floor":18,"key":"Strength Potion"},{"floor":19,"key":"Fire Potion"},{"floor":31,"key":"SteroidPotion"}],"is_trial":false,"path_per_floor":["M","M","$","M","M","R","M","R","T","R","E","M","?","E","R","B",null,"M","M","M","?","M","R","E","M","T","$","$","E","?","M","R","B"],"character_chosen":"DEFECT","items_purchased":["Sunder","Cold Snap","PreservedInsect","Capacitor"],"campfire_rested":0,"item_purchase_floors":[3,3,27,28],"current_hp_per_floor":[63,62,62,55,51,51,41,41,41,41,41,48,48,47,47,29,61,59,66,50,50,57,57,51,51,51,51,51,32,32,9,9,0],"gold":95,"neow_bonus":"RANDOM_COMMON_RELIC","is_prod":false,"is_daily":false,"chose_seed":false,"campfire_upgraded":3,"win_rate":0,"timestamp":1566646741,"path_taken":["M","M","?","M","M","R","M","R","T","R","E","?","?","E","R","BOSS","M","M","M","?","M","R","E","M","T","?","$","E","?","M","R","BOSS"],"build_version":"2019-07-17","purchased_purges":0,"victory":false,"max_hp_per_floor":[71,71,71,71,71,71,71,71,71,71,71,71,71,71,71,71,71,71,71,71,71,71,71,71,71,71,71,71,71,71,71,71,71],"card_choices":[{"not_picked":["Recycle","Rip and Tear"],"picked":"Melter","floor":1},{"not_picked":["Turbo","Gash"],"picked":"Streamline","floor":2},{"not_picked":["Loop","Fusion"],"picked":"Genetic Algorithm","floor":4},{"not_picked":["Darkness","Leap"],"picked":"Cold Snap","floor":5},{"not_picked":["Melter","Steam"],"picked":"Self Repair","floor":7},{"not_picked":["Static Discharge","Rip and Tear"],"picked":"Chill","floor":11},{"not_picked":["Conserve Battery","Doom and Gloom+1"],"picked":"Compile Driver+1","floor":12},{"not_picked":["Doom and Gloom+1","Lockon+1"],"picked":"Steam","floor":14},{"not_picked":["Creative AI","Amplify"],"picked":"Echo Form","floor":16},{"not_picked":["Beam Cell+1","Conserve Battery"],"picked":"White Noise","floor":18},{"not_picked":["Leap","Coolheaded"],"picked":"FTL+1","floor":19},{"not_picked":["BootSequence","Barrage+1"],"picked":"Compile Driver+1","floor":20},{"not_picked":["Leap","Hologram"],"picked":"FTL+1","floor":22},{"not_picked":["Chaos","Static Discharge","Sweeping Beam+1"],"picked":"SKIP","floor":24},{"not_picked":["Recycle","Go for the Eyes+1"],"picked":"Hologram+1","floor":25},{"not_picked":["Compile Driver+1","Auto Shields"],"picked":"Capacitor","floor":29},{"not_picked":["Steam","Amplify","Blizzard+1"],"picked":"SKIP","floor":31}],"player_experience":233049,"relics_obtained":[{"floor":9,"key":"Girya"},{"floor":11,"key":"Molten Egg 2"},{"floor":14,"key":"Emotion Chip"},{"floor":24,"key":"Pen Nib"},{"floor":26,"key":"Sundial"},{"floor":29,"key":"Lantern"}],"event_choices":[{"damage_healed":0,"gold_gain":0,"player_choice":"Fled","damage_taken":0,"max_hp_gain":0,"max_hp_loss":0,"event_name":"Scrap Ooze","floor":13,"gold_loss":0},{"damage_healed":0,"gold_gain":0,"player_choice":"Upgraded Two","damage_taken":0,"max_hp_gain":0,"max_hp_loss":0,"event_name":"Designer","floor":21,"gold_loss":50,"cards_upgraded":["Strike_B","Streamline"]},{"damage_healed":0,"gold_gain":0,"cards_transformed":["Strike_B","Strike_B"],"player_choice":"Became Test Subject","damage_taken":0,"max_hp_gain":0,"max_hp_loss":0,"event_name":"Drug Dealer","floor":30,"gold_loss":0,"cards_obtained":["Fusion","Capacitor"]}],"is_beta":false,"boss_relics":[{"not_picked":["Ectoplasm","Sozu"],"picked":"Coffee Dripper"}],"items_purged_floors":[],"is_endless":false,"potions_floor_spawned":[1,2,7,11,14,18,19,20,31],"killed_by":"Collector","ascension_level":19}