{"gold_per_floor":[119,51,64,64,79,79,98,98,98,98,98,129,129,129,129,129],"floor_reached":16,"playtime":423,"items_purged":[],"score":172,"play_id":"e848c3b0-df9a-4640-8885-a8ecda75f458","local_time":"20180802200546","is_ascension_mode":true,"campfire_choices":[{"data":"Neutralize","floor":6,"key":"SMITH"},{"data":"Footwork","floor":8,"key":"SMITH"},{"data":"Well Laid Plans","floor":11,"key":"SMITH"},{"floor":15,"key":"REST"}],"neow_cost":"NONE","seed_source_timestamp":534310926449257,"circlet_count":0,"master_deck":["Defend_G","Defend_G","Defend_G","Strike_G","Strike_G","Strike_G","Strike_G","Survivor","Neutralize+1","AscendersBane","Quick Slash","Footwork+1","Catalyst","Backflip","Slice","All Out Attack","Hello World"],"relics":["Empty Cage","Pen Nib","Singing Bowl","SsserpentHead"],"potions_floor_usage":[7],"damage_taken":[{"damage":5,"enemies":"Small Slimes","floor":1,"turns":4},{"damage":0,"enemies":"Cultist","floor":3,"turns":4},{"damage":1,"enemies":"2 Louse","floor":5,"turns":3},{"damage":15,"enemies":"Gremlin Gang","floor":7,"turns":7},{"damage":30,"enemies":"Gremlin Nob","floor":12,"turns":5},{"damage":32,"enemies":"Slime Boss","floor":16,"turns":9}],"seed_played":"8147562570766209440","potions_obtained":[{"floor":5,"key":"AttackPotion"},{"floor":7,"key":"Swift Potion"}],"is_trial":false,"path_per_floor":["M","$","M","?","M","R","M","R","T","$","R","E","?","?","R"],"character_chosen":"THE_SILENT","items_purchased":["Well Laid Plans"],"campfire_rested":1,"item_purchase_floors":[2],"current_hp_per_floor":[54,54,54,54,53,53,38,38,38,38,38,8,8,8,27,0],"gold":129,"neow_bonus":"BOSS_RELIC","is_prod":false,"is_daily":false,"chose_seed":false,"campfire_upgraded":3,"win_rate":0,"timestamp":1533265546,"path_taken":["M","$","M","?","M","R","M","R","T","$","R","E","?","?","R","BOSS"],"build_version":"2018-08-01","purchased_purges":0,"victory":false,"max_hp_per_floor":[66,66,66,66,66,66,66,66,66,66,66,66,66,66,66,66],"card_choices":[{"not_picked":["PiercingWail","Heel Hook"],"picked":"Quick Slash","floor":1},{"not_picked":["Backflip","Dagger Throw"],"picked":"Footwork","floor":3},{"not_picked":["Outmaneuver","Finisher"],"picked":"Backflip","floor":5},{"not_picked":["Eviscerate","Sucker Punch"],"picked":"Slice","floor":7},{"not_picked":["Sucker Punch","Slice"],"picked":"All Out Attack","floor":12}],"player_experience":714279,"relics_obtained":[{"floor":9,"key":"Pen Nib"},{"floor":12,"key":"Singing Bowl"}],"event_choices":[{"event_name":"Transmorgrifier","player_choice":"Transform","floor":4,"damage_taken":0},{"event_name":"NoteForYourself","player_choice":"Took Card","floor":13,"damage_taken":0},{"event_name":"FaceTrader","player_choice":"Trade","floor":14,"damage_taken":0}],"is_beta":true,"boss_relics":[],"items_purged_floors":[],"is_endless":false,"potions_floor_spawned":[5,7],"killed_by":"Slime Boss","ascension_level":15}