{"gold_per_floor":[111,111,126,40,40,40,74,74,97,126,27,54,81,94,94,171,171],"floor_reached":17,"playtime":391,"items_purged":["Defend_R"],"score":343,"play_id":"6baab757-9a80-4de9-a9d8-803a449271fb","local_time":"20180712105250","is_ascension_mode":true,"campfire_choices":[{"data":"Armaments","floor":6,"key":"SMITH"},{"data":"Iron Wave","floor":8,"key":"SMITH"},{"data":"Disarm","floor":15,"key":"SMITH"}],"neow_cost":"NONE","seed_source_timestamp":227326470876136,"circlet_count":0,"master_deck":["Strike_R","Strike_R","Strike_R","Strike_R","Defend_R","Defend_R","Defend_R","Bash","AscendersBane","Inflame","Armaments+1","Cleave","Infernal Blade","Iron Wave+1","Disarm+1","True Grit","Shrug It Off","Clothesline","Feed"],"relics":["Burning Blood","NeowsBlessing","Juzu Bracelet","Anchor","Girya","Odd Mushroom","Centennial Puzzle"],"potions_floor_usage":[],"damage_taken":[{"damage":0,"enemies":"2 Louse","floor":1,"turns":1},{"damage":0,"enemies":"Cultist","floor":3,"turns":1},{"damage":0,"enemies":"3 Sentries","floor":7,"turns":1},{"damage":15,"enemies":"Lagavulin","floor":10,"turns":6},{"damage":22,"floor":12,"turns":7},{"damage":20,"enemies":"Gremlin Nob","floor":13,"turns":4},{"damage":0,"enemies":"Small Slimes","floor":14,"turns":4},{"damage":14,"enemies":"Hexaghost","floor":16,"turns":11}],"seed_played":"-5618123294200825213","potions_obtained":[{"floor":1,"key":"Energy Potion"},{"floor":2,"key":"FairyPotion"}],"is_trial":false,"path_per_floor":["M","?","M","$","?","R","E","R","T","E","$","?","E","M","R","B"],"character_chosen":"IRONCLAD","items_purchased":["Cleave","Infernal Blade","True Grit"],"campfire_rested":0,"item_purchase_floors":[4,4,11],"current_hp_per_floor":[74,74,75,75,68,68,74,74,74,65,65,49,35,41,41,33,33],"gold":171,"neow_bonus":"THREE_ENEMY_KILL","is_prod":false,"is_daily":false,"chose_seed":false,"campfire_upgraded":3,"win_rate":0,"timestamp":1531417970,"path_taken":["M","?","M","$","?","R","E","R","T","E","$","?","E","M","R","BOSS"],"build_version":"2018-07-11","purchased_purges":1,"victory":false,"max_hp_per_floor":[75,75,75,75,75,75,75,75,75,75,75,75,75,75,75,75,75],"card_choices":[{"not_picked":["Warcry","Shrug It Off"],"picked":"Inflame","floor":1},{"not_picked":["Sentinel","Second Wind"],"picked":"Armaments","floor":3},{"not_picked":["Heavy Blade","Rupture"],"picked":"Iron Wave","floor":7},{"not_picked":["Corruption","Iron Wave"],"picked":"Disarm","floor":10},{"not_picked":["Heavy Blade","Cleave"],"picked":"Shrug It Off","floor":13},{"not_picked":["Cleave","Flex"],"picked":"Clothesline","floor":14},{"not_picked":["Juggernaut","Berserk"],"picked":"Feed","floor":16}],"player_experience":606274,"relics_obtained":[{"floor":7,"key":"Juzu Bracelet"},{"floor":9,"key":"Anchor"},{"floor":10,"key":"Girya"},{"floor":12,"key":"Odd Mushroom"},{"floor":13,"key":"Centennial Puzzle"}],"event_choices":[{"event_name":"The Lab","player_choice":"Got Potions","floor":2,"damage_taken":0},{"event_name":"Golden Wing","player_choice":"Card Removal","floor":5,"damage_taken":0},{"event_name":"Mushrooms","player_choice":"Fought Mushrooms","floor":12,"damage_taken":0}],"boss_relics":[],"items_purged_floors":[11],"is_endless":false,"potions_floor_spawned":[1,3,7],"ascension_level":15}