{"path_per_floor":["M","M","M","?","M","E","R","M","T","E","M","$","?","?","R","B",null,"M","?","?","M","?","E","R","M","T","E","R","M","T","M","R"],"character_chosen":"THE_SILENT","items_purchased":["Medical Kit"],"gold_per_floor":[112,131,151,151,162,190,190,210,279,305,319,36,36,36,36,139,139,153,153,153,163,163,190,190,210,237,270,270,280,333,350,350,350],"floor_reached":33,"campfire_rested":2,"playtime":2924,"item_purchase_floors":[12],"current_hp_per_floor":[70,70,70,58,58,50,50,50,50,44,36,36,36,59,59,56,70,70,70,57,54,54,45,45,41,41,16,38,38,38,38,60,0],"items_purged":["Strike_G"],"gold":350,"score":322,"play_id":"087cfcb5-52b7-46d3-8e73-cb3569755ad7","local_time":"20180604172444","is_prod":false,"is_daily":false,"chose_seed":false,"is_ascension_mode":false,"campfire_upgraded":3,"win_rate":0.0,"timestamp":1528147484,"campfire_choices":[{"data":"Neutralize","floor":7,"key":"SMITH"},{"data":"Underhanded Strike","floor":15,"key":"SMITH"},{"data":"Underhanded Strike","floor":24,"key":"SMITH"},{"floor":28,"key":"REST"},{"floor":32,"key":"REST"}],"path_taken":["M","M","M","?","M","E","R","M","T","E","M","$","?","?","R","BOSS","M","?","?","M","?","E","R","M","T","E","R","M","?","M","R","BOSS"],"build_version":"2018-05-31","seed_source_timestamp":28550783235168,"purchased_purges":1,"victory":false,"master_deck":["Defend_G","Defend_G","Defend_G","Defend_G","Defend_G","Strike_G","Strike_G","Strike_G","Strike_G","Survivor","Neutralize+1","Acrobatics","Flying Knee","Acrobatics","Underhanded Strike+1","Dagger Throw","Underhanded Strike+1","Acrobatics","Well Laid Plans","Terror","Tools of the Trade","Eviscerate+1","Acrobatics","Dagger Throw","Reflex+1","Calculated Gamble"],"max_hp_per_floor":[70,70,70,70,70,70,70,70,70,70,70,70,70,70,70,70,70,70,70,75,75,75,75,75,75,75,75,75,75,75,75,75,75],"relics":["Ring of the Snake","Thread and Needle","The Specimen","Paper Crane","Juzu Bracelet","Medical Kit","Sozu","Dream Catcher","Potion Belt","Matryoshka","Tiny Chest","Bronze Scales"],"card_choices":[{"not_picked":["Poisoned Stab","Deflect"],"picked":"Acrobatics","floor":0},{"not_picked":["Bane","Skewer"],"picked":"Flying Knee","floor":1},{"not_picked":["Blur","Deadly Poison"],"picked":"Acrobatics","floor":2},{"not_picked":["Acrobatics","PiercingWail"],"picked":"Underhanded Strike","floor":3},{"not_picked":["Backflip","Blur"],"picked":"Dagger Throw","floor":5},{"not_picked":["Finisher","Night Terror"],"picked":"Underhanded Strike","floor":6},{"not_picked":["Outmaneuver","Riddle With Holes"],"picked":"Acrobatics","floor":8},{"not_picked":["Acrobatics","PiercingWail"],"picked":"Well Laid Plans","floor":10},{"not_picked":["Backflip","Escape Plan"],"picked":"Terror","floor":11},{"not_picked":["Adrenaline","Doppelganger"],"picked":"Tools of the Trade","floor":16},{"not_picked":["Flying Knee","Bane+1","Footwork"],"picked":"SKIP","floor":18},{"not_picked":["Poisoned Stab+1","Expertise"],"picked":"Eviscerate","floor":21},{"not_picked":["PiercingWail","Glass Knife"],"picked":"Acrobatics","floor":23},{"not_picked":["Crippling Poison","Finisher"],"picked":"Dagger Throw","floor":25},{"not_picked":["Quick Slash","Poisoned Stab+1","PiercingWail"],"picked":"SKIP","floor":27},{"not_picked":["Slice","Bane"],"picked":"Reflex+1","floor":28},{"not_picked":["Poisoned Stab","Deadly Poison","Slice"],"picked":"SKIP","floor":29},{"not_picked":["Riddle With Holes+1","Flechettes"],"picked":"Calculated Gamble","floor":31}],"player_experience":32222,"potions_floor_usage":[6,16,16,23,23],"damage_taken":[{"damage":0,"enemies":"2 Louse","floor":1,"turns":3},{"damage":0,"enemies":"Jaw Worm","floor":2,"turns":6},{"damage":0,"enemies":"Small Slimes","floor":3,"turns":2},{"damage":0,"enemies":"2 Fungi Beasts","floor":5,"turns":4},{"damage":8,"enemies":"Lagavulin","floor":6,"turns":7},{"damage":0,"enemies":"Exordium Thugs","floor":8,"turns":4},{"damage":6,"enemies":"3 Sentries","floor":10,"turns":6},{"damage":8,"enemies":"Exordium Wildlife","floor":11,"turns":4},{"damage":3,"enemies":"Slime Boss","floor":16,"turns":6},{"damage":0,"enemies":"Shell Parasite","floor":18,"turns":4},{"damage":3,"enemies":"Spheric Guardian","floor":21,"turns":4},{"damage":9,"enemies":"Slavers","floor":23,"turns":7},{"damage":4,"enemies":"3 Cultists","floor":25,"turns":4},{"damage":25,"enemies":"Gremlin Leader","floor":27,"turns":4},{"damage":0,"enemies":"Snecko","floor":29,"turns":2},{"damage":0,"enemies":"Cultist and Chosen","floor":31,"turns":5},{"damage":68,"enemies":"Automaton","floor":33,"turns":6}],"relics_obtained":[{"floor":6,"key":"The Specimen"},{"floor":9,"key":"Paper Crane"},{"floor":10,"key":"Juzu Bracelet"},{"floor":23,"key":"Dream Catcher"},{"floor":26,"key":"Potion Belt"},{"floor":27,"key":"Matryoshka"},{"floor":30,"key":"Tiny Chest"},{"floor":30,"key":"Bronze Scales"}],"event_choices":[{"event_name":"Scrap Ooze","player_choice":"success","floor":4,"damage_taken":12},{"event_name":"Liars Game","player_choice":"disagreed","floor":13,"damage_taken":0},{"event_name":"Big Fish","player_choice":"Banana","floor":14,"damage_taken":0},{"event_name":"The Lab","player_choice":"Got Potions","floor":19,"damage_taken":0},{"event_name":"Forgotten Altar","player_choice":"Shed Blood","floor":20,"damage_taken":0},{"event_name":"Upgrade Shrine","player_choice":"Upgraded","floor":22,"damage_taken":0}],"boss_relics":[{"not_picked":["Black Star","Astrolabe"],"picked":"Sozu"}],"items_purged_floors":[12],"potions_floor_spawned":[3,6,10,11,16,21,23,29],"seed_played":"7821329687030613727","killed_by":"Automaton","ascension_level":0,"potions_obtained":[{"floor":3,"key":"Poison Potion"},{"floor":6,"key":"Dexterity Potion"},{"floor":10,"key":"Dexterity Potion"},{"floor":11,"key":"Dexterity Potion"},{"floor":16,"key":"SpeedPotion"}],"is_trial":false}