{"gold_per_floor":[218,238,261,274,274,274,289,319,319,333,42,42,2,2,2,103,103,119,132,147,159,16,45,45,76,76,76,76,91,91,107,107,211,211,224,224,247,207,225,256,276,75,98,116,116,45,45,59,59,59],"floor_reached":51,"playtime":2086,"items_purged":[],"score":1090,"play_id":"bc166c76-52ce-4945-9023-2ba8d0d8090b","local_time":"20190816232302","is_ascension_mode":true,"campfire_choices":[{"data":"Zap","floor":6,"key":"SMITH"},{"data":"Loop","floor":12,"key":"SMITH"},{"floor":15,"key":"REST"},{"data":"Electrodynamics","floor":28,"key":"SMITH"},{"data":"Capacitor","floor":30,"key":"SMITH"},{"data":"Glacier","floor":32,"key":"SMITH"},{"data":"Creative AI","floor":45,"key":"SMITH"},{"data":"Capacitor","floor":47,"key":"SMITH"},{"floor":49,"key":"REST"}],"neow_cost":"NONE","seed_source_timestamp":93429859053700,"circlet_count":0,"master_deck":["Strike_B+1","Strike_B+1","Strike_B+1","Defend_B+1","Defend_B+1","Defend_B+1","Defend_B+1","Zap+1","Dualcast+1","Loop+1","Go for the Eyes+1","BootSequence","Sweeping Beam+1","Cold Snap+1","White Noise+1","Electrodynamics+1","Hologram+1","Cold Snap+1","Capacitor+1","Cold Snap+1","Glacier+1","Conserve Battery+1","Creative AI+1","Glacier+1","Undo+1","Go for the Eyes+1","Capacitor+1"],"relics":["Cracked Core","Blood Vial","Darkstone Periapt","Mercury Hourglass","War Paint","Bag of Preparation","Nuclear Battery","DataDisk","Bottled Tornado","Ancient Tea Set","Sundial","MutagenicStrength","Velvet Choker","Vajra","Lantern","HandDrill","Whetstone"],"potions_floor_usage":[8,21,23,41,50,50,50],"damage_taken":[{"damage":1,"enemies":"Cultist","floor":1,"turns":3},{"damage":0,"enemies":"Small Slimes","floor":2,"turns":3},{"damage":4,"enemies":"Jaw Worm","floor":4,"turns":3},{"damage":0,"enemies":"Large Slime","floor":7,"turns":3},{"damage":25,"enemies":"3 Sentries","floor":8,"turns":6},{"damage":1,"enemies":"Gremlin Gang","floor":10,"turns":3},{"damage":12,"enemies":"The Guardian","floor":16,"turns":9},{"damage":0,"enemies":"3 Byrds","floor":18,"turns":1},{"damage":4,"enemies":"2 Thieves","floor":19,"turns":2},{"damage":7,"enemies":"Centurion and Healer","floor":20,"turns":5},{"damage":4,"enemies":"Snake Plant","floor":21,"turns":4},{"damage":5,"enemies":"Book of Stabbing","floor":23,"turns":5},{"damage":10,"enemies":"Slavers","floor":25,"turns":3},{"damage":0,"enemies":"Chosen and Byrds","floor":29,"turns":2},{"damage":0,"enemies":"3 Cultists","floor":31,"turns":2},{"damage":32,"enemies":"Champ","floor":33,"turns":11},{"damage":0,"enemies":"3 Darklings","floor":35,"turns":2},{"damage":0,"enemies":"3 Shapes","floor":39,"turns":2},{"damage":11,"enemies":"Giant Head","floor":40,"turns":11},{"damage":0,"enemies":"Transient","floor":41,"turns":5},{"damage":0,"enemies":"Sphere and 2 Shapes","floor":44,"turns":2},{"damage":9,"enemies":"Maw","floor":48,"turns":7},{"damage":0,"enemies":"Awakened One","floor":50,"turns":16}],"seed_played":"-4102808356140279120","potions_obtained":[{"floor":2,"key":"Energy Potion"},{"floor":4,"key":"Ancient Potion"},{"floor":7,"key":"EntropicBrew"},{"floor":10,"key":"Fire Potion"},{"floor":20,"key":"Block Potion"},{"floor":21,"key":"Energy Potion"},{"floor":29,"key":"Energy Potion"},{"floor":41,"key":"FocusPotion"}],"is_trial":false,"path_per_floor":["M","M","T","M","?","R","M","E","T","M","$","R","$","?","R","B",null,"M","M","M","M","$","E","?","E","T","?","R","M","R","M","R","B",null,"M","?","T","?","M","E","M","$","T","M","R","$","R","M","R","B",null],"character_chosen":"DEFECT","items_purchased":["War Paint","Bag of Preparation","White Noise","DataDisk","HandDrill","Capacitor"],"campfire_rested":2,"item_purchase_floors":[11,11,13,22,42,46],"current_hp_per_floor":[67,67,67,65,65,65,67,44,44,45,45,45,45,45,67,57,71,73,71,66,64,64,61,61,53,53,53,53,55,55,57,57,27,63,65,65,65,65,67,58,60,60,60,62,62,62,62,55,75,75],"gold":59,"neow_bonus":"HUNDRED_GOLD","is_prod":false,"is_daily":false,"chose_seed":false,"campfire_upgraded":7,"win_rate":0,"timestamp":1565965382,"path_taken":["M","M","?","M","?","R","M","E","T","M","$","R","?","?","R","BOSS","M","?","M","M","?","E","?","E","T","?","R","M","R","M","R","BOSS","M","?","?","?","?","E","M","$","T","M","R","?","R","M","R","BOSS"],"build_version":"2019-07-17","purchased_purges":0,"victory":true,"max_hp_per_floor":[75,75,75,75,75,75,75,75,75,75,75,75,75,75,75,75,75,75,75,75,75,75,75,75,75,75,75,75,75,75,75,75,75,75,75,75,75,75,75,75,75,75,75,75,75,75,75,75,75,75],"card_choices":[{"not_picked":["Beam Cell","Darkness"],"picked":"Loop","floor":1},{"not_picked":["Doom and Gloom","Leap"],"picked":"Go for the Eyes","floor":2},{"not_picked":["Beam Cell","Skim"],"picked":"BootSequence","floor":4},{"not_picked":["Hologram","Genetic Algorithm"],"picked":"Sweeping Beam","floor":7},{"not_picked":["Hyperbeam","Static Discharge"],"picked":"FTL","floor":8},{"not_picked":["Stack","Skim"],"picked":"Cold Snap","floor":10},{"not_picked":["Multi-Cast","Rainbow"],"picked":"Electrodynamics","floor":16},{"not_picked":["Turbo","Go for the Eyes","Skim+1"],"picked":"SKIP","floor":18},{"not_picked":["Redo+1","Steam"],"picked":"Hologram+1","floor":19},{"not_picked":["Hello World+1","Ball Lightning","Double Energy+1"],"picked":"SKIP","floor":20},{"not_picked":["Stack+1","Turbo+1"],"picked":"Cold Snap+1","floor":21},{"not_picked":["Go for the Eyes","Sweeping Beam"],"picked":"Capacitor","floor":23},{"not_picked":["Stack","Steam+1"],"picked":"Cold Snap+1","floor":25},{"not_picked":["Rip and Tear","Core Surge"],"picked":"Glacier","floor":29},{"not_picked":["Rebound","Genetic Algorithm"],"picked":"Conserve Battery+1","floor":31},{"not_picked":["Amplify","Electrodynamics"],"picked":"Creative AI","floor":33},{"not_picked":["Cold Snap","Steam"],"picked":"Glacier+1","floor":35},{"not_picked":["Go for the Eyes","Ball Lightning+1"],"picked":"Undo+1","floor":39},{"not_picked":["Go for the Eyes","Double Energy+1","Force Field+1"],"picked":"SKIP","floor":40},{"not_picked":["Darkness","Redo"],"picked":"Go for the Eyes+1","floor":41},{"not_picked":["Steam","Hologram","Sweeping Beam+1"],"picked":"SKIP","floor":44},{"not_picked":["Double Energy","Steam","Steam Power"],"picked":"SKIP","floor":48}],"player_experience":173515,"relics_obtained":[{"floor":3,"key":"Blood Vial"},{"floor":8,"key":"Darkstone Periapt"},{"floor":9,"key":"Mercury Hourglass"},{"floor":23,"key":"Bottled Tornado"},{"floor":25,"key":"Ancient Tea Set"},{"floor":26,"key":"Sundial"},{"floor":37,"key":"Vajra"},{"floor":40,"key":"Lantern"},{"floor":43,"key":"Whetstone"}],"event_choices":[{"damage_healed":0,"gold_gain":0,"player_choice":"Ignored","damage_taken":0,"max_hp_gain":0,"max_hp_loss":0,"event_name":"Liars Game","floor":5,"gold_loss":0},{"cards_removed":["Strike_B"],"damage_healed":0,"gold_gain":0,"player_choice":"Purged","damage_taken":0,"max_hp_gain":0,"max_hp_loss":0,"event_name":"Purifier","floor":14,"gold_loss":0},{"damage_healed":0,"gold_gain":0,"player_choice":"Simplicity","damage_taken":0,"max_hp_gain":0,"max_hp_loss":0,"event_name":"Back to Basics","floor":24,"gold_loss":0,"cards_upgraded":["Strike_B","Strike_B","Strike_B","Defend_B","Defend_B","Defend_B"]},{"damage_healed":0,"gold_gain":0,"player_choice":"Inject Mutagens","damage_taken":0,"relics_obtained":["MutagenicStrength"],"max_hp_gain":0,"max_hp_loss":0,"event_name":"Drug Dealer","floor":27,"gold_loss":0},{"cards_removed":["FTL"],"damage_healed":0,"gold_gain":0,"player_choice":"Removed Attack","damage_taken":0,"max_hp_gain":0,"max_hp_loss":0,"event_name":"Falling","floor":36,"gold_loss":0},{"damage_healed":0,"gold_gain":0,"player_choice":"Upgraded Two","damage_taken":0,"max_hp_gain":0,"max_hp_loss":0,"event_name":"Designer","floor":38,"gold_loss":40,"cards_upgraded":["White Noise","Go for the Eyes"]}],"is_beta":false,"boss_relics":[{"not_picked":["Empty Cage","White Beast Statue"],"picked":"Nuclear Battery"},{"not_picked":["Eternal Feather","Black Star"],"picked":"Velvet Choker"}],"items_purged_floors":[],"is_endless":false,"potions_floor_spawned":[2,4,7,10,20,21,29,33,40,41,44],"ascension_level":9}