{"path_per_floor":["M","?","$","M","?","R","$","M","T","M","T","M","M","?","R","B",null,"M","?","$","M","?","R"],"character_chosen":"THE_SILENT","items_purchased":["Well Laid Plans","Footwork"],"gold_per_floor":[109,184,40,59,59,59,59,76,102,119,143,160,176,204,204,299,299,317,317,144,159,109,109],"floor_reached":24,"campfire_rested":1,"playtime":3616,"current_hp_per_floor":[70,59,59,68,68,68,68,68,68,66,66,64,64,52,52,49,70,40,24,24,24,24,45],"items_purged":["Defend_G","Strike_G"],"gold":109,"score":195,"play_id":"e26ac981-1d9c-45ab-a196-aa4195da4ac0","is_prod":false,"is_daily":false,"is_ascension_mode":true,"campfire_upgraded":2,"path_taken":["M","?","$","M","?","R","$","M","T","M","?","M","M","?","R","BOSS","M","?","$","M","?","R","E"],"build_version":"2018-02-22-PROD2","purchased_purges":2,"victory":false,"master_deck":["Defend_G","Defend_G","Defend_G","Defend_G","Strike_G","Strike_G","Strike_G","Survivor","Neutralize+1","Bouncing Flask","Well Laid Plans","Prepared","Calculated Gamble+1","After Image","Deflect","Outmaneuver","Backflip+1","Footwork","Reflex"],"max_hp_per_floor":[70,70,70,70,70,70,70,70,70,70,70,70,70,70,70,70,70,70,70,70,70,70,70],"relics":["Ring of the Snake","Happy Flower","Anchor","Odd Mushroom","Black Star","Nilry\u0027s Codex"],"card_choices":[{"not_picked":["Heel Hook","Eviscerate"],"picked":"Bouncing Flask"},{"not_picked":["Flying Knee","Dagger Spray"],"picked":"Prepared"},{"not_picked":["Endless Agony","Predator"],"picked":"Calculated Gamble"},{"not_picked":["Prepared","Choke"],"picked":"After Image"},{"not_picked":["Underhanded Strike","Flying Knee"],"picked":"Deflect"},{"not_picked":["Deadly Poison","All Out Attack"],"picked":"Outmaneuver"},{"not_picked":["Riddle With Holes","Choke"],"picked":"Backflip"},{"not_picked":["Underhanded Strike","PiercingWail"],"picked":"Reflex"}],"player_experience":95935,"potions_floor_usage":[4,24,24],"damage_taken":[{"damage":0,"enemies":"2 Louse","floor":1,"turns":4},{"damage":0,"enemies":"Small Slimes","floor":4,"turns":4},{"damage":0,"enemies":"Jaw Worm","floor":8,"turns":4},{"damage":2,"enemies":"Red Slaver","floor":10,"turns":4},{"damage":2,"enemies":"Blue Slaver","floor":12,"turns":5},{"damage":0,"enemies":"3 Louse","floor":13,"turns":4},{"damage":12,"enemies":"The Mushroom Lair","floor":14,"turns":6},{"damage":3,"enemies":"Hexaghost","floor":16,"turns":11},{"damage":30,"enemies":"3 Byrds","floor":18,"turns":8},{"damage":0,"enemies":"Shell Parasite","floor":21,"turns":7},{"damage":53,"enemies":"Gremlin Leader","floor":24,"turns":8}],"event_choices":[{"event_name":"World of Goop","player_choice":"Gather Gold","floor":2,"damage_taken":0},{"event_name":"The Lab","player_choice":"Got Potions","floor":5,"damage_taken":0},{"event_name":"Mushrooms","player_choice":"Fought Mushrooms","floor":14,"damage_taken":0},{"event_name":"Cursed Tome","player_choice":"Obtained Book","floor":19,"damage_taken":0},{"event_name":"The Joust","player_choice":"Bet on Owner","floor":22,"damage_taken":0}],"boss_relics":[{"not_picked":["Philosopher\u0027s Stone","Velvet Choker"],"picked":"Black Star"}],"potions_floor_spawned":[1,4,10,18],"seed_played":"-2518788373772834633","killed_by":"Gremlin Leader","ascension_level":1,"is_trial":false}