{"gold_per_floor":[118,118,129,154,165,165,197,197,197,222,236,201,201,244,244,244],"floor_reached":16,"playtime":452,"items_purged":[],"score":236,"play_id":"e6bf1aa3-ac94-4987-982a-e6d66f6f3b4b","local_time":"20190819234219","is_ascension_mode":true,"campfire_choices":[{"data":"Bash","floor":6,"key":"SMITH"},{"data":"Perfected Strike","floor":8,"key":"SMITH"},{"data":"Perfected Strike","floor":15,"key":"SMITH"}],"neow_cost":"NONE","seed_source_timestamp":5041853538111,"circlet_count":0,"master_deck":["AscendersBane","Strike_R","Strike_R","Strike_R+1","Strike_R","Strike_R","Defend_R","Defend_R","Defend_R","Defend_R","Bash+1","Pommel Strike+1","Shrug It Off","Cleave","Feel No Pain","Evolve","Ghostly Armor","Shrug It Off","Feed","Perfected Strike+1","True Grit","Perfected Strike+1"],"relics":["Orrery","Lantern","Thread and Needle","Bottled Tornado","Calipers","Golden Idol","Self Forming Clay"],"potions_floor_usage":[7,14,16],"damage_taken":[{"damage":7,"enemies":"2 Louse","floor":1,"turns":2},{"damage":2,"enemies":"Jaw Worm","floor":3,"turns":3},{"damage":1,"enemies":"Small Slimes","floor":5,"turns":3},{"damage":1,"enemies":"Gremlin Nob","floor":7,"turns":3},{"damage":8,"enemies":"3 Sentries","floor":10,"turns":8},{"damage":0,"enemies":"Looter","floor":11,"turns":5},{"damage":35,"enemies":"Gremlin Nob","floor":14,"turns":6},{"damage":0,"enemies":"Slime Boss","floor":16,"turns":6}],"seed_played":"-2364676621553927653","potions_obtained":[{"floor":1,"key":"Energy Potion"},{"floor":11,"key":"SkillPotion"},{"floor":14,"key":"Poison Potion"}],"is_trial":false,"path_per_floor":["M","?","M","T","M","R","E","R","T","E","M","?","?","E","R","B"],"character_chosen":"IRONCLAD","items_purchased":[],"campfire_rested":0,"item_purchase_floors":[],"current_hp_per_floor":[61,38,36,36,35,35,37,37,37,32,35,56,56,21,21,21],"gold":244,"neow_bonus":"BOSS_RELIC","is_prod":false,"is_daily":false,"chose_seed":false,"campfire_upgraded":3,"win_rate":0,"timestamp":1566283339,"path_taken":["M","?","M","?","M","R","E","R","T","E","M","?","?","E","R","BOSS"],"build_version":"2019-08-15","purchased_purges":0,"victory":false,"max_hp_per_floor":[75,75,75,75,75,75,78,78,78,81,84,84,76,76,76,76],"card_choices":[{"not_picked":["Seeing Red","Headbutt"],"picked":"Pommel Strike","floor":0},{"not_picked":["Corruption","Iron Wave"],"picked":"Shrug It Off","floor":0},{"not_picked":["Wild Strike","Corruption"],"picked":"Cleave","floor":0},{"not_picked":["Sever Soul","Hemokinesis"],"picked":"Feel No Pain","floor":0},{"not_picked":["Body Slam","Bloodletting"],"picked":"Evolve","floor":0},{"not_picked":["Feel No Pain","Cleave"],"picked":"Ghostly Armor","floor":1},{"not_picked":["True Grit","Whirlwind"],"picked":"Shrug It Off","floor":3},{"not_picked":["Wild Strike","Blood for Blood"],"picked":"Feed","floor":5},{"not_picked":["Sever Soul","Cleave"],"picked":"Perfected Strike","floor":7},{"not_picked":["Bludgeon","Rage"],"picked":"True Grit","floor":10},{"not_picked":["Heavy Blade","Body Slam","Thunderclap"],"picked":"SKIP","floor":11},{"not_picked":["Twin Strike","Anger"],"picked":"Perfected Strike","floor":14}],"player_experience":1419005,"relics_obtained":[{"floor":4,"key":"Lantern"},{"floor":7,"key":"Thread and Needle"},{"floor":9,"key":"Bottled Tornado"},{"floor":10,"key":"Calipers"},{"floor":14,"key":"Self Forming Clay"}],"event_choices":[{"damage_healed":0,"gold_gain":0,"player_choice":"Entered Light","damage_taken":23,"max_hp_gain":0,"max_hp_loss":0,"event_name":"Shining Light","floor":2,"gold_loss":0,"cards_upgraded":["Strike_R","Pommel Strike"]},{"damage_healed":21,"gold_gain":0,"player_choice":"Healed","damage_taken":0,"max_hp_gain":0,"max_hp_loss":0,"event_name":"The Cleric","floor":12,"gold_loss":35},{"damage_healed":0,"gold_gain":0,"player_choice":"Lose Max HP","damage_taken":0,"relics_obtained":["Golden Idol"],"max_hp_gain":0,"max_hp_loss":8,"event_name":"Golden Idol","floor":13,"gold_loss":0}],"is_beta":true,"boss_relics":[],"items_purged_floors":[],"is_endless":false,"potions_floor_spawned":[1,11,14],"killed_by":"Slime Boss","ascension_level":20}