{"gold_per_floor":[110,110,120,140,156,156,167,200,200,214,242,242,255,266,266,368,368,381,75,87,87,102,102,121,121,121,121,132,151,167,167,167,264,264,281,301,301,301,301,301],"floor_reached":40,"playtime":3563,"items_purged":[],"score":454,"play_id":"ebb22042-3d90-45e5-9608-8e4d93a8193f","local_time":"20190706140857","is_ascension_mode":false,"campfire_choices":[{"floor":6,"key":"RECALL"},{"floor":12,"key":"REST"},{"data":"Noxious Fumes","floor":15,"key":"SMITH"},{"floor":23,"key":"REST"},{"data":"Strike_G","floor":25,"key":"PURGE"},{"data":"Strike_G","floor":27,"key":"PURGE"},{"data":"Strike_G","floor":32,"key":"PURGE"}],"neow_cost":"NONE","seed_source_timestamp":432256543314210,"circlet_count":0,"master_deck":["Defend_G","Defend_G","Defend_G","Defend_G","Survivor+1","Neutralize","Masterful Stab+1","Skewer+1","Blade Dance+1","Acrobatics","Tactician","Well Laid Plans","Poisoned Stab","Calculated Gamble","Dagger Spray","Calculated Gamble","Deadly Poison","Noxious Fumes+1","PiercingWail","PiercingWail","After Image","Tactician","Escape Plan","Deflect","Escape Plan","Dodge and Roll","Burst","Deadly Poison","Blur","Backflip","Calculated Gamble+1","Ghostly","Ghostly","Ghostly","Ghostly","Ghostly","Bullet Time","Deadly Poison+1","Catalyst","Madness","Madness","Madness"],"relics":["Astrolabe","Orichalcum","Dream Catcher","Smiling Mask","Orrery","Peace Pipe","Nilry\u0027s Codex","Sozu"],"potions_floor_usage":[11,13,16,22,24,28,40,40],"damage_taken":[{"damage":1,"enemies":"Small Slimes","floor":1,"turns":2},{"damage":0,"enemies":"Cultist","floor":3,"turns":2},{"damage":0,"enemies":"2 Louse","floor":4,"turns":2},{"damage":0,"enemies":"Looter","floor":5,"turns":1},{"damage":2,"enemies":"Blue Slaver","floor":7,"turns":3},{"damage":13,"enemies":"Gremlin Nob","floor":8,"turns":4},{"damage":1,"enemies":"2 Fungi Beasts","floor":10,"turns":2},{"damage":14,"enemies":"3 Sentries","floor":11,"turns":6},{"damage":0,"enemies":"Gremlin Gang","floor":13,"turns":3},{"damage":0,"enemies":"3 Louse","floor":14,"turns":3},{"damage":48,"enemies":"The Guardian","floor":16,"turns":10},{"damage":5,"enemies":"Chosen","floor":18,"turns":5},{"damage":0,"enemies":"3 Byrds","floor":20,"turns":5},{"damage":4,"enemies":"Snake Plant","floor":22,"turns":6},{"damage":16,"enemies":"Centurion and Healer","floor":24,"turns":8},{"damage":0,"enemies":"3 Cultists","floor":28,"turns":3},{"damage":21,"enemies":"Sentry and Sphere","floor":29,"turns":8},{"damage":7,"enemies":"Shelled Parasite and Fungi","floor":30,"turns":7},{"damage":13,"enemies":"Champ","floor":33,"turns":17},{"damage":0,"enemies":"3 Shapes","floor":35,"turns":7},{"damage":0,"enemies":"Orb Walker","floor":36,"turns":5},{"damage":37,"enemies":"Giant Head","floor":40,"turns":6}],"seed_played":"977827365463156014","potions_obtained":[{"floor":5,"key":"Strength Potion"},{"floor":8,"key":"Energy Potion"},{"floor":10,"key":"SteroidPotion"},{"floor":11,"key":"Block Potion"},{"floor":13,"key":"AttackPotion"},{"floor":18,"key":"SkillPotion"},{"floor":24,"key":"Explosive Potion"},{"floor":29,"key":"EntropicBrew"},{"floor":33,"key":"Fire Potion"}],"is_trial":false,"path_per_floor":["M","?","M","M","M","R","M","E","T","M","E","R","M","M","R","B",null,"M","$","M","?","M","R","M","R","T","R","M","M","M","?","R","B",null,"M","M","?","?","?","E"],"character_chosen":"THE_SILENT","items_purchased":["Peace Pipe"],"campfire_rested":2,"item_purchase_floors":[19],"current_hp_per_floor":[69,69,69,69,69,69,67,54,54,53,39,60,60,60,60,12,70,65,65,65,49,45,66,50,50,50,50,50,29,22,22,22,9,35,35,35,31,31,31,0],"gold":301,"neow_bonus":"BOSS_RELIC","is_prod":false,"is_daily":false,"chose_seed":false,"campfire_upgraded":1,"win_rate":0,"timestamp":1562389737,"path_taken":["M","?","M","M","M","R","?","E","T","M","E","R","M","M","R","BOSS","M","$","M","?","M","R","M","R","T","R","M","M","M","?","R","BOSS","M","M","?","?","?","E"],"build_version":"2019-07-05","purchased_purges":0,"victory":false,"max_hp_per_floor":[70,70,70,70,70,70,70,70,70,70,70,70,70,70,70,70,70,70,70,70,70,70,70,70,70,70,70,70,70,70,35,35,35,35,35,35,35,35,35,35],"card_choices":[{"not_picked":["Blade Dance","Flying Knee"],"picked":"Acrobatics","floor":1},{"not_picked":["Finisher","Eviscerate"],"picked":"Tactician","floor":3},{"not_picked":["Dagger Spray","Escape Plan"],"picked":"Well Laid Plans","floor":4},{"not_picked":["Prepared","Finisher"],"picked":"Poisoned Stab","floor":5},{"not_picked":["Endless Agony","Acrobatics"],"picked":"Calculated Gamble","floor":7},{"not_picked":["Distraction","Blade Dance"],"picked":"Dagger Spray","floor":8},{"not_picked":["Finisher","Bane"],"picked":"Calculated Gamble","floor":10},{"not_picked":["A Thousand Cuts","Skewer"],"picked":"Deadly Poison","floor":11},{"not_picked":["Choke","Cloak And Dagger"],"picked":"Noxious Fumes","floor":12},{"not_picked":["Well Laid Plans","Blade Dance"],"picked":"PiercingWail","floor":13},{"not_picked":["Outmaneuver","Eviscerate"],"picked":"PiercingWail","floor":14},{"not_picked":["Tools of the Trade","Die Die Die"],"picked":"After Image","floor":16},{"not_picked":["Cloak And Dagger","Poisoned Stab"],"picked":"Tactician","floor":17},{"not_picked":["PiercingWail","Dagger Spray"],"picked":"Escape Plan","floor":17},{"not_picked":["Sucker Punch","Riddle With Holes"],"picked":"Deflect","floor":17},{"not_picked":["Riddle With Holes+1","Terror"],"picked":"Escape Plan","floor":18},{"not_picked":["Cloak And Dagger+1","Dagger Throw"],"picked":"Dodge and Roll","floor":20},{"not_picked":["Backflip","Flechettes+1"],"picked":"Burst","floor":22},{"not_picked":["Sucker Punch","Underhanded Strike"],"picked":"Deadly Poison","floor":23},{"not_picked":["Finisher+1","Slice"],"picked":"Blur","floor":24},{"not_picked":["Dodge and Roll","Reflex"],"picked":"Backflip","floor":28},{"not_picked":["Cloak And Dagger","Flying Knee"],"picked":"Calculated Gamble+1","floor":29},{"not_picked":["Distraction","Choke+1"],"picked":"Predator+1","floor":30},{"not_picked":["Night Terror","A Thousand Cuts"],"picked":"Bullet Time","floor":33},{"not_picked":["Well Laid Plans","PiercingWail"],"picked":"Deadly Poison+1","floor":35},{"not_picked":["Noxious Fumes","Quick Slash"],"picked":"Catalyst","floor":36}],"player_experience":43783,"relics_obtained":[{"floor":8,"key":"Orichalcum"},{"floor":9,"key":"Dream Catcher"},{"floor":11,"key":"Smiling Mask"},{"floor":21,"key":"Nilry\u0027s Codex"}],"event_choices":[{"damage_healed":0,"gold_gain":0,"player_choice":"Upgraded","damage_taken":0,"max_hp_gain":0,"max_hp_loss":0,"event_name":"Upgrade Shrine","floor":2,"gold_loss":0,"cards_upgraded":["Survivor"]},{"damage_healed":0,"gold_gain":0,"player_choice":"Obtained Book","damage_taken":16,"max_hp_gain":0,"max_hp_loss":0,"event_name":"Cursed Tome","floor":21,"gold_loss":0},{"damage_healed":0,"gold_gain":0,"player_choice":"Became a Ghost","damage_taken":0,"max_hp_gain":0,"max_hp_loss":35,"event_name":"Ghosts","floor":31,"gold_loss":0,"cards_obtained":["Ghostly","Ghostly","Ghostly","Ghostly","Ghostly"]},{"damage_healed":0,"gold_gain":0,"player_choice":"Embrace Madness","damage_taken":4,"max_hp_gain":0,"max_hp_loss":0,"event_name":"Winding Halls","floor":37,"gold_loss":0,"cards_obtained":["Madness","Madness"]},{"cards_removed":["Predator"],"damage_healed":0,"gold_gain":0,"player_choice":"Removed Attack","damage_taken":0,"max_hp_gain":0,"max_hp_loss":0,"event_name":"Falling","floor":38,"gold_loss":0},{"damage_healed":0,"gold_gain":0,"player_choice":"1 cards matched","damage_taken":0,"max_hp_gain":0,"max_hp_loss":0,"event_name":"Match and Keep!","floor":39,"gold_loss":0,"cards_obtained":["Madness"]}],"is_beta":false,"boss_relics":[{"not_picked":["Philosopher\u0027s Stone","Black Star"],"picked":"Orrery"},{"not_picked":["Lizard Tail","Velvet Choker"],"picked":"Sozu"}],"items_purged_floors":[],"is_endless":false,"potions_floor_spawned":[5,8,10,11,13,14,18,20,24,29,33,36],"killed_by":"Giant Head","ascension_level":0}