{"gold_per_floor":[119,119,133,133,133,166,166,42,42,42,52,52,66,80,80,80],"floor_reached":16,"playtime":271,"items_purged":["Strike_R"],"score":200,"play_id":"62d867e7-1bbd-430d-8031-671c4af98921","local_time":"20190324012121","is_ascension_mode":true,"campfire_choices":[{"data":"Bash","floor":7,"key":"SMITH"},{"data":"Rampage","floor":10,"key":"SMITH"},{"data":"Rage","floor":15,"key":"SMITH"}],"neow_cost":"NONE","seed_source_timestamp":50340788280930,"circlet_count":0,"master_deck":["AscendersBane","Strike_R","Strike_R","Strike_R","Defend_R","Defend_R","Defend_R","Bash+1","Rampage+1","Rage+1"],"relics":["Empty Cage","Lantern","The Courier","Nunchaku","Singing Bowl"],"potions_floor_usage":[3,6,14],"damage_taken":[{"damage":7,"enemies":"Small Slimes","floor":1,"turns":4},{"damage":0,"enemies":"2 Louse","floor":3,"turns":1},{"damage":8,"enemies":"Gremlin Nob","floor":6,"turns":3},{"damage":7,"enemies":"Jaw Worm","floor":11,"turns":3},{"damage":3,"enemies":"Exordium Wildlife","floor":13,"turns":3},{"damage":5,"enemies":"Lots of Slimes","floor":14,"turns":4},{"damage":21,"enemies":"Hexaghost","floor":16,"turns":9}],"seed_played":"982117996011486758","potions_obtained":[{"floor":1,"key":"Explosive Potion"},{"floor":3,"key":"SteroidPotion"},{"floor":13,"key":"SkillPotion"}],"is_trial":false,"path_per_floor":["M","?","M","?","T","E","R","$","T","R","M","$","M","M","R","B"],"character_chosen":"IRONCLAD","items_purchased":["Rage"],"campfire_rested":0,"item_purchase_floors":[8],"current_hp_per_floor":[61,61,61,50,50,42,42,42,42,42,37,37,36,33,33,12],"gold":80,"neow_bonus":"BOSS_RELIC","is_prod":false,"is_daily":false,"chose_seed":false,"campfire_upgraded":3,"win_rate":0,"timestamp":1553415681,"path_taken":["M","?","M","?","?","E","R","$","T","R","?","?","?","M","R","BOSS"],"build_version":"2019-03-15","purchased_purges":1,"victory":false,"max_hp_per_floor":[75,75,75,75,75,75,75,75,75,75,77,77,79,81,81,81],"card_choices":[{"not_picked":["Intimidate","Fire Breathing"],"picked":"Rampage","floor":1},{"not_picked":["Sword Boomerang","Flex","Feed"],"picked":"Singing Bowl","floor":11},{"not_picked":["Thunderclap","Headbutt","Shockwave"],"picked":"Singing Bowl","floor":13},{"not_picked":["Whirlwind","Hemokinesis","Headbutt"],"picked":"Singing Bowl","floor":14}],"player_experience":1359676,"relics_obtained":[{"floor":5,"key":"The Courier"},{"floor":6,"key":"Nunchaku"},{"floor":9,"key":"Singing Bowl"}],"event_choices":[{"damage_healed":0,"gold_gain":0,"player_choice":"Ignored","damage_taken":0,"max_hp_gain":0,"max_hp_loss":0,"event_name":"Liars Game","floor":2,"gold_loss":0},{"damage_healed":0,"gold_gain":0,"player_choice":"Success","damage_taken":11,"relics_obtained":["Lantern"],"max_hp_gain":0,"max_hp_loss":0,"event_name":"Scrap Ooze","floor":4,"gold_loss":0}],"is_beta":true,"boss_relics":[],"items_purged_floors":[8],"is_endless":false,"potions_floor_spawned":[1,3,13],"killed_by":"Hexaghost","ascension_level":20}