{"gold_per_floor":[109,27,45,64,80,80,80,108,108,108,108,108,20,95,95,95],"floor_reached":16,"playtime":275,"items_purged":[],"score":196,"play_id":"e2ec658a-cdeb-4d88-9d47-df8f52625c18","local_time":"20190213143808","is_ascension_mode":true,"campfire_choices":[{"data":"Armaments","floor":6,"key":"SMITH"},{"data":"Bash","floor":12,"key":"SMITH"},{"data":"Perfected Strike","floor":15,"key":"SMITH"}],"neow_cost":"NONE","seed_source_timestamp":13977386639305,"circlet_count":0,"master_deck":["AscendersBane","Strike_R","Strike_R","Strike_R","Strike_R","Strike_R","Defend_R","Defend_R","Defend_R","Defend_R","Bash+1","Headbutt","Perfected Strike+1","Armaments+1","Body Slam","Hemokinesis","Twin Strike","Twin Strike","Inflame"],"relics":["Philosopher\u0027s Stone","Self Forming Clay","Darkstone Periapt","Paper Frog","Golden Idol"],"potions_floor_usage":[16],"damage_taken":[{"damage":0,"enemies":"Jaw Worm","floor":1,"turns":3},{"damage":8,"enemies":"2 Louse","floor":3,"turns":3},{"damage":7,"enemies":"Small Slimes","floor":4,"turns":3},{"damage":23,"enemies":"Exordium Wildlife","floor":5,"turns":4},{"damage":18,"enemies":"Lagavulin","floor":8,"turns":6},{"damage":26,"enemies":"The Guardian","floor":16,"turns":6}],"seed_played":"6355710181567402576","potions_obtained":[{"floor":1,"key":"SmokeBomb"},{"floor":3,"key":"Strength Potion"}],"is_trial":false,"path_per_floor":["M","$","M","M","M","R","?","E","T","?","?","R","$","?","R","B"],"character_chosen":"IRONCLAD","items_purchased":["Perfected Strike","Armaments","Inflame"],"campfire_rested":0,"item_purchase_floors":[2,2,13],"current_hp_per_floor":[68,68,60,53,30,30,25,7,7,7,29,29,29,18,18,0],"gold":95,"neow_bonus":"BOSS_RELIC","is_prod":false,"is_daily":false,"chose_seed":false,"campfire_upgraded":3,"win_rate":0,"timestamp":1550097488,"path_taken":["M","$","M","M","M","R","?","E","T","?","?","R","$","?","R","BOSS"],"build_version":"2019-02-06","purchased_purges":0,"victory":false,"max_hp_per_floor":[75,75,75,75,75,75,75,75,75,68,68,68,68,68,68,68],"card_choices":[{"not_picked":["Second Wind","Twin Strike"],"picked":"Headbutt","floor":1},{"not_picked":["Clash","Pummel"],"picked":"Body Slam","floor":3},{"not_picked":["Burning Pact","Second Wind"],"picked":"Hemokinesis","floor":4},{"not_picked":["Disarm","Rampage"],"picked":"Twin Strike","floor":5},{"not_picked":["Armaments","Sword Boomerang"],"picked":"Twin Strike","floor":8}],"player_experience":1156009,"relics_obtained":[{"floor":8,"key":"Darkstone Periapt"},{"floor":9,"key":"Paper Frog"}],"event_choices":[{"damage_healed":0,"gold_gain":0,"player_choice":"Success","damage_taken":5,"relics_obtained":["Self Forming Clay"],"max_hp_gain":0,"max_hp_loss":0,"event_name":"Scrap Ooze","floor":7,"gold_loss":0},{"damage_healed":0,"gold_gain":0,"player_choice":"Lose Max HP","damage_taken":0,"relics_obtained":["Golden Idol"],"max_hp_gain":0,"max_hp_loss":7,"event_name":"Golden Idol","floor":10,"gold_loss":0},{"damage_healed":22,"gold_gain":0,"player_choice":"Banana","damage_taken":0,"max_hp_gain":0,"max_hp_loss":0,"event_name":"Big Fish","floor":11,"gold_loss":0},{"damage_healed":0,"gold_gain":75,"player_choice":"Gather Gold","damage_taken":11,"max_hp_gain":0,"max_hp_loss":0,"event_name":"World of Goop","floor":14,"gold_loss":0}],"is_beta":true,"boss_relics":[],"items_purged_floors":[],"is_endless":false,"potions_floor_spawned":[1,3,8],"killed_by":"The Guardian","ascension_level":20}