{"gold_per_floor":[109,32,51,5,24,24,49,64,64,84,116,116,148,161,161,232,232,243,259,259,33,46,46,78,78,78,97,117,167,167],"floor_reached":30,"playtime":1107,"items_purged":[],"score":476,"play_id":"b365aacf-ebda-4bf7-b394-5258db6dabb5","local_time":"20180703003653","is_ascension_mode":true,"campfire_choices":[{"data":"Neutralize","floor":6,"key":"SMITH"},{"floor":15,"key":"REST"},{"floor":23,"key":"REST"},{"data":"Malaise","floor":25,"key":"SMITH"}],"neow_cost":"NONE","seed_source_timestamp":17691968039018,"circlet_count":0,"master_deck":["Defend_G+1","Defend_G+1","Defend_G+1","Defend_G+1","Defend_G+1","Strike_G+1","Strike_G+1","Strike_G+1","Strike_G+1","Strike_G+1","Survivor","Neutralize+1","AscendersBane","Endless Agony","Well Laid Plans","Flying Knee","Deadly Poison","Quick Slash","Glass Knife+1","Cloak And Dagger","Backflip","Cloak And Dagger","Malaise+1","Envenom","Noxious Fumes+1","Skewer","Footwork","Dagger Throw","Deflect","Dagger Spray"],"relics":["Ring of the Snake","NeowsBlessing","Letter Opener","Pantograph","Pear","Whetstone","Sozu","Juzu Bracelet","Happy Flower","Darkstone Periapt"],"potions_floor_usage":[7,10,13,22],"damage_taken":[{"damage":0,"enemies":"Cultist","floor":1,"turns":1},{"damage":0,"enemies":"Jaw Worm","floor":3,"turns":1},{"damage":0,"enemies":"2 Louse","floor":5,"turns":1},{"damage":12,"enemies":"Gremlin Nob","floor":7,"turns":3},{"damage":1,"enemies":"Looter","floor":8,"turns":4},{"damage":15,"enemies":"Large Slime","floor":10,"turns":4},{"damage":13,"enemies":"3 Sentries","floor":11,"turns":7},{"damage":12,"enemies":"Gremlin Nob","floor":13,"turns":4},{"damage":1,"enemies":"Red Slaver","floor":14,"turns":3},{"damage":38,"enemies":"Slime Boss","floor":16,"turns":11},{"damage":11,"enemies":"2 Thieves","floor":18,"turns":5},{"damage":4,"enemies":"3 Byrds","floor":19,"turns":5},{"damage":25,"enemies":"Cultist and Chosen","floor":22,"turns":8},{"damage":16,"enemies":"Book of Stabbing","floor":24,"turns":7},{"damage":46,"enemies":"Chosen and Byrds","floor":27,"turns":7},{"damage":3,"enemies":"Centurion and Healer","floor":28,"turns":6},{"damage":7,"enemies":"Gremlin Leader","floor":30,"turns":4}],"seed_played":"8546940529439266718","potions_obtained":[{"floor":5,"key":"SteroidPotion"},{"floor":7,"key":"Weak Potion"},{"floor":8,"key":"Strength Potion"},{"floor":16,"key":"Regen Potion"}],"is_trial":false,"path_per_floor":["M","$","M","$","M","R","E","M","T","M","E","?","E","M","R","B",null,"M","M","?","$","M","R","E","R","T","M","M","?"],"character_chosen":"THE_SILENT","items_purchased":["Well Laid Plans","Deadly Poison","Footwork","Juzu Bracelet"],"campfire_rested":2,"item_purchase_floors":[2,4,21,21],"current_hp_per_floor":[59,59,59,59,59,59,47,46,46,31,28,33,21,20,44,31,69,58,54,54,54,44,68,52,52,52,6,3,3,0],"gold":167,"neow_bonus":"THREE_ENEMY_KILL","is_prod":false,"is_daily":false,"chose_seed":false,"campfire_upgraded":2,"win_rate":0,"timestamp":1530603413,"path_taken":["M","$","M","$","?","R","E","M","T","M","E","?","E","M","R","BOSS","M","M","?","$","M","R","E","R","T","M","M","?","E"],"build_version":"2018-06-29","purchased_purges":0,"victory":false,"max_hp_per_floor":[66,66,66,66,66,66,66,66,66,66,76,81,81,81,81,81,81,81,81,81,81,81,81,81,81,81,81,81,81,81],"card_choices":[{"not_picked":["Acrobatics","Outmaneuver"],"picked":"Endless Agony","floor":1},{"not_picked":["Slice","Setup"],"picked":"Flying Knee","floor":3},{"not_picked":["Sucker Punch","Expertise"],"picked":"Quick Slash","floor":5},{"not_picked":["Masterful Stab","Underhanded Strike","Prepared"],"picked":"SKIP","floor":7},{"not_picked":["Prepared","Slice"],"picked":"Glass Knife","floor":8},{"not_picked":["Terror","Quick Slash"],"picked":"Cloak And Dagger","floor":10},{"not_picked":["Caltrops","Dodge and Roll"],"picked":"Backflip","floor":11},{"not_picked":["Escape Plan","Backflip"],"picked":"Cloak And Dagger","floor":13},{"not_picked":["Dash","Prepared"],"picked":"Malaise","floor":14},{"not_picked":["Burst","Tools of the Trade"],"picked":"Envenom","floor":16},{"not_picked":["Accuracy","Dash"],"picked":"Noxious Fumes+1","floor":18},{"not_picked":["PiercingWail","Eviscerate"],"picked":"Skewer","floor":19},{"not_picked":["Slice","Poisoned Stab"],"picked":"Dagger Throw","floor":22},{"not_picked":["Predator","Bane"],"picked":"Deflect","floor":27},{"not_picked":["Poisoned Stab","Deadly Poison"],"picked":"Dagger Spray","floor":28}],"player_experience":462911,"relics_obtained":[{"floor":7,"key":"Letter Opener"},{"floor":9,"key":"Pantograph"},{"floor":11,"key":"Pear"},{"floor":13,"key":"Whetstone"},{"floor":24,"key":"Happy Flower"},{"floor":26,"key":"Darkstone Periapt"}],"event_choices":[{"event_name":"Big Fish","player_choice":"Donut","floor":12,"damage_taken":0},{"event_name":"Back to Basics","player_choice":"Simplicity","floor":20,"damage_taken":0},{"event_name":"Nest","player_choice":"Stole From Cult","floor":29,"damage_taken":0}],"boss_relics":[{"not_picked":["Calling Bell","Tiny House"],"picked":"Sozu"}],"items_purged_floors":[],"is_endless":false,"potions_floor_spawned":[5,7,8,16,19,22,24,27],"killed_by":"Gremlin Leader","ascension_level":15}