{"gold_per_floor":[110,110,35,45,45,45,45,45,45,61,77,111,11,43,43,139,139],"floor_reached":17,"playtime":414,"items_purged":["Blade Dance","Escape Plan"],"score":171,"play_id":"1ae81d46-b7b2-41a9-8006-4e91963f88ce","local_time":"20190228203322","is_ascension_mode":true,"campfire_choices":[{"data":"Neutralize","floor":6,"key":"SMITH"},{"data":"Bullet Time","floor":8,"key":"SMITH"},{"data":"Crippling Poison","floor":15,"key":"SMITH"}],"neow_cost":"NONE","seed_source_timestamp":12083437970546,"circlet_count":0,"master_deck":["Survivor","Neutralize+1","Dagger Throw","Masterful Stab+1","Die Die Die","Crippling Poison+1","Glass Knife+1","Crippling Poison","Burst","Bullet Time+1","Footwork","After Image"],"relics":["Pandora\u0027s Box","CultistMask","Sundial","Toxic Egg 2","Whetstone"],"potions_floor_usage":[11],"damage_taken":[{"damage":0,"enemies":"Small Slimes","floor":1,"turns":2},{"damage":0,"enemies":"Cultist","floor":4,"turns":2},{"damage":0,"enemies":"2 Louse","floor":10,"turns":2},{"damage":6,"enemies":"Exordium Thugs","floor":11,"turns":3},{"damage":12,"enemies":"3 Sentries","floor":12,"turns":3},{"damage":4,"enemies":"Gremlin Nob","floor":14,"turns":3},{"damage":29,"enemies":"The Guardian","floor":16,"turns":7}],"seed_played":"-8769554453716520824","potions_obtained":[{"floor":1,"key":"Ancient Potion"},{"floor":10,"key":"SkillPotion"},{"floor":12,"key":"Dexterity Potion"},{"floor":14,"key":"SteroidPotion"}],"is_trial":false,"path_per_floor":["M","?","$","M","$","R","$","R","T","M","M","E","$","E","R","B",null],"character_chosen":"THE_SILENT","items_purchased":[],"campfire_rested":0,"item_purchase_floors":[],"current_hp_per_floor":[70,70,70,70,70,70,70,70,70,70,64,52,52,48,48,19,19],"gold":139,"neow_bonus":"BOSS_RELIC","is_prod":false,"is_daily":false,"chose_seed":false,"campfire_upgraded":3,"win_rate":0,"timestamp":1551414802,"path_taken":["M","?","$","M","?","R","$","R","T","M","?","E","$","E","R","BOSS"],"build_version":"2019-02-06","purchased_purges":2,"victory":false,"max_hp_per_floor":[70,70,70,70,70,70,70,70,70,70,70,70,70,70,70,70,70],"card_choices":[{"not_picked":["Quick Slash","Prepared"],"picked":"Footwork","floor":4},{"not_picked":["Doppelganger+1","A Thousand Cuts"],"picked":"After Image","floor":16}],"player_experience":1236279,"relics_obtained":[{"floor":9,"key":"Sundial"},{"floor":12,"key":"Toxic Egg 2"},{"floor":14,"key":"Whetstone"}],"event_choices":[{"damage_healed":0,"gold_gain":0,"player_choice":"Trade","damage_taken":0,"relics_obtained":["CultistMask"],"max_hp_gain":0,"max_hp_loss":0,"event_name":"FaceTrader","floor":2,"gold_loss":0}],"is_beta":true,"boss_relics":[],"items_purged_floors":[3,13],"is_endless":false,"potions_floor_spawned":[1,10,12,14],"ascension_level":1}