{"gold_per_floor":[117,134,3,3,153,153,183,194,194,194,194,213,236,236,236,236],"floor_reached":16,"playtime":356,"items_purged":[],"score":250,"play_id":"35818ffe-15a8-48d1-b542-f8250719cd3f","local_time":"20190320133814","is_ascension_mode":true,"campfire_choices":[{"data":"Neutralize","floor":6,"key":"SMITH"},{"data":"All Out Attack","floor":15,"key":"SMITH"}],"neow_cost":"NONE","seed_source_timestamp":18836331956633,"circlet_count":0,"master_deck":["AscendersBane","Defend_G","Defend_G","Defend_G","Defend_G","Defend_G","Strike_G","Strike_G","Strike_G","Strike_G","Strike_G","Survivor","Neutralize+1","Footwork","Leg Sweep","Crippling Poison","Leg Sweep","Backstab","Terror","Deadly Poison","All Out Attack+1"],"relics":["Ring of the Snake","NeowsBlessing","Matryoshka","Gremlin Horn","Bottled Flame","Golden Idol"],"potions_floor_usage":[16,16],"damage_taken":[{"damage":0,"enemies":"2 Louse","floor":1,"turns":1},{"damage":0,"enemies":"Small Slimes","floor":2,"turns":2},{"damage":0,"enemies":"Lagavulin","floor":7,"turns":1},{"damage":1,"enemies":"Cultist","floor":8,"turns":8},{"damage":0,"enemies":"Blue Slaver","floor":12,"turns":4},{"damage":0,"enemies":"3 Louse","floor":13,"turns":4},{"damage":66,"enemies":"Slime Boss","floor":16,"turns":13}],"seed_played":"-2594628003790248244","potions_obtained":[{"floor":1,"key":"Weak Potion"},{"floor":2,"key":"Weak Potion"},{"floor":8,"key":"GhostInAJar"}],"is_trial":false,"path_per_floor":["M","M","$","?","?","R","E","M","T","?","?","M","M","?","R","B"],"character_chosen":"THE_SILENT","items_purchased":["Crippling Poison","Leg Sweep"],"campfire_rested":0,"item_purchase_floors":[3,3],"current_hp_per_floor":[59,59,59,59,59,59,59,58,58,58,58,58,58,63,63,0],"gold":236,"neow_bonus":"THREE_ENEMY_KILL","is_prod":false,"is_daily":false,"chose_seed":false,"campfire_upgraded":2,"win_rate":0,"timestamp":1553114294,"path_taken":["M","M","$","?","?","R","E","M","T","?","?","?","M","?","R","BOSS"],"build_version":"2019-03-15","purchased_purges":0,"victory":false,"max_hp_per_floor":[66,66,66,66,66,66,66,66,66,60,60,60,60,65,65,65],"card_choices":[{"not_picked":["Underhanded Strike","Cloak And Dagger"],"picked":"Footwork","floor":1},{"not_picked":["Slice","Flying Knee"],"picked":"Leg Sweep","floor":2},{"not_picked":["Concentrate","Outmaneuver"],"picked":"Backstab","floor":7},{"not_picked":["Escape Plan","Prepared"],"picked":"Terror","floor":8},{"not_picked":["Endless Agony","Cloak And Dagger"],"picked":"Deadly Poison","floor":12},{"not_picked":["Deadly Poison","Quick Slash"],"picked":"All Out Attack","floor":13}],"player_experience":1331404,"relics_obtained":[{"floor":7,"key":"Matryoshka"},{"floor":9,"key":"Gremlin Horn"},{"floor":9,"key":"Bottled Flame"}],"event_choices":[{"damage_healed":0,"gold_gain":0,"player_choice":"Leave","damage_taken":0,"max_hp_gain":0,"max_hp_loss":0,"event_name":"The Cleric","floor":4,"gold_loss":0},{"damage_healed":0,"gold_gain":150,"player_choice":"AGREE","damage_taken":0,"max_hp_gain":0,"max_hp_loss":0,"event_name":"Liars Game","floor":5,"gold_loss":0,"cards_obtained":["Doubt"]},{"damage_healed":0,"gold_gain":0,"player_choice":"Lose Max HP","damage_taken":0,"relics_obtained":["Golden Idol"],"max_hp_gain":0,"max_hp_loss":6,"event_name":"Golden Idol","floor":10,"gold_loss":0},{"cards_removed":["Doubt"],"damage_healed":0,"gold_gain":0,"player_choice":"Removed Curses","damage_taken":0,"max_hp_gain":0,"max_hp_loss":0,"event_name":"Fountain of Cleansing","floor":11,"gold_loss":0},{"damage_healed":0,"gold_gain":0,"player_choice":"Donut","damage_taken":0,"max_hp_gain":5,"max_hp_loss":0,"event_name":"Big Fish","floor":14,"gold_loss":0}],"is_beta":true,"boss_relics":[],"items_purged_floors":[],"is_endless":false,"potions_floor_spawned":[1,2,8],"killed_by":"Slime Boss","ascension_level":20}