{"gold_per_floor":[113,63,81,153,166,166,195,205,258,258,271,49,49,119,119,119],"floor_reached":16,"playtime":1214,"items_purged":["Strike_G"],"score":102,"play_id":"a0f1ccd5-bffd-4a12-bd10-c837d547fa19","local_time":"20190530154406","is_ascension_mode":false,"campfire_choices":[{"data":"Flechettes","floor":6,"key":"SMITH"},{"floor":10,"key":"REST"},{"floor":15,"key":"REST"}],"neow_cost":"NONE","seed_source_timestamp":1276626369779408,"circlet_count":0,"master_deck":["Defend_G","Defend_G","Defend_G","Defend_G","Defend_G","Strike_G","Strike_G","Strike_G","Survivor","Neutralize","PiercingWail","Flechettes+1","Poisoned Stab","Backstab","Well Laid Plans","Acrobatics"],"relics":["Ring of the Snake","Potion Belt","Meat on the Bone","The Courier","Lantern","Sling","SsserpentHead"],"potions_floor_usage":[7,16,16],"damage_taken":[{"damage":2,"enemies":"Small Slimes","floor":1,"turns":5},{"damage":6,"enemies":"Jaw Worm","floor":3,"turns":6},{"damage":2,"enemies":"Cultist","floor":5,"turns":4},{"damage":46,"enemies":"Gremlin Nob","floor":7,"turns":6},{"damage":23,"enemies":"Exordium Wildlife","floor":8,"turns":9},{"damage":2,"enemies":"Large Slime","floor":11,"turns":7},{"damage":0,"enemies":"Looter","floor":14,"turns":3},{"damage":69,"enemies":"Slime Boss","floor":16,"turns":12}],"seed_played":"772788724993331007","potions_obtained":[{"floor":3,"key":"Ancient Potion"},{"floor":5,"key":"Regen Potion"},{"floor":8,"key":"Block Potion"}],"is_trial":false,"path_per_floor":["M","?","M","T","M","R","E","M","T","R","M","$","?","M","R","B"],"character_chosen":"THE_SILENT","items_purchased":["Sling"],"campfire_rested":2,"item_purchase_floors":[12],"current_hp_per_floor":[68,68,62,62,60,60,35,24,24,45,43,43,43,43,64,0],"gold":119,"neow_bonus":"RANDOM_COMMON_RELIC","is_prod":false,"is_daily":false,"chose_seed":false,"campfire_upgraded":1,"win_rate":0,"timestamp":1559245446,"path_taken":["M","?","M","?","M","R","E","M","T","R","M","$","?","?","R","BOSS"],"build_version":"2019-01-23","purchased_purges":1,"victory":false,"max_hp_per_floor":[70,70,70,70,70,70,70,70,70,70,70,70,70,70,70,70],"card_choices":[{"not_picked":["Dodge and Roll","Tactician"],"picked":"PiercingWail","floor":1},{"not_picked":["Underhanded Strike","Quick Slash"],"picked":"Flechettes","floor":3},{"not_picked":["Dagger Throw","Masterful Stab","Distraction"],"picked":"SKIP","floor":5},{"not_picked":["Unload","Blade Dance"],"picked":"Poisoned Stab","floor":7},{"not_picked":["Underhanded Strike","Endless Agony"],"picked":"Backstab","floor":8},{"not_picked":["Slice","Deflect"],"picked":"Well Laid Plans","floor":11},{"not_picked":["Flying Knee","Terror"],"picked":"Acrobatics","floor":14}],"player_experience":70918,"relics_obtained":[{"floor":4,"key":"Meat on the Bone"},{"floor":7,"key":"The Courier"},{"floor":9,"key":"Lantern"}],"event_choices":[{"cards_removed":["Strike_G"],"damage_healed":0,"gold_gain":0,"player_choice":"Card Removal","damage_taken":0,"max_hp_gain":0,"max_hp_loss":0,"event_name":"The Cleric","floor":2,"gold_loss":50},{"damage_healed":0,"gold_gain":0,"player_choice":"Trade","damage_taken":0,"relics_obtained":["SsserpentHead"],"max_hp_gain":0,"max_hp_loss":0,"event_name":"FaceTrader","floor":13,"gold_loss":0}],"is_beta":false,"boss_relics":[],"items_purged_floors":[12],"is_endless":false,"potions_floor_spawned":[3,5,8],"killed_by":"Slime Boss","ascension_level":0}