{"gold_per_floor":[115,115,3,3,14,14,72,72,72,72,86,86,98,122,134,224,236,268,292,304,330,357,369,381,393,430,453,515,527,550,18,18,96,96,108,108,2,22,22,22,22,55,135,135,135,158,173,42,42,42],"floor_reached":50,"playtime":1253,"items_purged":["Strike_B"],"score":1031,"play_id":"e0b18918-56a7-4e29-919f-bfe6a93124d9","local_time":"20190824201951","is_ascension_mode":true,"campfire_choices":[{"data":"Defragment","floor":6.0,"key":"SMITH"},{"data":"Zap","floor":10.0,"key":"SMITH"},{"data":"Dualcast","floor":13.0,"key":"SMITH"},{"data":"Self Repair","floor":15.0,"key":"SMITH"},{"floor":23.0,"key":"REST"},{"data":"Defragment","floor":25.0,"key":"SMITH"},{"floor":32.0,"key":"REST"},{"data":"Biased Cognition","floor":40.0,"key":"SMITH"},{"data":"Electrodynamics","floor":44.0,"key":"SMITH"},{"floor":49.0,"key":"REST"}],"neow_cost":"NONE","seed_source_timestamp":373424748191700,"circlet_count":0,"master_deck":["AscendersBane","Defend_B","Defend_B","Zap+1","Dualcast+1","Defragment+1","Leap","Beam Cell","Electrodynamics+1","Self Repair+1","Buffer","Chill","Defragment+1","Melter+1","Ball Lightning","Conserve Battery","Panache","Core Surge","White Noise","Biased Cognition+1","Blind","Go for the Eyes+1","Leap","Force Field"],"special_seed":0,"relics":["Cracked Core","NeowsBlessing","Ancient Tea Set","Tiny Chest","Pear","MawBank","Empty Cage","Bag of Marbles","Busted Crown","Kunai","Meat on the Bone","Darkstone Periapt","Omamori"],"potions_floor_usage":[50,50],"damage_taken":[{"damage":0.0,"enemies":"Small Slimes","floor":1.0,"turns":1.0},{"damage":0.0,"enemies":"Cultist","floor":5.0,"turns":1.0},{"damage":0.0,"enemies":"Lagavulin","floor":7.0,"turns":1.0},{"damage":0.0,"enemies":"2 Louse","floor":11.0,"turns":1.0},{"damage":4.0,"enemies":"Blue Slaver","floor":14.0,"turns":3.0},{"damage":32.0,"enemies":"Slime Boss","floor":16.0,"turns":7.0},{"damage":24.0,"enemies":"3 Byrds","floor":18.0,"turns":3.0},{"damage":18.0,"enemies":"Shell Parasite","floor":19.0,"turns":5.0},{"damage":13.0,"enemies":"3 Cultists","floor":21.0,"turns":3.0},{"damage":35.0,"enemies":"Snake Plant","floor":22.0,"turns":4.0},{"damage":13.0,"enemies":"Centurion and Healer","floor":27.0,"turns":5.0},{"damage":7.0,"enemies":"Chosen and Byrds","floor":30.0,"turns":4.0},{"damage":28.0,"enemies":"Collector","floor":33.0,"turns":7.0},{"damage":16.0,"enemies":"Orb Walker","floor":35.0,"turns":3.0},{"damage":4.0,"enemies":"3 Shapes","floor":38.0,"turns":3.0},{"damage":0.0,"enemies":"Reptomancer","floor":42.0,"turns":4.0},{"damage":11.0,"enemies":"Sphere and 2 Shapes","floor":47.0,"turns":3.0},{"damage":88,"enemies":"Awakened One","floor":50,"turns":6}],"seed_played":"5849907191160302891","potions_obtained":[{"floor":1.0,"key":"EssenceOfSteel"},{"floor":11.0,"key":"AttackPotion"},{"floor":18.0,"key":"SkillPotion"},{"floor":19.0,"key":"SpeedPotion"},{"floor":22.0,"key":"Energy Potion"},{"floor":30.0,"key":"AttackPotion"},{"floor":35.0,"key":"SkillPotion"},{"floor":42.0,"key":"PowerPotion"}],"is_trial":false,"path_per_floor":["M","?","$","?","M","R","E","$","T","R","M","T","R","M","R","B",null,"M","M","?","M","M","R","?","R","T","M","?","?","M","$","R","B",null,"M","?","$","M","?","R","$","E","T","R","T","T","M","$","R","B"],"character_chosen":"DEFECT","items_purchased":["Defragment","Leap","Panache","Core Surge","White Noise","Blind","Force Field","Dexterity Potion"],"campfire_rested":3,"item_purchase_floors":[3,3,31,31,31,37,48,48],"current_hp_per_floor":[64,64,64,57,57,57,57,57,67,67,67,67,67,63,63,41,71,47,39,39,36,11,35,35,35,35,32,32,32,25,25,49,31,69,63,63,63,69,69,69,69,69,69,69,69,69,58,58,81,0],"gold":42,"neow_bonus":"THREE_ENEMY_KILL","is_prod":false,"is_daily":false,"chose_seed":false,"campfire_upgraded":7,"win_rate":0,"timestamp":1566645591,"path_taken":["M","?","?","?","M","R","E","?","T","R","M","?","R","M","R","BOSS","M","M","?","M","M","R","?","R","T","?","?","?","M","?","R","BOSS","M","?","?","M","?","R","$","E","T","R","?","?","M","$","R","BOSS"],"build_version":"2019-07-17","purchased_purges":1,"victory":false,"max_hp_per_floor":[71,71,71,71,71,71,71,71,81,81,81,81,81,81,81,81,81,81,81,81,81,81,81,81,81,81,81,81,81,81,81,81,81,81,81,81,81,81,81,81,81,81,81,81,81,81,81,81,81,81],"card_choices":[{"not_picked":["Conserve Battery","Gash"],"picked":"Rebound","floor":1.0},{"not_picked":["Rebound","Gash"],"picked":"Beam Cell","floor":5.0},{"not_picked":["Gash","Tempest"],"picked":"Electrodynamics","floor":7.0},{"not_picked":["Rebound","Gash","Streamline"],"picked":"SKIP","floor":11.0},{"not_picked":["Steam","Reboot"],"picked":"Self Repair","floor":14.0},{"not_picked":["All For One","Rainbow"],"picked":"Buffer","floor":16.0},{"not_picked":["Ball Lightning","Redo"],"picked":"Chill","floor":18.0},{"not_picked":["Scrape","Sweeping Beam","Rip and Tear"],"picked":"SKIP","floor":19.0},{"not_picked":["Storm","Streamline"],"picked":"Melter+1","floor":21.0},{"not_picked":["Redo","Compile Driver"],"picked":"Ball Lightning","floor":22.0},{"not_picked":["Streamline","Rebound","Redo"],"picked":"SKIP","floor":27.0},{"not_picked":["Reprogram","Lockon"],"picked":"Conserve Battery","floor":30.0},{"not_picked":["Buffer","Seek"],"picked":"Biased Cognition","floor":33.0},{"not_picked":["Streamline"],"picked":"SKIP","floor":35.0},{"not_picked":[],"picked":"Go for the Eyes+1","floor":38.0},{"not_picked":["Redo"],"picked":"SKIP","floor":42.0},{"not_picked":[],"picked":"Leap","floor":47.0}],"player_experience":231796,"relics_obtained":[{"floor":7.0,"key":"Tiny Chest"},{"floor":9.0,"key":"Pear"},{"floor":12.0,"key":"MawBank"},{"floor":26.0,"key":"Bag of Marbles"},{"floor":42.0,"key":"Kunai"},{"floor":43.0,"key":"Meat on the Bone"},{"floor":45.0,"key":"Darkstone Periapt"},{"floor":46.0,"key":"Omamori"}],"event_choices":[{"cards_removed":["Rebound"],"damage_healed":0.0,"max_hp_gain":0.0,"max_hp_loss":0.0,"gold_gain":0.0,"event_name":"WeMeetAgain","player_choice":"Gave Card","floor":2.0,"gold_loss":0.0,"damage_taken":0.0,"relics_obtained":["Ancient Tea Set"]},{"cards_removed":["Defend_B"],"damage_healed":0.0,"max_hp_gain":0.0,"max_hp_loss":0.0,"gold_gain":0.0,"event_name":"Golden Wing","player_choice":"Card Removal","floor":4.0,"gold_loss":0.0,"damage_taken":7.0},{"damage_healed":0.0,"max_hp_gain":0.0,"max_hp_loss":0.0,"gold_gain":0.0,"event_name":"The Library","player_choice":"Read","floor":20.0,"gold_loss":0.0,"damage_taken":0.0,"cards_obtained":["Defragment"]},{"cards_removed":["Strike_B"],"damage_healed":0.0,"max_hp_gain":0.0,"max_hp_loss":0.0,"gold_gain":0.0,"event_name":"Wheel of Change","player_choice":"Card Removal","floor":24.0,"gold_loss":0.0,"damage_taken":0.0},{"damage_healed":0.0,"max_hp_gain":0.0,"max_hp_loss":0.0,"gold_gain":50.0,"event_name":"Nest","player_choice":"Stole From Cult","floor":28.0,"gold_loss":0.0,"damage_taken":0.0},{"damage_healed":0.0,"max_hp_gain":0.0,"max_hp_loss":0.0,"gold_gain":0.0,"event_name":"Cursed Tome","player_choice":"Ignored","floor":29.0,"gold_loss":0.0,"damage_taken":0.0},{"cards_removed":["Strike_B"],"damage_healed":0.0,"max_hp_gain":0.0,"max_hp_loss":0.0,"gold_gain":0.0,"event_name":"Purifier","player_choice":"Purged","floor":36.0,"gold_loss":0.0,"damage_taken":0.0},{"damage_healed":0.0,"max_hp_gain":0.0,"max_hp_loss":0.0,"gold_gain":0.0,"event_name":"SensoryStone","player_choice":"Memory 1","floor":39.0,"gold_loss":0.0,"damage_taken":0.0}],"is_beta":false,"boss_relics":[{"not_picked":["Ectoplasm","Lizard Tail"],"picked":"Empty Cage"},{"not_picked":["Orrery","Black Star"],"picked":"Busted Crown"}],"items_purged_floors":[31],"is_endless":false,"potions_floor_spawned":[1,11,18,19,22,30,35,42],"killed_by":"Awakened One","ascension_level":19}