{"gold_per_floor":[111,131,151,170,182,182,210,210,237,237,256,256,3,23,23,94,124,138,138,154,38,52,52,102,102,129,157,157],"floor_reached":28,"playtime":837,"items_purged":[],"score":419,"play_id":"b7a31242-c14a-4ecb-a1f7-afa58b3a7c88","local_time":"20180713161933","is_ascension_mode":true,"campfire_choices":[{"data":"Skewer","floor":6,"key":"SMITH"},{"floor":12,"key":"REST"},{"data":"Neutralize","floor":15,"key":"SMITH"},{"floor":23,"key":"REST"},{"floor":25,"key":"REST"}],"neow_cost":"NONE","seed_source_timestamp":255219641149513,"circlet_count":0,"master_deck":["Defend_G","Defend_G","Defend_G","Defend_G","Defend_G","Strike_G","Strike_G","Strike_G","Strike_G","Strike_G","Survivor","Neutralize+1","AscendersBane","Skewer+1","Deflect","Dodge and Roll+1","Crippling Poison","Noxious Fumes","Dagger Spray","Noxious Fumes","Footwork","Burst","Outmaneuver","Deflect+1","Skewer+1","Footwork","Footwork","Doubt","Dash+1"],"relics":["Cursed Key","The Courier","Happy Flower","Spirit Poop","Molten Egg 2","Tiny House","Dream Catcher","Anchor"],"potions_floor_usage":[7,27],"damage_taken":[{"damage":0,"enemies":"Small Slimes","floor":1,"turns":4},{"damage":0,"enemies":"Jaw Worm","floor":2,"turns":3},{"damage":0,"enemies":"Cultist","floor":3,"turns":3},{"damage":4,"enemies":"Looter","floor":4,"turns":4},{"damage":13,"enemies":"Gremlin Gang","floor":5,"turns":6},{"damage":12,"enemies":"Lagavulin","floor":7,"turns":7},{"damage":13,"enemies":"3 Louse","floor":11,"turns":4},{"damage":4,"enemies":"2 Fungi Beasts","floor":14,"turns":2},{"damage":9,"enemies":"Hexaghost","floor":16,"turns":9},{"damage":7,"enemies":"Shell Parasite","floor":18,"turns":7},{"damage":25,"enemies":"Chosen","floor":20,"turns":8},{"damage":19,"enemies":"Centurion and Healer","floor":22,"turns":8},{"damage":41,"enemies":"Slavers","floor":27,"turns":7},{"damage":0,"enemies":"Snake Plant","floor":28,"turns":5}],"seed_played":"8915143575102227524","potions_obtained":[{"floor":1,"key":"GhostInAJar"},{"floor":7,"key":"LiquidBronze"},{"floor":11,"key":"Strength Potion"},{"floor":27,"key":"FearPotion"}],"is_trial":false,"path_per_floor":["M","M","M","M","M","R","E","?","T","?","M","R","$","M","R","B",null,"M","?","M","$","M","R","?","R","T","E"],"character_chosen":"THE_SILENT","items_purchased":["Noxious Fumes","Molten Egg 2","Footwork","Footwork"],"campfire_rested":3,"item_purchase_floors":[13,13,21,21],"current_hp_per_floor":[59,59,59,55,42,42,30,30,30,30,17,36,36,32,32,23,60,53,53,28,28,9,30,30,51,51,10,10],"gold":157,"neow_bonus":"BOSS_RELIC","is_prod":false,"is_daily":false,"chose_seed":false,"campfire_upgraded":2,"win_rate":0,"timestamp":1531523973,"path_taken":["M","M","M","M","M","R","E","?","T","?","M","R","$","?","R","BOSS","M","?","?","$","M","R","?","R","T","E","M"],"build_version":"2018-07-12","purchased_purges":0,"victory":false,"max_hp_per_floor":[66,66,66,66,66,66,66,66,66,66,66,66,66,66,66,66,71,71,71,71,71,71,71,71,71,71,71,71],"card_choices":[{"not_picked":["Choke","Outmaneuver"],"picked":"Skewer","floor":1},{"not_picked":["PiercingWail","Dagger Throw"],"picked":"Deflect","floor":3},{"not_picked":["Flechettes","PiercingWail"],"picked":"Dodge and Roll","floor":4},{"not_picked":["PiercingWail","Accuracy"],"picked":"Crippling Poison","floor":5},{"not_picked":["Bane","Endless Agony"],"picked":"Noxious Fumes","floor":7},{"not_picked":["Well Laid Plans","Dodge and Roll"],"picked":"Dagger Spray","floor":11},{"not_picked":["Expertise","Infinite Blades"],"picked":"Footwork","floor":14},{"not_picked":["Bullet Time","Tactician"],"picked":"Burst","floor":16},{"not_picked":["Expertise","Prepared"],"picked":"Outmaneuver","floor":17},{"not_picked":["Accuracy","Deadly Poison"],"picked":"Deflect+1","floor":18},{"not_picked":["Sucker Punch+1","Deadly Poison"],"picked":"Skewer+1","floor":20},{"not_picked":["Tactician","Outmaneuver"],"picked":"Dash+1","floor":27}],"player_experience":627508,"relics_obtained":[{"floor":7,"key":"The Courier"},{"floor":9,"key":"Happy Flower"},{"floor":26,"key":"Dream Catcher"},{"floor":27,"key":"Anchor"}],"event_choices":[{"event_name":"Shining Light","player_choice":"Ignored","floor":8,"damage_taken":0},{"event_name":"Bonfire Elementals","player_choice":"CURSE","floor":10,"damage_taken":0},{"event_name":"Addict","player_choice":"Ignored","floor":19,"damage_taken":0},{"event_name":"Golden Shrine","player_choice":"Pray","floor":24,"damage_taken":0}],"boss_relics":[{"not_picked":["Velvet Choker","Coffee Dripper"],"picked":"Tiny House"}],"items_purged_floors":[],"is_endless":false,"potions_floor_spawned":[1,7,11,14,27],"killed_by":"Snake Plant","ascension_level":15}