{"gold_per_floor":[119,15,15,26,26,26,44,73,73,73,100,110,110,127,127,203,203,221,176,91,91,103,136,136,84,109,138,153,57,57,87,87,171,183,208,270,294,318,342,354,392,404,416,442,454,491,0,30,42,54,66],"floor_reached":52,"playtime":2892,"items_purged":[],"score":2160,"play_id":"f850af5f-d1e2-4815-b7e8-25ce3bb9a832","local_time":"20190717211002","is_ascension_mode":true,"campfire_choices":[{"data":"Armaments","floor":6.0,"key":"SMITH"},{"data":"Perfected Strike","floor":10.0,"key":"SMITH"},{"data":"Shockwave","floor":15.0,"key":"SMITH"},{"data":"Disarm","floor":24,"key":"SMITH"},{"floor":32,"key":"DIG"},{"floor":40,"key":"DIG"},{"floor":45,"key":"DIG"},{"floor":49,"key":"DIG"}],"neow_cost":"NONE","seed_source_timestamp":752928778512,"circlet_count":0,"master_deck":["AscendersBane","Strike_R+1","Strike_R+1","Strike_R+1","Strike_R+1","Strike_R+1","Defend_R+1","Defend_R+1","Defend_R+1","Bash","Pommel Strike","Perfected Strike+1","Armaments+1","Spot Weakness","Shrug It Off","Shockwave+1","Pummel+1","Perfected Strike+1","Cleave+1","Reaper+1","Ghostly Armor","Shrug It Off","Perfected Strike+1","Disarm+1","Shrug It Off","Reaper+1","Disarm","Battle Trance","Shrug It Off","Feel No Pain","Limit Break","Heavy Blade+1","Clothesline+1","Fire Breathing+1","Perfected Strike+1","Reaper+1","Feel No Pain+1","Spot Weakness"],"special_seed":0,"relics":["Philosopher\u0027s Stone","Molten Egg 2","Oddly Smooth Stone","Mango","Potion Belt","Coffee Dripper","Bird Faced Urn","Blood Vial","Orichalcum","Torii","Shovel","MawBank","Runic Pyramid","Centennial Puzzle","Boot","Bottled Lightning","Blue Candle","Juzu Bracelet","Red Mask","Shuriken"],"potions_floor_usage":[33,37,37,38,46,50],"damage_taken":[{"damage":0.0,"enemies":"Small Slimes","floor":1.0,"turns":4.0},{"damage":0.0,"enemies":"Jaw Worm","floor":4.0,"turns":3.0},{"damage":0.0,"enemies":"Cultist","floor":7.0,"turns":2.0},{"damage":9.0,"enemies":"Gremlin Nob","floor":8.0,"turns":3.0},{"damage":0.0,"enemies":"Lagavulin","floor":11.0,"turns":4.0},{"damage":0.0,"enemies":"Large Slime","floor":12.0,"turns":3.0},{"damage":6.0,"enemies":"Looter","floor":14.0,"turns":2.0},{"damage":0.0,"enemies":"Slime Boss","floor":16.0,"turns":4.0},{"damage":20.0,"enemies":"Shell Parasite","floor":18.0,"turns":3.0},{"damage":9.0,"enemies":"2 Thieves","floor":19.0,"turns":5.0},{"damage":6,"enemies":"Snake Plant","floor":22,"turns":3},{"damage":15,"enemies":"Book of Stabbing","floor":23,"turns":4},{"damage":12,"enemies":"Gremlin Leader","floor":27,"turns":6},{"damage":6,"enemies":"Shelled Parasite and Fungi","floor":28,"turns":3},{"damage":2,"enemies":"Book of Stabbing","floor":31,"turns":6},{"damage":17,"enemies":"Collector","floor":33,"turns":12},{"damage":0,"enemies":"3 Shapes","floor":35,"turns":3},{"damage":31,"enemies":"3 Darklings","floor":37,"turns":7},{"damage":9,"enemies":"Spire Growth","floor":38,"turns":5},{"damage":0,"enemies":"4 Shapes","floor":39,"turns":8},{"damage":26,"enemies":"Nemesis","floor":41,"turns":7},{"damage":10,"enemies":"Sphere and 2 Shapes","floor":44,"turns":6},{"damage":32,"enemies":"Reptomancer","floor":46,"turns":6},{"damage":42,"enemies":"Writhing Mass","floor":48,"turns":7},{"damage":81,"enemies":"Donu and Deca","floor":50,"turns":11},{"damage":76,"enemies":"Time Eater","floor":51,"turns":14}],"seed_played":"-6393729954949009858","potions_obtained":[{"floor":7.0,"key":"PowerPotion"},{"floor":11.0,"key":"Ancient Potion"},{"floor":14.0,"key":"Fire Potion"},{"floor":16.0,"key":"Block Potion"},{"floor":19.0,"key":"Ancient Potion"},{"floor":27,"key":"Swift Potion"},{"floor":31,"key":"SkillPotion"},{"floor":33,"key":"Block Potion"},{"floor":37,"key":"FearPotion"},{"floor":44,"key":"PowerPotion"},{"floor":46,"key":"Explosive Potion"}],"is_trial":false,"path_per_floor":["M","$","?","M","?","R","M","E","T","R","E","M","?","M","R","B",null,"M","M","?","?","M","E","R","$","T","E","M","$","?","E","R","B",null,"M","?","M","M","M","R","E","?","T","M","R","E","?","M","R","B","B",null],"character_chosen":"IRONCLAD","items_purchased":["Perfected Strike","Armaments","Shrug It Off","Battle Trance","Shrug It Off"],"campfire_rested":0,"item_purchase_floors":[2,2,25,29,29],"current_hp_per_floor":[68,68,50,50,55,55,55,46,60,60,60,60,94,88,88,88,93,73,69,69,69,63,60,60,60,60,78,74,74,74,74,74,94,94,94,94,87,94,94,94,89,89,89,94,94,94,94,94,94,69,20],"gold":78,"neow_bonus":"BOSS_RELIC","is_prod":false,"is_daily":false,"chose_seed":false,"campfire_upgraded":4,"win_rate":0,"timestamp":1563423002,"path_taken":["M","$","?","M","?","R","M","E","T","R","E","M","?","M","R","BOSS","M","?","?","?","M","E","R","$","T","E","M","$","?","E","R","BOSS","M","?","?","M","M","R","E","?","T","M","R","E","?","M","R","BOSS","BOSS"],"build_version":"2019-07-10","purchased_purges":0,"victory":true,"max_hp_per_floor":[75,75,75,75,80,80,80,80,94,94,94,94,94,94,94,94,94,94,94,94,94,94,94,94,94,94,94,94,94,94,94,94,94,94,94,94,94,94,94,94,94,94,94,94,94,94,94,94,94,94,94],"card_choices":[{"not_picked":["Wild Strike","Warcry"],"picked":"Pommel Strike","floor":1.0},{"not_picked":["Flex","Warcry"],"picked":"Spot Weakness","floor":4.0},{"not_picked":["Dual Wield","Reckless Charge+1"],"picked":"Shrug It Off","floor":7.0},{"not_picked":["Berserk","Heavy Blade+1"],"picked":"Shockwave","floor":8.0},{"not_picked":["Body Slam+1","Spot Weakness"],"picked":"Pummel+1","floor":11.0},{"not_picked":["Uppercut+1","Corruption"],"picked":"Perfected Strike+1","floor":12.0},{"not_picked":["Rampage+1","Havoc"],"picked":"Cleave+1","floor":14.0},{"not_picked":["Impervious","Limit Break"],"picked":"Reaper+1","floor":16.0},{"not_picked":["True Grit","Second Wind"],"picked":"Ghostly Armor","floor":18.0},{"not_picked":["Blood for Blood+1","Second Wind+1"],"picked":"Shrug It Off","floor":19.0},{"not_picked":["Anger+1","Body Slam+1"],"picked":"Perfected Strike+1","floor":22},{"not_picked":["Headbutt+1","Armaments+1"],"picked":"Disarm","floor":23},{"not_picked":["Shockwave+1","Headbutt+1"],"picked":"Reaper+1","floor":27},{"not_picked":["Combust","Thunderclap+1"],"picked":"Disarm","floor":28},{"not_picked":["Iron Wave+1","Heavy Blade+1"],"picked":"Feel No Pain","floor":31},{"not_picked":["Double Tap","Impervious"],"picked":"Limit Break","floor":33},{"not_picked":["Havoc+1","Intimidate"],"picked":"Heavy Blade+1","floor":35},{"not_picked":["Ghostly Armor+1","Body Slam+1"],"picked":"Clothesline+1","floor":37},{"not_picked":["Sever Soul+1","Heavy Blade+1"],"picked":"Fire Breathing+1","floor":38},{"not_picked":["Hemokinesis+1","Anger+1"],"picked":"Perfected Strike+1","floor":39},{"not_picked":["Shrug It Off","Pummel+1"],"picked":"Reaper+1","floor":41},{"not_picked":["Body Slam+1","Flex","Heavy Blade+1"],"picked":"SKIP","floor":44},{"not_picked":["Cleave+1","Body Slam+1"],"picked":"Feel No Pain+1","floor":46},{"not_picked":["Rupture","Body Slam+1"],"picked":"Spot Weakness","floor":48}],"player_experience":1368952,"relics_obtained":[{"floor":8.0,"key":"Oddly Smooth Stone"},{"floor":9.0,"key":"Mango"},{"floor":11.0,"key":"Potion Belt"},{"floor":23,"key":"Blood Vial"},{"floor":26,"key":"Orichalcum"},{"floor":27,"key":"Torii"},{"floor":31,"key":"Shovel"},{"floor":32,"key":"MawBank"},{"floor":40,"key":"Centennial Puzzle"},{"floor":41,"key":"Boot"},{"floor":43,"key":"Bottled Lightning"},{"floor":45,"key":"Blue Candle"},{"floor":46,"key":"Juzu Bracelet"},{"floor":49,"key":"Shuriken"}],"event_choices":[{"damage_healed":0.0,"max_hp_gain":0.0,"max_hp_loss":0.0,"gold_gain":0.0,"event_name":"Scrap Ooze","player_choice":"Success","floor":3.0,"gold_loss":0.0,"damage_taken":18.0,"relics_obtained":["Molten Egg 2"]},{"damage_healed":0.0,"max_hp_gain":5.0,"max_hp_loss":0.0,"gold_gain":0.0,"event_name":"Big Fish","player_choice":"Donut","floor":5.0,"gold_loss":0.0,"damage_taken":0.0},{"damage_healed":34.0,"max_hp_gain":0.0,"max_hp_loss":0.0,"gold_gain":0.0,"event_name":"Wheel of Change","player_choice":"Full Heal","floor":13.0,"gold_loss":0.0,"damage_taken":0.0},{"damage_healed":0.0,"max_hp_gain":0.0,"max_hp_loss":0.0,"gold_gain":0.0,"event_name":"Addict","player_choice":"Obtained Relic","floor":20.0,"gold_loss":85.0,"damage_taken":0.0,"relics_obtained":["Bird Faced Urn"]},{"damage_healed":0.0,"max_hp_gain":0.0,"max_hp_loss":0.0,"gold_gain":0.0,"event_name":"Back to Basics","player_choice":"Simplicity","floor":21.0,"gold_loss":0.0,"damage_taken":0.0,"cards_upgraded":["Strike_R","Strike_R","Strike_R","Strike_R","Strike_R","Defend_R","Defend_R","Defend_R","Defend_R"]},{"damage_healed":0,"gold_gain":0,"player_choice":"Ignored","damage_taken":0,"max_hp_gain":0,"max_hp_loss":0,"event_name":"Vampires","floor":30,"gold_loss":0},{"damage_healed":0,"gold_gain":50,"player_choice":"Pray","damage_taken":0,"max_hp_gain":0,"max_hp_loss":0,"event_name":"Golden Shrine","floor":36,"gold_loss":0},{"cards_removed":["Defend_R"],"damage_healed":0,"gold_gain":0,"player_choice":"Removed Skill","damage_taken":0,"max_hp_gain":0,"max_hp_loss":0,"event_name":"Falling","floor":42,"gold_loss":0},{"damage_healed":0,"gold_gain":0,"player_choice":"Paid","damage_taken":0,"relics_obtained":["Red Mask"],"max_hp_gain":0,"max_hp_loss":0,"event_name":"Tomb of Lord Red Mask","floor":47,"gold_loss":503}],"is_beta":true,"boss_relics":[{"not_picked":["Empty Cage","Astrolabe"],"picked":"Coffee Dripper"},{"not_picked":["Runic Dome","Tiny House"],"picked":"Runic Pyramid"}],"items_purged_floors":[],"is_endless":false,"potions_floor_spawned":[7,11,14,16,19,27,31,33,37,44,46],"ascension_level":20}