{"gold_per_floor":[114,114,131,131,145,145,155,155,155,172,198,198,226,245,245,319,319,337,172,184,107,87,87,121,121,168,168],"floor_reached":27,"playtime":709,"items_purged":["Strike_B"],"score":422,"play_id":"112be69e-d85f-4a67-8622-85b90d9d5295","local_time":"20180712193138","is_ascension_mode":true,"campfire_choices":[{"data":"Self Repair","floor":6.0,"key":"SMITH"},{"data":"Stack","floor":8.0,"key":"SMITH"},{"data":"Hologram","floor":15.0,"key":"SMITH"},{"data":"Go for the Eyes","floor":23.0,"key":"SMITH"},{"data":"Skim","floor":25,"key":"SMITH"}],"neow_cost":"NONE","seed_source_timestamp":238399504632467,"circlet_count":0,"master_deck":["Strike_B","Strike_B","Defend_B+1","Defend_B","Zap","Dualcast","AscendersBane","Rip and Tear+1","Capacitor+1","Rip and Tear+1","Stack+1","Leap","Self Repair+1","Hologram+1","Doom and Gloom","Ball Lightning","Echo Form","Cold Snap","Hello World","Conserve Battery","Go for the Eyes+1","J.A.X.+1","Skim+1"],"special_seed":0,"relics":["Astrolabe","Emotion Chip","Ginger","Pen Nib","Singing Bowl","Bird Faced Urn","Runic Dome","Bottled Lightning","War Paint"],"potions_floor_usage":[27,27],"damage_taken":[{"damage":14.0,"enemies":"2 Louse","floor":1.0,"turns":2.0},{"damage":7.0,"enemies":"Jaw Worm","floor":3.0,"turns":3.0},{"damage":0.0,"enemies":"Small Slimes","floor":5.0,"turns":2.0},{"damage":8.0,"enemies":"Blue Slaver","floor":7.0,"turns":3.0},{"damage":11.0,"enemies":"Exordium Wildlife","floor":10.0,"turns":5.0},{"damage":32.0,"enemies":"3 Sentries","floor":11.0,"turns":8.0},{"damage":9.0,"enemies":"Gremlin Nob","floor":13.0,"turns":3.0},{"damage":3.0,"enemies":"2 Fungi Beasts","floor":14.0,"turns":3.0},{"damage":2.0,"enemies":"Slime Boss","floor":16.0,"turns":6.0},{"damage":20.0,"enemies":"2 Thieves","floor":18.0,"turns":3.0},{"damage":7.0,"enemies":"Chosen","floor":20.0,"turns":5.0},{"damage":53.0,"enemies":"Book of Stabbing","floor":24.0,"turns":8.0},{"damage":61,"enemies":"Slavers","floor":27,"turns":2}],"seed_played":"222900898084389803","potions_obtained":[{"floor":1.0,"key":"Poison Potion"},{"floor":10.0,"key":"Ancient Potion"},{"floor":13.0,"key":"PowerPotion"}],"is_trial":false,"path_per_floor":["M","?","M","?","M","R","M","R","T","M","E","T","E","M","R","B",null,"M","$","M","?","?","R","E","R","T"],"character_chosen":"DEFECT","items_purchased":["Hello World","Conserve Battery"],"campfire_rested":0,"item_purchase_floors":[19,19],"current_hp_per_floor":[50,55,48,37,37,37,39,39,39,38,16,16,19,28,28,26,65,57,57,78,78,78,78,53,53,53,0],"gold":168,"neow_bonus":"BOSS_RELIC","is_prod":false,"is_daily":false,"chose_seed":false,"campfire_upgraded":5,"win_rate":0,"timestamp":1531449098,"path_taken":["M","?","M","?","M","R","M","R","T","M","E","?","E","M","R","BOSS","M","$","M","?","?","R","E","R","T","E"],"build_version":"2018-07-12","purchased_purges":1,"victory":false,"max_hp_per_floor":[71,76,76,76,76,76,76,76,76,76,76,76,78,78,78,78,78,78,78,78,78,78,78,78,78,78,78],"card_choices":[{"not_picked":["Melter","Compile Driver"],"picked":"Stack","floor":1.0},{"not_picked":["Heatsinks","Doom and Gloom"],"picked":"Leap","floor":3.0},{"not_picked":["Gash","FTL"],"picked":"Self Repair","floor":5.0},{"not_picked":["Reinforced Body","Capacitor"],"picked":"Hologram","floor":10.0},{"not_picked":["Melter","Undo"],"picked":"Doom and Gloom","floor":11.0},{"not_picked":["Reinforced Body","Stack","Double Energy"],"picked":"Singing Bowl","floor":13.0},{"not_picked":["Streamline","Aggregate"],"picked":"Ball Lightning","floor":14.0},{"not_picked":["Biased Cognition","Meteor Strike"],"picked":"Echo Form","floor":16.0},{"not_picked":["Loop","Capacitor"],"picked":"Cold Snap","floor":18.0},{"not_picked":["Gash","Tempest"],"picked":"Go for the Eyes","floor":20.0},{"not_picked":["Thunder Strike","Gash+1"],"picked":"Skim","floor":24}],"player_experience":612482,"relics_obtained":[{"floor":9.0,"key":"Ginger"},{"floor":11.0,"key":"Pen Nib"},{"floor":12.0,"key":"Singing Bowl"},{"floor":13.0,"key":"Bird Faced Urn"},{"floor":24,"key":"Bottled Lightning"},{"floor":26,"key":"War Paint"}],"event_choices":[{"event_name":"Big Fish","player_choice":"Donut","floor":2.0,"damage_taken":0.0},{"event_name":"Scrap Ooze","player_choice":"success","floor":4.0,"damage_taken":11.0},{"event_name":"Drug Dealer","player_choice":"Got JAXXED","floor":21.0,"damage_taken":0.0},{"event_name":"The Woman in Blue","player_choice":"Bought 1 Potion","floor":22.0,"damage_taken":0.0}],"boss_relics":[{"not_picked":["Inserter","Runic Pyramid"],"picked":"Runic Dome"}],"items_purged_floors":[19],"is_endless":false,"potions_floor_spawned":[1,10,13,14,16],"killed_by":"Slavers","ascension_level":15}