{"gold_per_floor":[111,111,130,146,45,45,75,91,91,91],"floor_reached":10,"playtime":246,"items_purged":[],"score":136,"play_id":"d193c960-3349-4933-a08e-dffecadc9b18","local_time":"20190117103239","is_ascension_mode":true,"campfire_choices":[{"data":"Discovery","floor":6,"key":"SMITH"}],"neow_cost":"NONE","seed_source_timestamp":123869022329466,"circlet_count":0,"master_deck":["AscendersBane","Strike_B","Strike_B","Strike_B","Defend_B","Defend_B","Defend_B","Defend_B","Zap","Dualcast","Coolheaded","Seek","Defragment","Doom and Gloom","Discovery+1","Cold Snap","Loop"],"relics":["Cracked Core","NeowsBlessing","Pear","Gambling Chip"],"potions_floor_usage":[7],"damage_taken":[{"damage":0,"enemies":"Small Slimes","floor":1,"turns":1},{"damage":0,"enemies":"Cultist","floor":3,"turns":1},{"damage":0,"enemies":"2 Louse","floor":4,"turns":1},{"damage":24,"enemies":"3 Sentries","floor":7,"turns":9},{"damage":10,"enemies":"Blue Slaver","floor":8,"turns":4},{"damage":3,"enemies":"Gremlin Nob","floor":10,"turns":3}],"seed_played":"-9160285614323659024","potions_obtained":[{"floor":3,"key":"PowerPotion"},{"floor":7,"key":"LiquidBronze"}],"is_trial":false,"path_per_floor":["M","?","M","M","$","R","E","M","T","E"],"character_chosen":"DEFECT","items_purchased":["Discovery"],"campfire_rested":0,"item_purchase_floors":[5],"current_hp_per_floor":[64,64,64,64,64,64,50,40,40,37],"gold":91,"neow_bonus":"THREE_ENEMY_KILL","is_prod":false,"is_daily":false,"chose_seed":false,"campfire_upgraded":1,"win_rate":0,"timestamp":1547749959,"path_taken":["M","?","?","M","$","R","E","M","T","E"],"build_version":"2019-01-16","purchased_purges":0,"victory":false,"max_hp_per_floor":[71,71,71,71,71,71,81,81,81,81],"card_choices":[{"not_picked":["Ball Lightning","Leap"],"picked":"Coolheaded","floor":1},{"not_picked":["Rebound","Undo"],"picked":"Defragment","floor":3},{"not_picked":["Coolheaded","Compile Driver"],"picked":"Doom and Gloom","floor":4},{"not_picked":["Recycle","Go for the Eyes"],"picked":"Cold Snap","floor":7},{"not_picked":["Stack","Reprogram"],"picked":"Loop","floor":8}],"player_experience":1026169,"relics_obtained":[{"floor":7,"key":"Pear"},{"floor":9,"key":"Gambling Chip"}],"event_choices":[{"damage_healed":0,"gold_gain":0,"cards_transformed":["Strike_B"],"player_choice":"Transformed","damage_taken":0,"max_hp_gain":0,"max_hp_loss":0,"event_name":"Transmorgrifier","floor":2,"gold_loss":0,"cards_obtained":["Seek"]}],"is_beta":true,"boss_relics":[],"items_purged_floors":[],"is_endless":false,"potions_floor_spawned":[3,7],"killed_by":"Gremlin Nob","ascension_level":20}