{"gold_per_floor":[109,109,120,137,150,150,174,174,197,231,246,246,266,299,299,299],"floor_reached":16,"playtime":823,"items_purged":[],"score":207,"play_id":"3941f9de-6ded-40f1-9309-61d60551355e","local_time":"20190825150524","is_ascension_mode":true,"campfire_choices":[{"data":"Ball Lightning","floor":6.0,"key":"SMITH"},{"floor":8,"key":"REST"},{"floor":15,"key":"REST"}],"neow_cost":"NONE","seed_source_timestamp":104040985853112,"circlet_count":0,"master_deck":["AscendersBane","Strike_B","Strike_B","Strike_B","Defend_B","Defend_B+1","Defend_B+1","Defend_B","Zap+1","Dualcast","Compile Driver","Rip and Tear","Compile Driver","Ball Lightning+1","Glacier+1","Cold Snap","Go for the Eyes","Reprogram","Static Discharge","Consume"],"special_seed":0,"relics":["Cracked Core","NeowsBlessing","Odd Mushroom","Smiling Mask","Orichalcum","War Paint"],"potions_floor_usage":[7,7,14,14],"damage_taken":[{"damage":0.0,"enemies":"Small Slimes","floor":1.0,"turns":1.0},{"damage":0.0,"enemies":"Jaw Worm","floor":3.0,"turns":1.0},{"damage":0.0,"enemies":"2 Louse","floor":4.0,"turns":1.0},{"damage":12.0,"enemies":"Large Slime","floor":5.0,"turns":4.0},{"damage":8,"enemies":"The Mushroom Lair","floor":7,"turns":3},{"damage":16,"enemies":"Gremlin Nob","floor":10,"turns":3},{"damage":1,"enemies":"Red Slaver","floor":11,"turns":3},{"damage":1,"enemies":"Exordium Wildlife","floor":13,"turns":4},{"damage":15,"enemies":"Lagavulin","floor":14,"turns":3},{"damage":33,"enemies":"Hexaghost","floor":16,"turns":9}],"seed_played":"8994331209203697636","potions_obtained":[{"floor":1.0,"key":"Dexterity Potion"},{"floor":4.0,"key":"SteroidPotion"},{"floor":10,"key":"FearPotion"},{"floor":11,"key":"Strength Potion"}],"is_trial":false,"path_per_floor":["M","?","M","M","M","R","?","R","T","E","M","?","M","E","R","B"],"character_chosen":"DEFECT","items_purchased":[],"campfire_rested":2,"item_purchase_floors":[],"current_hp_per_floor":[64,43,43,43,31,31,23,44,44,28,27,27,26,11,32,0],"gold":299,"neow_bonus":"THREE_ENEMY_KILL","is_prod":false,"is_daily":false,"chose_seed":false,"campfire_upgraded":1,"win_rate":0,"timestamp":1566770724,"path_taken":["M","?","M","M","M","R","?","R","T","E","M","?","M","E","R","BOSS"],"build_version":"2019-07-17","purchased_purges":0,"victory":false,"max_hp_per_floor":[71,71,71,71,71,71,71,71,71,71,71,71,71,71,71,71],"card_choices":[{"not_picked":["FTL","Stack"],"picked":"Compile Driver","floor":1.0},{"not_picked":["Lockon","Loop"],"picked":"Rip and Tear","floor":3.0},{"not_picked":["Steam","Leap"],"picked":"Compile Driver","floor":4.0},{"not_picked":["Undo","Barrage"],"picked":"Ball Lightning","floor":5.0},{"not_picked":["Stack","Creative AI"],"picked":"Glacier","floor":7},{"not_picked":["Steam","Redo"],"picked":"Cold Snap","floor":10},{"not_picked":["Rip and Tear","Chill"],"picked":"Go for the Eyes","floor":11},{"not_picked":["Streamline","Beam Cell"],"picked":"Static Discharge","floor":13},{"not_picked":["Steam","Aggregate"],"picked":"Consume","floor":14}],"player_experience":728406,"relics_obtained":[{"floor":7,"key":"Odd Mushroom"},{"floor":9,"key":"Smiling Mask"},{"floor":10,"key":"Orichalcum"},{"floor":14,"key":"War Paint"}],"event_choices":[{"damage_healed":0.0,"max_hp_gain":0.0,"max_hp_loss":0.0,"gold_gain":0.0,"event_name":"Shining Light","player_choice":"Entered Light","floor":2.0,"gold_loss":0.0,"damage_taken":21.0,"cards_upgraded":["Defend_B","Zap"]},{"damage_healed":0,"gold_gain":0,"player_choice":"Fought Mushrooms","damage_taken":0,"max_hp_gain":0,"max_hp_loss":0,"event_name":"Mushrooms","floor":7,"gold_loss":0},{"damage_healed":0,"gold_gain":0,"cards_transformed":["Strike_B"],"player_choice":"Change","damage_taken":0,"max_hp_gain":0,"max_hp_loss":0,"event_name":"Living Wall","floor":12,"gold_loss":0,"cards_obtained":["Reprogram"]}],"is_beta":false,"boss_relics":[],"items_purged_floors":[],"is_endless":false,"potions_floor_spawned":[1,4,5,10,11],"killed_by":"Hexaghost","ascension_level":17}