{"path_per_floor":["M","M","M","?","?","R","E","?","T","E","R","M","T","M","R","B",null,"M","?","$","M","?","R","E","M","T","M","?","M","E","M","R","B",null,"M","?","?","?","$","R","M","M","T","?","M","M","M","M","R","B"],"character_chosen":"THE_SILENT","items_purchased":["Apotheosis+1","Vajra","Panache"],"gold_per_floor":[116,133,145,145,145,145,173,203,203,263,263,281,281,294,294,394,394,411,411,59,74,74,74,106,119,119,130,130,140,173,190,190,288,318,330,330,330,330,63,63,75,89,89,0,19,29,47,64,64,64],"floor_reached":51,"campfire_rested":6,"playtime":3983,"item_purchase_floors":[20,20,39],"current_hp_per_floor":[70,69,69,74,74,74,38,38,38,18,40,40,40,40,62,31,75,54,54,54,54,54,75,77,77,77,77,95,95,57,53,81,81,100,82,96,82,72,72,106,106,75,75,75,70,70,70,68,102,64],"items_purged":["Defend_G"],"gold":64,"score":801,"play_id":"13f54367-c5f5-44b9-b23a-15df778ee394","local_time":"20180617161627","is_prod":false,"is_daily":false,"chose_seed":false,"is_ascension_mode":false,"campfire_upgraded":1,"win_rate":0.0,"timestamp":1529266587,"campfire_choices":[{"data":"Night Terror","floor":6,"key":"SMITH"},{"floor":11,"key":"REST"},{"floor":15,"key":"REST"},{"floor":23,"key":"REST"},{"floor":32,"key":"REST"},{"floor":40,"key":"REST"},{"floor":49,"key":"REST"}],"path_taken":["M","M","M","?","?","R","E","?","T","E","R","M","?","?","R","BOSS","M","?","$","M","?","R","E","M","T","?","?","M","E","M","R","BOSS","M","?","?","?","$","R","M","M","T","?","?","M","M","M","R","BOSS"],"build_version":"2018-06-14v2","seed_source_timestamp":324443675154720,"purchased_purges":1,"victory":true,"master_deck":["Defend_G","Defend_G","Defend_G","Defend_G","Strike_G","Strike_G","Strike_G","Strike_G","Survivor","Neutralize","Blur","PiercingWail","Backflip","Night Terror+1","Bouncing Flask","Predator+1","Dagger Spray","Acrobatics","Crippling Poison+1","Bane","Adrenaline+1","Bane","Apotheosis+1","Well Laid Plans","Prepared+1","Outmaneuver+1","Acrobatics+1","Bane","Burst+1","Acrobatics+1","Dagger Spray+1","Tools of the Trade","Outmaneuver+1","Blur+1","Footwork","Madness+1","Madness+1","Blind+1","Dark Shackles+1","Secret Weapon+1","Panache","Underhanded Strike+1","PiercingWail+1","Expertise+1","Dagger Spray+1","Distraction+1","Leg Sweep+1","Infinite Blades+1"],"max_hp_per_floor":[70,70,70,75,75,75,75,75,75,75,75,75,75,75,75,75,75,75,75,75,75,75,75,85,85,85,85,95,95,95,95,95,95,100,100,114,114,114,114,114,114,114,114,114,114,114,114,114,114,114],"relics":["Philosopher\u0027s Stone","Letter Opener","Dream Catcher","Paper Crane","Tiny Chest","Toxic Egg 2","Sozu","Vajra","Pear","Happy Flower","Kunai","Tiny House","Mango","Meat on the Bone","Red Mask"],"card_choices":[{"not_picked":["Bane","Acrobatics"],"picked":"Blur","floor":1},{"not_picked":["Deflect","Blur"],"picked":"PiercingWail","floor":2},{"not_picked":["PiercingWail","Outmaneuver"],"picked":"Backflip","floor":3},{"not_picked":["Backflip","Slice"],"picked":"Bouncing Flask","floor":7},{"not_picked":["Unload","Underhanded Strike"],"picked":"Predator","floor":10},{"not_picked":["Blade Dance","Endless Agony"],"picked":"Dagger Spray","floor":11},{"not_picked":["Blade Dance","Dodge and Roll"],"picked":"Acrobatics","floor":12},{"not_picked":["Poisoned Stab","Doppelganger+1"],"picked":"Crippling Poison+1","floor":14},{"not_picked":["Dagger Spray","Deadly Poison+1"],"picked":"Bane","floor":15},{"not_picked":["Tools of the Trade","Bullet Time+1"],"picked":"Adrenaline+1","floor":16},{"not_picked":["Poisoned Stab","Deadly Poison+1"],"picked":"Bane","floor":18},{"not_picked":["Outmaneuver+1","Caltrops"],"picked":"Well Laid Plans","floor":21},{"not_picked":["Sucker Punch+1","Quick Slash"],"picked":"After Image","floor":23},{"not_picked":["Dagger Throw","Expertise+1"],"picked":"Prepared+1","floor":24},{"not_picked":["Underhanded Strike","Dodge and Roll+1"],"picked":"Outmaneuver+1","floor":25},{"not_picked":["Deadly Poison+1","Crippling Poison+1"],"picked":"Acrobatics+1","floor":27},{"not_picked":["Quick Slash","Deflect+1"],"picked":"Bane","floor":29},{"not_picked":["Cloak And Dagger+1","Underhanded Strike+1"],"picked":"Burst+1","floor":30},{"not_picked":["Dagger Spray","Cloak And Dagger+1"],"picked":"Acrobatics+1","floor":31},{"not_picked":["Quick Slash","Sucker Punch"],"picked":"Dagger Spray+1","floor":32},{"not_picked":["Night Terror+1","Venomology+1"],"picked":"Tools of the Trade","floor":33},{"not_picked":["Dodge and Roll+1","Dagger Spray"],"picked":"Outmaneuver+1","floor":34},{"not_picked":["Slice+1","Outmaneuver+1"],"picked":"Blur+1","floor":35},{"not_picked":["Dagger Throw","Dash"],"picked":"Footwork","floor":36},{"not_picked":["Panacea+1","Finesse+1"],"picked":"Blind+1","floor":38},{"not_picked":["Secret Weapon+1","Madness+1"],"picked":"Dark Shackles+1","floor":38},{"not_picked":["Trip+1","Madness+1"],"picked":"Secret Weapon+1","floor":38},{"not_picked":["Deflect+1","Acrobatics+1"],"picked":"Underhanded Strike+1","floor":40},{"not_picked":["Heel Hook+1","Eviscerate+1"],"picked":"PiercingWail+1","floor":41},{"not_picked":["Slice+1","Deadly Poison+1"],"picked":"Expertise+1","floor":42},{"not_picked":["Blur+1","All Out Attack"],"picked":"Dagger Spray+1","floor":45},{"not_picked":["Dodge and Roll+1","Finisher+1"],"picked":"Distraction+1","floor":46},{"not_picked":["Footwork","Deadly Poison+1","Slice"],"picked":"SKIP","floor":47},{"not_picked":["Deflect+1","Deadly Poison+1"],"picked":"Leg Sweep+1","floor":48},{"not_picked":["Night Terror+1","Deflect+1"],"picked":"Infinite Blades+1","floor":49}],"player_experience":121297,"potions_floor_usage":[7,7,7,16],"damage_taken":[{"damage":0,"enemies":"Small Slimes","floor":1,"turns":3},{"damage":1,"enemies":"Jaw Worm","floor":2,"turns":5},{"damage":0,"enemies":"Cultist","floor":3,"turns":5},{"damage":36,"enemies":"Gremlin Nob","floor":7,"turns":5},{"damage":20,"enemies":"Lagavulin","floor":10,"turns":5},{"damage":0,"enemies":"2 Fungi Beasts","floor":12,"turns":3},{"damage":0,"enemies":"Large Slime","floor":14,"turns":4},{"damage":31,"enemies":"The Guardian","floor":16,"turns":9},{"damage":21,"enemies":"Chosen","floor":18,"turns":4},{"damage":0,"enemies":"Spheric Guardian","floor":21,"turns":3},{"damage":8,"enemies":"Book of Stabbing","floor":24,"turns":5},{"damage":0,"enemies":"Snecko","floor":25,"turns":3},{"damage":0,"enemies":"Sentry and Sphere","floor":27,"turns":3},{"damage":0,"enemies":"Cultist and Chosen","floor":29,"turns":2},{"damage":38,"enemies":"Slavers","floor":30,"turns":3},{"damage":4,"enemies":"Snake Plant","floor":31,"turns":3},{"damage":0,"enemies":"Champ","floor":33,"turns":9},{"damage":18,"enemies":"Orb Walker","floor":35,"turns":4},{"damage":0,"floor":36,"turns":5},{"damage":0,"enemies":"3 Darklings","floor":41,"turns":2},{"damage":31,"enemies":"Sphere and 2 Shapes","floor":42,"turns":6},{"damage":5,"enemies":"4 Shapes","floor":45,"turns":3},{"damage":0,"enemies":"3 Darklings","floor":46,"turns":2},{"damage":0,"enemies":"Maw","floor":47,"turns":6},{"damage":2,"enemies":"4 Shapes","floor":48,"turns":3},{"damage":50,"enemies":"Time Eater","floor":50,"turns":12}],"relics_obtained":[{"floor":7,"key":"Letter Opener"},{"floor":9,"key":"Paper Crane"},{"floor":10,"key":"Tiny Chest"},{"floor":13,"key":"Toxic Egg 2"},{"floor":24,"key":"Pear"},{"floor":26,"key":"Happy Flower"},{"floor":30,"key":"Kunai"},{"floor":36,"key":"Mango"},{"floor":43,"key":"Meat on the Bone"}],"event_choices":[{"event_name":"Big Fish","player_choice":"Donut","floor":4,"damage_taken":0},{"event_name":"Transmorgrifier","player_choice":"Transform","floor":5,"damage_taken":0},{"event_name":"Dead Adventurer","player_choice":"Searched \u00272\u0027 times","floor":8,"damage_taken":0},{"event_name":"Ghosts","player_choice":"Ignored","floor":19,"damage_taken":0},{"event_name":"The Lab","player_choice":"Got Potions","floor":22,"damage_taken":0},{"event_name":"Bonfire Elementals","player_choice":"RARE","floor":28,"damage_taken":0},{"event_name":"MindBloom","player_choice":"Fight","floor":36,"damage_taken":0},{"event_name":"Winding Halls","player_choice":"Embrace Madness","floor":37,"damage_taken":0},{"event_name":"SensoryStone","player_choice":"Memory 3","floor":38,"damage_taken":0},{"event_name":"Tomb of Lord Red Mask","player_choice":"Paid","floor":44,"damage_taken":0}],"boss_relics":[{"not_picked":["Runic Pyramid","Runic Dome"],"picked":"Sozu"},{"not_picked":["Velvet Choker","Snecko Eye"],"picked":"Tiny House"}],"items_purged_floors":[39],"is_endless":false,"potions_floor_spawned":[1,2,3,14,24,27,29,35,36,42],"seed_played":"-1122481828469030379","ascension_level":0,"potions_obtained":[{"floor":1,"key":"Strength Potion"},{"floor":2,"key":"LiquidBronze"},{"floor":3,"key":"Fire Potion"},{"floor":14,"key":"LiquidBronze"}],"is_trial":false}