{"gold_per_floor":[118,132,147,147,5,5,31,31,57,90,109,109,144,161,161,161],"floor_reached":16,"playtime":416,"items_purged":[],"score":210,"play_id":"9281737b-64ba-4635-9762-635aa0b7957d","local_time":"20180806220054","is_ascension_mode":true,"campfire_choices":[{"data":"Rainbow","floor":6,"key":"SMITH"},{"floor":12,"key":"REST"},{"data":"Hologram","floor":15,"key":"SMITH"}],"neow_cost":"NONE","seed_source_timestamp":720112067202639,"circlet_count":0,"master_deck":["Strike_B","Strike_B","Strike_B","Strike_B","Defend_B","Defend_B","Defend_B","Defend_B","Zap","Dualcast","AscendersBane","Genetic Algorithm","Go for the Eyes","Conserve Battery","Rainbow+1","Hologram+1","Cold Snap","Streamline","Redo","Fission","Redo"],"relics":["Cracked Core","NeowsBlessing","Dream Catcher","Anchor","DataDisk","Mummified Hand"],"potions_floor_usage":[7,13],"damage_taken":[{"damage":0,"enemies":"Cultist","floor":1,"turns":1},{"damage":0,"enemies":"Jaw Worm","floor":2,"turns":1},{"damage":0,"enemies":"2 Louse","floor":3,"turns":1},{"damage":33,"enemies":"3 Sentries","floor":7,"turns":7},{"damage":7,"enemies":"Lagavulin","floor":10,"turns":5},{"damage":0,"enemies":"Blue Slaver","floor":11,"turns":3},{"damage":3,"enemies":"3 Sentries","floor":13,"turns":6},{"damage":32,"enemies":"Large Slime","floor":14,"turns":7},{"damage":0,"enemies":"The Guardian","floor":16,"turns":2}],"seed_played":"4694610397982362431","potions_obtained":[{"floor":2,"key":"Weak Potion"},{"floor":3,"key":"Fire Potion"},{"floor":4,"key":"Ancient Potion"},{"floor":7,"key":"Fire Potion"},{"floor":14,"key":"Ancient Potion"}],"is_trial":false,"path_per_floor":["M","M","M","?","$","R","E","?","T","E","M","R","E","M","R"],"character_chosen":"DEFECT","items_purchased":["Rainbow"],"campfire_rested":1,"item_purchase_floors":[5],"current_hp_per_floor":[64,64,64,64,64,64,31,31,31,24,24,45,42,10,10,10],"gold":161,"neow_bonus":"THREE_ENEMY_KILL","is_prod":false,"is_daily":false,"chose_seed":false,"campfire_upgraded":2,"win_rate":0,"timestamp":1533618054,"path_taken":["M","M","?","?","$","R","E","?","T","E","M","R","E","M","R","BOSS"],"build_version":"2018-08-01","purchased_purges":0,"victory":false,"max_hp_per_floor":[71,71,71,71,71,71,71,71,71,71,71,71,71,71,71,71],"card_choices":[{"not_picked":["Barrage","Auto Shields"],"picked":"Genetic Algorithm","floor":1},{"not_picked":["Storm","Compile Driver"],"picked":"Go for the Eyes","floor":2},{"not_picked":["Stack","BootSequence"],"picked":"Conserve Battery","floor":3},{"not_picked":["Turbo","Reinforced Body"],"picked":"Hologram","floor":7},{"not_picked":["Genetic Algorithm","Barrage"],"picked":"Cold Snap","floor":10},{"not_picked":["Amplify","Force Field"],"picked":"Streamline","floor":11},{"not_picked":["Undo","BootSequence"],"picked":"Redo","floor":12},{"not_picked":["Amplify","Fusion"],"picked":"Fission","floor":13},{"not_picked":["Turbo","Barrage"],"picked":"Redo","floor":14}],"player_experience":753976,"relics_obtained":[{"floor":7,"key":"Dream Catcher"},{"floor":9,"key":"Anchor"},{"floor":10,"key":"DataDisk"},{"floor":13,"key":"Mummified Hand"}],"event_choices":[{"event_name":"The Lab","player_choice":"Got Potions","floor":4,"damage_taken":0},{"event_name":"Shining Light","player_choice":"Ignored","floor":8,"damage_taken":0}],"is_beta":true,"boss_relics":[],"items_purged_floors":[],"is_endless":false,"potions_floor_spawned":[2,3,7,14],"killed_by":"The Guardian","ascension_level":15}