{"gold_per_floor":[114,39,39,50,69,69,87,87,87,120,120,97,172,227,227,227],"floor_reached":16,"playtime":388,"items_purged":[],"score":220,"play_id":"adf2befe-b5a2-47be-9a23-c74d6bc22116","local_time":"20190210122953","is_ascension_mode":true,"campfire_choices":[{"data":"Neutralize","floor":6.0,"key":"SMITH"},{"data":"Bane","floor":8.0,"key":"SMITH"},{"data":"Malaise","floor":15.0,"key":"SMITH"}],"neow_cost":"NONE","seed_source_timestamp":0,"circlet_count":0,"master_deck":["AscendersBane","Defend_G","Defend_G","Defend_G","Defend_G","Strike_G","Strike_G","Strike_G","Strike_G","Survivor","Neutralize+1","Deadly Poison","Deadly Poison","Bane+1","Flying Knee","Malaise+1","Cloak And Dagger","Dash"],"special_seed":0,"relics":["Ring of the Snake","NeowsBlessing","Omamori","Bottled Flame","Tiny Chest"],"potions_floor_usage":[],"damage_taken":[{"damage":0.0,"enemies":"Small Slimes","floor":1.0,"turns":1.0},{"damage":0.0,"enemies":"2 Louse","floor":4.0,"turns":1.0},{"damage":0.0,"enemies":"Jaw Worm","floor":5.0,"turns":1.0},{"damage":4.0,"enemies":"2 Fungi Beasts","floor":7.0,"turns":4.0},{"damage":10.0,"enemies":"Lagavulin","floor":10.0,"turns":5.0},{"damage":4.0,"enemies":"Exordium Thugs","floor":12.0,"turns":4.0},{"damage":19.0,"enemies":"3 Sentries","floor":14.0,"turns":10.0},{"damage":4,"enemies":"The Guardian","floor":16,"turns":8}],"seed_played":"-2291410710948951272","potions_obtained":[{"floor":7.0,"key":"Block Potion"},{"floor":10.0,"key":"Block Potion"}],"is_trial":false,"path_per_floor":["M","?","?","M","M","R","M","R","T","E","?","M","?","E","R","B"],"character_chosen":"THE_SILENT","items_purchased":[],"campfire_rested":0,"item_purchase_floors":[],"current_hp_per_floor":[59,59,59,59,59,59,55,55,55,45,38,34,23,4,4,0],"gold":227,"neow_bonus":"THREE_ENEMY_KILL","is_prod":false,"is_daily":false,"chose_seed":false,"campfire_upgraded":3,"win_rate":0,"timestamp":1549830593,"path_taken":["M","?","?","M","M","R","M","R","T","E","?","M","?","E","R","BOSS"],"build_version":"2019-02-06","purchased_purges":0,"victory":false,"max_hp_per_floor":[66,66,66,66,66,66,66,66,66,66,66,66,66,66,66,66],"card_choices":[{"not_picked":["Slice","Calculated Gamble"],"picked":"Deadly Poison","floor":1.0},{"not_picked":["Deflect","Cloak And Dagger"],"picked":"Deadly Poison","floor":4.0},{"not_picked":["Dagger Throw","Escape Plan"],"picked":"Bane","floor":5.0},{"not_picked":["Dagger Throw","Accuracy"],"picked":"Flying Knee","floor":7.0},{"not_picked":["Acrobatics","Corpse Explosion"],"picked":"Malaise","floor":10.0},{"not_picked":["Blade Dance","Riddle With Holes"],"picked":"Cloak And Dagger","floor":12.0},{"not_picked":["Dagger Spray","Storm of Steel"],"picked":"Dash","floor":14.0}],"player_experience":1138741,"relics_obtained":[{"floor":9.0,"key":"Omamori"},{"floor":10.0,"key":"Bottled Flame"},{"floor":14.0,"key":"Tiny Chest"}],"event_choices":[{"cards_removed":["Strike_G"],"damage_healed":0.0,"max_hp_gain":0.0,"max_hp_loss":0.0,"gold_gain":0.0,"event_name":"The Cleric","player_choice":"Card Removal","floor":2.0,"gold_loss":75.0,"damage_taken":0.0},{"damage_healed":0.0,"max_hp_gain":0.0,"max_hp_loss":0.0,"gold_gain":0.0,"event_name":"Liars Game","player_choice":"Ignored","floor":3.0,"gold_loss":0.0,"damage_taken":0.0},{"cards_removed":["Defend_G"],"damage_healed":0.0,"max_hp_gain":0.0,"max_hp_loss":0.0,"gold_gain":0.0,"event_name":"Golden Wing","player_choice":"Card Removal","floor":11.0,"gold_loss":0.0,"damage_taken":7.0},{"damage_healed":0.0,"max_hp_gain":0.0,"max_hp_loss":0.0,"gold_gain":75.0,"event_name":"World of Goop","player_choice":"Gather Gold","floor":13.0,"gold_loss":0.0,"damage_taken":11.0}],"is_beta":true,"boss_relics":[],"items_purged_floors":[],"is_endless":false,"potions_floor_spawned":[7,10],"killed_by":"The Guardian","ascension_level":20}