{"gold_per_floor":[119,119,119,39,59,59,76,76,76,76,93,122,132,159,159,233,233,249,263,50,69,69,69,89,89,89,116,116,144,67,94,94,171,171,182,22,0,0,13,13,38,38,65,65,65,97,125,138,138,138,138],"floor_reached":52,"playtime":1753,"items_purged":[],"score":2233,"play_id":"0b7de0a9-23eb-40d4-89c9-d4cc4e1b3b6c","local_time":"20190201160243","is_ascension_mode":true,"campfire_choices":[{"floor":6.0,"key":"REST"},{"data":"Armaments","floor":8.0,"key":"SMITH"},{"data":"Clothesline","floor":10.0,"key":"SMITH"},{"data":"Bash","floor":15.0,"key":"SMITH"},{"data":"Fiend Fire","floor":23.0,"key":"SMITH"},{"data":"Flame Barrier","floor":25,"key":"SMITH"},{"data":"Heavy Blade","floor":32,"key":"SMITH"},{"data":"Whirlwind","floor":40,"key":"SMITH"},{"data":"Demon Form","floor":42,"key":"SMITH"},{"data":"Bludgeon","floor":44,"key":"SMITH"},{"data":"Heavy Blade","floor":49,"key":"SMITH"}],"neow_cost":"PERCENT_DAMAGE","seed_source_timestamp":7041580990921,"circlet_count":0,"master_deck":["AscendersBane","Defend_R+1","Defend_R","Defend_R","Defend_R","Bash+1","Feed","Headbutt","Armaments+1","Clothesline+1","Battle Trance","Warcry","Body Slam","Ghostly Armor","True Grit","Exhume","Heavy Blade+1","Fiend Fire+1","Bite","Bite","Bite","Bite","Bite","Flame Barrier+1","Feed","Shrug It Off","Whirlwind+1","Demon Form+1","Bludgeon+1","Heavy Blade+1","Heavy Blade+1","Impervious"],"special_seed":0,"relics":["Burning Blood","Question Card","Red Skull","Anchor","Bag of Preparation","Snecko Eye","Brimstone","Kunai","Vajra","Pantograph","WingedGreaves","Runic Dome","Ancient Tea Set","Red Mask","Pocketwatch","Omamori","Boot","Lantern"],"potions_floor_usage":[29,47,50,51],"damage_taken":[{"damage":9.0,"enemies":"Small Slimes","floor":1.0,"turns":5.0},{"damage":9.0,"enemies":"Jaw Worm","floor":5.0,"turns":5.0},{"damage":0.0,"enemies":"2 Louse","floor":7.0,"turns":3.0},{"damage":2.0,"enemies":"Blue Slaver","floor":11.0,"turns":4.0},{"damage":4.0,"enemies":"Lagavulin","floor":12.0,"turns":7.0},{"damage":0.0,"enemies":"Exordium Wildlife","floor":13.0,"turns":4.0},{"damage":10.0,"enemies":"3 Sentries","floor":14.0,"turns":8.0},{"damage":66.0,"enemies":"Slime Boss","floor":16.0,"turns":12.0},{"damage":32.0,"enemies":"Spheric Guardian","floor":18.0,"turns":6.0},{"damage":6.0,"enemies":"3 Byrds","floor":19.0,"turns":5.0},{"damage":8.0,"enemies":"3 Cultists","floor":21.0,"turns":3.0},{"damage":1,"enemies":"Chosen and Byrds","floor":24,"turns":3},{"damage":9,"enemies":"Slavers","floor":27,"turns":4},{"damage":0,"enemies":"Book of Stabbing","floor":29,"turns":2},{"damage":23,"enemies":"Slavers","floor":31,"turns":5},{"damage":50,"enemies":"Champ","floor":33,"turns":8},{"damage":0,"enemies":"Orb Walker","floor":35,"turns":2},{"damage":0,"enemies":"3 Shapes","floor":39,"turns":2},{"damage":0,"enemies":"Giant Head","floor":41,"turns":4},{"damage":0,"enemies":"Nemesis","floor":46,"turns":3},{"damage":0,"enemies":"Reptomancer","floor":47,"turns":3},{"damage":0,"enemies":"Transient","floor":48,"turns":6},{"damage":50,"enemies":"Time Eater","floor":50,"turns":4},{"damage":35,"enemies":"Donu and Deca","floor":51,"turns":5}],"seed_played":"-8650770448163830170","potions_obtained":[{"floor":5.0,"key":"Energy Potion"},{"floor":11.0,"key":"EntropicBrew"},{"floor":12.0,"key":"FearPotion"},{"floor":19.0,"key":"Regen Potion"},{"floor":27,"key":"AttackPotion"},{"floor":31,"key":"Fire Potion"},{"floor":47,"key":"SteroidPotion"}],"is_trial":false,"path_per_floor":["M","?","?","$","M","R","M","R","T","R","M","E","M","E","R","B",null,"M","M","$","M","?","R","M","R","T","E","?","E","$","E","R","B",null,"M","$","?","?","M","R","E","R","T","R","?","E","E","M","R","B","B",null],"character_chosen":"IRONCLAD","items_purchased":["Armaments","Clothesline","Brimstone","Whirlwind","Ancient Tea Set"],"campfire_rested":1,"item_purchase_floors":[4,4,20,30,36],"current_hp_per_floor":[50,39,16,16,13,36,46,46,46,46,53,59,69,68,68,8,74,48,52,52,56,56,56,66,66,66,72,72,74,74,63,63,38,70,79,79,79,79,83,83,86,86,86,86,86,86,86,86,86,46,56],"gold":138,"neow_bonus":"THREE_RARE_CARDS","is_prod":false,"is_daily":false,"chose_seed":false,"campfire_upgraded":10,"win_rate":0,"timestamp":1549065763,"path_taken":["M","?","?","$","M","R","M","R","T","R","M","E","M","E","R","BOSS","M","M","$","M","?","R","M","R","T","E","?","E","?","E","R","BOSS","M","$","?","?","?","R","E","R","T","R","?","E","E","M","R","BOSS","BOSS"],"build_version":"2019-01-23","purchased_purges":0,"victory":true,"max_hp_per_floor":[78,78,78,78,78,78,82,82,82,82,85,89,93,96,96,96,96,96,100,100,106,74,74,74,74,74,74,74,74,74,80,80,80,80,80,80,80,80,83,83,86,86,86,86,86,86,86,86,86,86,86],"card_choices":[{"not_picked":["Demon Form","Barricade"],"picked":"Feed","floor":0.0},{"not_picked":["Thunderclap","Sever Soul"],"picked":"Headbutt","floor":1.0},{"not_picked":["Havoc","Anger","Twin Strike"],"picked":"Battle Trance","floor":5.0},{"not_picked":["Blood for Blood","Heavy Blade","Headbutt"],"picked":"Warcry","floor":11.0},{"not_picked":["Dark Embrace","Sever Soul","Twin Strike"],"picked":"Body Slam","floor":12.0},{"not_picked":["Havoc","Headbutt","Power Through"],"picked":"Ghostly Armor","floor":13.0},{"not_picked":["Cleave","Headbutt","Rampage"],"picked":"True Grit","floor":14.0},{"not_picked":["Berserk","Brutality","Impervious"],"picked":"Exhume","floor":16.0},{"not_picked":["Iron Wave+1","Reckless Charge","Headbutt"],"picked":"Heavy Blade","floor":18.0},{"not_picked":["Shrug It Off+1","Cleave","Thunderclap"],"picked":"Fiend Fire","floor":21.0},{"not_picked":["Shrug It Off","Clash","Iron Wave"],"picked":"Flame Barrier","floor":24},{"not_picked":["Blood for Blood+1","Wild Strike","Spot Weakness"],"picked":"Feed","floor":27},{"not_picked":["Combust","Intimidate","Pommel Strike"],"picked":"Shrug It Off","floor":29},{"not_picked":["Feed","Exhume","Brutality"],"picked":"Demon Form","floor":33},{"not_picked":["Anger","Clash","True Grit+1"],"picked":"Bludgeon","floor":39},{"not_picked":["Pommel Strike","Headbutt","Clash","Bloodletting+1"],"picked":"SKIP","floor":41},{"not_picked":["Bloodletting","Thunderclap","Warcry"],"picked":"Heavy Blade+1","floor":46},{"not_picked":["Fire Breathing","Wild Strike","Anger+1"],"picked":"Heavy Blade","floor":47},{"not_picked":["Wild Strike+1","Perfected Strike","Anger+1"],"picked":"Impervious","floor":48}],"player_experience":1079497,"relics_obtained":[{"floor":9.0,"key":"Red Skull"},{"floor":12.0,"key":"Anchor"},{"floor":14.0,"key":"Bag of Preparation"},{"floor":26,"key":"Kunai"},{"floor":27,"key":"Vajra"},{"floor":29,"key":"Pantograph"},{"floor":31,"key":"WingedGreaves"},{"floor":41,"key":"Pocketwatch"},{"floor":43,"key":"Omamori"},{"floor":46,"key":"Boot"},{"floor":47,"key":"Lantern"}],"event_choices":[{"damage_healed":0.0,"max_hp_gain":0.0,"max_hp_loss":0.0,"gold_gain":0.0,"event_name":"Scrap Ooze","player_choice":"Success","floor":2.0,"gold_loss":0.0,"damage_taken":11.0,"relics_obtained":["Question Card"]},{"damage_healed":0.0,"max_hp_gain":0.0,"max_hp_loss":0.0,"gold_gain":0.0,"event_name":"Shining Light","player_choice":"Entered Light","floor":3.0,"gold_loss":0.0,"damage_taken":23.0,"cards_upgraded":["Defend_R","Strike_R"]},{"damage_healed":0.0,"max_hp_gain":0.0,"max_hp_loss":32.0,"gold_gain":0.0,"event_name":"Vampires","player_choice":"Became a vampire","floor":22.0,"gold_loss":0.0,"damage_taken":0.0,"cards_obtained":["Bite","Bite","Bite","Bite","Bite"]},{"damage_healed":0,"gold_gain":0,"player_choice":"Ignored","damage_taken":0,"max_hp_gain":0,"max_hp_loss":0,"event_name":"Ghosts","floor":28,"gold_loss":0},{"damage_healed":0,"gold_gain":0,"player_choice":"Paid","damage_taken":0,"relics_obtained":["Red Mask"],"max_hp_gain":0,"max_hp_loss":0,"event_name":"Tomb of Lord Red Mask","floor":37,"gold_loss":22},{"damage_healed":0,"gold_gain":0,"player_choice":"Ignored","damage_taken":0,"max_hp_gain":0,"max_hp_loss":0,"event_name":"Mysterious Sphere","floor":38,"gold_loss":0},{"damage_healed":0,"gold_gain":0,"player_choice":"Got Potions","damage_taken":0,"max_hp_gain":0,"max_hp_loss":0,"event_name":"Lab","floor":45,"gold_loss":0}],"is_beta":true,"boss_relics":[{"not_picked":["Runic Pyramid","Astrolabe"],"picked":"Snecko Eye"},{"not_picked":["Tiny House","Pandora\u0027s Box"],"picked":"Runic Dome"}],"items_purged_floors":[],"is_endless":false,"potions_floor_spawned":[5,11,12,13,19,27,31,33,41,47],"ascension_level":20}