{"gold_per_floor":[109,109,121,136,136,136,149,149,149,149,224,259,279,291,291,367,367,382,432,432,451,451,138,138,138],"floor_reached":25,"playtime":628,"items_purged":["Strike_B"],"score":402,"play_id":"a070daed-89e9-4a8d-837a-3d3fa4330148","local_time":"20190410115232","is_ascension_mode":true,"campfire_choices":[{"data":"Zap","floor":6,"key":"SMITH"},{"data":"Go for the Eyes","floor":8,"key":"SMITH"},{"data":"Dualcast","floor":10,"key":"SMITH"},{"data":"Hello World","floor":15,"key":"SMITH"},{"data":"Rainbow","floor":24,"key":"SMITH"}],"neow_cost":"NONE","seed_source_timestamp":2340762878846,"circlet_count":0,"master_deck":["AscendersBane","Strike_B","Defend_B","Defend_B","Defend_B","Defend_B","Zap+1","Dualcast+1","Go for the Eyes+1","Glacier","Ball Lightning","Hello World+1","Ball Lightning","Leap","Rainbow+1","Consume+1","Static Discharge","Sunder","Meteor Strike","Conserve Battery"],"relics":["Cracked Core","NeowsBlessing","Symbiotic Virus","Anchor","Pen Nib","Snecko Eye"],"potions_floor_usage":[7,12,14,16,25],"damage_taken":[{"damage":0,"enemies":"Small Slimes","floor":1,"turns":1},{"damage":0,"enemies":"Jaw Worm","floor":3,"turns":1},{"damage":0,"enemies":"2 Louse","floor":4,"turns":1},{"damage":0,"enemies":"Gremlin Gang","floor":7,"turns":4},{"damage":1,"enemies":"Lagavulin","floor":12,"turns":7},{"damage":0,"enemies":"2 Fungi Beasts","floor":13,"turns":3},{"damage":0,"enemies":"Looter","floor":14,"turns":2},{"damage":4,"enemies":"Slime Boss","floor":16,"turns":7},{"damage":13,"enemies":"Chosen","floor":18,"turns":4},{"damage":0,"enemies":"2 Thieves","floor":21,"turns":4},{"damage":52,"enemies":"Slavers","floor":25,"turns":4}],"seed_played":"-6708487794178381549","potions_obtained":[{"floor":3,"key":"SteroidPotion"},{"floor":4,"key":"Swift Potion"},{"floor":7,"key":"Fire Potion"},{"floor":13,"key":"Regen Potion"},{"floor":14,"key":"LiquidBronze"},{"floor":18,"key":"Dexterity Potion"}],"is_trial":false,"path_per_floor":["M","?","M","M","?","R","M","R","T","R","?","E","M","M","R","B",null,"M","?","?","M","?","$","R","E"],"character_chosen":"DEFECT","items_purchased":["Meteor Strike","Conserve Battery"],"campfire_rested":0,"item_purchase_floors":[23,23],"current_hp_per_floor":[64,64,64,64,53,53,53,53,53,53,42,41,41,46,46,42,64,51,51,51,51,51,51,51,0],"gold":138,"neow_bonus":"THREE_ENEMY_KILL","is_prod":false,"is_daily":false,"chose_seed":false,"campfire_upgraded":5,"win_rate":0,"timestamp":1554922352,"path_taken":["M","?","M","M","?","R","M","R","T","R","?","E","M","M","R","BOSS","M","?","?","?","?","$","R","E"],"build_version":"2019-04-04","purchased_purges":1,"victory":false,"max_hp_per_floor":[71,71,71,71,71,71,71,71,71,71,71,71,71,71,71,71,71,71,71,71,71,71,71,71,71],"card_choices":[{"not_picked":["Turbo","Steam Power"],"picked":"Go for the Eyes","floor":1},{"not_picked":["BootSequence","Self Repair"],"picked":"Glacier","floor":3},{"not_picked":["Rebound","Gash"],"picked":"Ball Lightning","floor":4},{"not_picked":["Gash","Meteor Strike"],"picked":"Hello World","floor":12},{"not_picked":["Beam Cell","Stack"],"picked":"Ball Lightning","floor":13},{"not_picked":["Genetic Algorithm","Meteor Strike"],"picked":"Leap","floor":14},{"not_picked":["Multi-Cast","Meteor Strike"],"picked":"Rainbow","floor":16},{"not_picked":["Reinforced Body+1","Conserve Battery"],"picked":"Consume+1","floor":21}],"player_experience":1406501,"relics_obtained":[{"floor":9,"key":"Anchor"},{"floor":12,"key":"Pen Nib"}],"event_choices":[{"damage_healed":0,"gold_gain":0,"player_choice":"Ignored","damage_taken":0,"max_hp_gain":0,"max_hp_loss":0,"event_name":"Liars Game","floor":2,"gold_loss":0},{"damage_healed":0,"gold_gain":0,"player_choice":"Success","damage_taken":11,"relics_obtained":["Symbiotic Virus"],"max_hp_gain":0,"max_hp_loss":0,"event_name":"Scrap Ooze","floor":5,"gold_loss":0},{"damage_healed":0,"gold_gain":75,"player_choice":"Gather Gold","damage_taken":11,"max_hp_gain":0,"max_hp_loss":0,"event_name":"World of Goop","floor":11,"gold_loss":0},{"damage_healed":0,"gold_gain":50,"player_choice":"Stole From Cult","damage_taken":0,"max_hp_gain":0,"max_hp_loss":0,"event_name":"Nest","floor":19,"gold_loss":0},{"damage_healed":0,"gold_gain":0,"player_choice":"0 cards matched","damage_taken":0,"max_hp_gain":0,"max_hp_loss":0,"event_name":"Match and Keep!","floor":20,"gold_loss":0,"cards_obtained":[]},{"damage_healed":0,"gold_gain":0,"cards_transformed":["Strike_B","Strike_B"],"player_choice":"Became Test Subject","damage_taken":0,"max_hp_gain":0,"max_hp_loss":0,"event_name":"Drug Dealer","floor":22,"gold_loss":0,"cards_obtained":["Static Discharge","Sunder"]}],"is_beta":true,"boss_relics":[{"not_picked":["Philosopher\u0027s Stone","Eternal Feather"],"picked":"Snecko Eye"}],"items_purged_floors":[23],"is_endless":false,"potions_floor_spawned":[3,4,7,13,14,18],"killed_by":"Slavers","ascension_level":20}