{"gold_per_floor":[117,31,31,31,44,44,88,88,88,88,108,108,152,202,202,291,291,311,19,35,51,51,87,87,87,155,155,189,204,219,169,169,258,258,274,274,274,338,338,373,373,28,28,72,93,93,134,134,134,134,134,134,134,59,98,98],"floor_reached":56,"playtime":2392,"items_purged":["Strike_B"],"score":2110,"play_id":"bb0622c3-64c2-4498-be01-03d29f5cf4ee","local_time":"20181213025658","is_ascension_mode":true,"campfire_choices":[{"data":"Streamline","floor":6.0,"key":"SMITH"},{"data":"Meteor Strike","floor":8.0,"key":"SMITH"},{"data":"Hologram","floor":10.0,"key":"SMITH"},{"data":"Hologram","floor":12.0,"key":"SMITH"},{"data":"Conserve Battery","floor":15.0,"key":"SMITH"},{"floor":25.0,"key":"REST"},{"floor":27.0,"key":"RECALL"},{"floor":32.0,"key":"REST"},{"floor":41.0,"key":"REST"},{"floor":46.0,"key":"REST"},{"floor":49,"key":"REST"},{"floor":53,"key":"REST"}],"neow_cost":"NONE","seed_source_timestamp":0,"circlet_count":0,"master_deck":["AscendersBane","Strike_B","Strike_B","Defend_B","Defend_B","Defend_B","Defend_B","Zap","Dualcast","Cold Snap","Streamline+1","Ball Lightning","Hologram+1","Meteor Strike+1","Hologram+1","Conserve Battery+1","Buffer","Conserve Battery","Defragment","Clothesline","Necronomicurse","Clothesline+1","Acrobatics","Metamorphosis","Stack","Stack+1","Coolheaded","Leap","Choke+1","Creative AI","Go for the Eyes+1","Entrench"],"special_seed":0,"relics":["Snecko Eye","Golden Idol","Regal Pillow","Pantograph","DataDisk","Fusion Hammer","PrismaticShard","Molten Egg 2","Necronomicon","Blue Candle","Mercury Hourglass","Inserter","FossilizedHelix","Nunchaku","Dead Branch","Bird Faced Urn","Orichalcum","Pocketwatch","Bag of Preparation"],"potions_floor_usage":[],"damage_taken":[{"damage":8.0,"enemies":"2 Louse","floor":1.0,"turns":4.0},{"damage":0.0,"enemies":"Small Slimes","floor":5.0,"turns":2.0},{"damage":19.0,"enemies":"3 Sentries","floor":7.0,"turns":7.0},{"damage":0.0,"enemies":"Cultist","floor":11.0,"turns":2.0},{"damage":6.0,"enemies":"Gremlin Nob","floor":13.0,"turns":3.0},{"damage":7.0,"enemies":"The Guardian","floor":16.0,"turns":6.0},{"damage":0.0,"enemies":"Chosen","floor":18.0,"turns":3.0},{"damage":7.0,"enemies":"Shell Parasite","floor":20.0,"turns":2.0},{"damage":0.0,"enemies":"Sentry and Sphere","floor":21.0,"turns":3.0},{"damage":11.0,"enemies":"Book of Stabbing","floor":23.0,"turns":4.0},{"damage":0.0,"enemies":"Gremlin Leader","floor":28.0,"turns":5.0},{"damage":6.0,"enemies":"Snake Plant","floor":29.0,"turns":3.0},{"damage":0.0,"enemies":"Shelled Parasite and Fungi","floor":30.0,"turns":3.0},{"damage":13.0,"enemies":"Collector","floor":33.0,"turns":6.0},{"damage":0.0,"enemies":"Orb Walker","floor":35.0,"turns":2.0},{"damage":6.0,"enemies":"2 Orb Walkers","floor":38.0,"turns":3.0},{"damage":0.0,"enemies":"Giant Head","floor":40.0,"turns":6.0},{"damage":14.0,"enemies":"Nemesis","floor":44.0,"turns":9.0},{"damage":0.0,"enemies":"3 Shapes","floor":45.0,"turns":4.0},{"damage":0.0,"enemies":"Reptomancer","floor":47.0,"turns":6.0},{"damage":50,"enemies":"Awakened One","floor":50,"turns":19},{"damage":31,"enemies":"Time Eater","floor":51,"turns":11},{"damage":39,"enemies":"Shield and Spear","floor":55,"turns":11},{"damage":50,"enemies":"The Heart","floor":56,"turns":3}],"seed_played":"-5892543448555346853","potions_obtained":[{"floor":7.0,"key":"EssenceOfSteel"},{"floor":11.0,"key":"FocusPotion"},{"floor":23.0,"key":"SpeedPotion"},{"floor":29.0,"key":"Poison Potion"},{"floor":30.0,"key":"Fire Potion"}],"is_trial":false,"path_per_floor":["M","$","?","?","M","R","E","R","T","R","M","R","E","?","R","B",null,"M","$","M","M","$","E","?","R","T","R","E","M","M","?","R","B",null,"M","?","?","?","T","E","R","$","T","E","M","R","E","?","R","B","B",null,"R","$","E","B"],"character_chosen":"DEFECT","items_purchased":["Streamline","Ball Lightning","Defragment","PrismaticShard","Dead Branch","Coolheaded"],"campfire_rested":6,"item_purchase_floors":[2,2,19,19,42,42],"current_hp_per_floor":[56,56,49,49,49,49,30,30,30,30,30,30,24,24,24,42,59,59,59,52,52,52,41,20,54,54,54,54,48,48,48,64,51,61,61,61,61,55,55,55,61,61,61,50,52,61,61,61,61,45,36,55,61,61,40,13],"gold":98,"neow_bonus":"BOSS_RELIC","is_prod":false,"is_daily":false,"chose_seed":false,"campfire_upgraded":5,"win_rate":0,"timestamp":1544698618,"path_taken":["M","$","?","?","M","R","E","R","T","R","M","R","E","?","R","BOSS","M","$","M","M","$","E","?","R","T","R","E","M","M","?","R","BOSS","M","?","?","?","?","E","R","$","T","E","?","R","E","?","R","BOSS","BOSS","R","$","E","BOSS"],"build_version":"2018-12-11","purchased_purges":1,"victory":false,"max_hp_per_floor":[71,71,71,64,64,64,64,64,64,64,64,64,64,64,64,64,64,64,64,64,64,64,64,64,64,64,64,64,64,64,64,64,64,64,64,64,61,61,61,61,61,61,61,61,61,61,61,61,61,61,61,61,61,61,61,61],"card_choices":[{"not_picked":["Turbo","Recycle"],"picked":"Cold Snap","floor":1.0},{"not_picked":["Stack","Coolheaded"],"picked":"Hologram","floor":5.0},{"not_picked":["Redo","Leap"],"picked":"Meteor Strike","floor":7.0},{"not_picked":["Leap","Cold Snap"],"picked":"Hologram","floor":11.0},{"not_picked":["Redo","Doom and Gloom"],"picked":"Conserve Battery","floor":13.0},{"not_picked":["Thunder Strike","Reboot"],"picked":"Buffer","floor":16.0},{"not_picked":["BootSequence","Barrage"],"picked":"Conserve Battery","floor":18.0},{"not_picked":["Consume","Compile Driver"],"picked":"Clothesline","floor":20.0},{"not_picked":["PanicButton","Finisher+1"],"picked":"Clothesline+1","floor":28.0},{"not_picked":["Dodge and Roll","Iron Wave+1"],"picked":"Acrobatics","floor":30.0},{"not_picked":["Master of Strategy","Unload+1"],"picked":"Metamorphosis","floor":33.0},{"not_picked":["True Grit","Dodge and Roll"],"picked":"Stack","floor":38.0},{"not_picked":["Quick Slash+1","Pommel Strike+1"],"picked":"Stack+1","floor":40.0},{"not_picked":["Dagger Spray+1","Barrage+1"],"picked":"Leap","floor":45.0},{"not_picked":["Deep Breath","Twin Strike+1"],"picked":"Choke+1","floor":47.0},{"not_picked":["Swift Strike+1","Flying Knee+1"],"picked":"Entrench","floor":55}],"player_experience":987050,"relics_obtained":[{"floor":7.0,"key":"Regal Pillow"},{"floor":9.0,"key":"Pantograph"},{"floor":13.0,"key":"DataDisk"},{"floor":23.0,"key":"Molten Egg 2"},{"floor":24.0,"key":"Necronomicon"},{"floor":26.0,"key":"Blue Candle"},{"floor":28.0,"key":"Mercury Hourglass"},{"floor":38.0,"key":"FossilizedHelix"},{"floor":40.0,"key":"Nunchaku"},{"floor":43.0,"key":"Bird Faced Urn"},{"floor":44.0,"key":"Orichalcum"},{"floor":47.0,"key":"Pocketwatch"},{"floor":55,"key":"Bag of Preparation"}],"event_choices":[{"cards_removed":["Strike_B"],"damage_healed":0.0,"max_hp_gain":0.0,"max_hp_loss":0.0,"gold_gain":0.0,"event_name":"Golden Wing","player_choice":"Card Removal","floor":3.0,"gold_loss":0.0,"damage_taken":7.0},{"damage_healed":0.0,"max_hp_gain":0.0,"max_hp_loss":7.0,"gold_gain":0.0,"event_name":"Golden Idol","player_choice":"Lose Max HP","floor":4.0,"gold_loss":0.0,"damage_taken":0.0,"relics_obtained":["Golden Idol"]},{"damage_healed":0.0,"max_hp_gain":0.0,"max_hp_loss":0.0,"gold_gain":50.0,"event_name":"Golden Shrine","player_choice":"Pray","floor":14.0,"gold_loss":0.0,"damage_taken":0.0},{"damage_healed":0.0,"max_hp_gain":0.0,"max_hp_loss":0.0,"gold_gain":0.0,"event_name":"Cursed Tome","player_choice":"Obtained Book","floor":24.0,"gold_loss":0.0,"damage_taken":21.0},{"damage_healed":0.0,"max_hp_gain":0.0,"max_hp_loss":0.0,"gold_gain":0.0,"event_name":"The Joust","player_choice":"Bet on Murderer","floor":31.0,"gold_loss":50.0,"damage_taken":0.0},{"damage_healed":0.0,"max_hp_gain":0.0,"max_hp_loss":0.0,"gold_gain":0.0,"event_name":"Tomb of Lord Red Mask","player_choice":"Ignored","floor":36.0,"gold_loss":0.0,"damage_taken":0.0},{"damage_healed":0.0,"max_hp_gain":0.0,"max_hp_loss":3.0,"gold_gain":0.0,"event_name":"Winding Halls","player_choice":"Max HP","floor":37.0,"gold_loss":0.0,"damage_taken":0.0},{"damage_healed":0.0,"max_hp_gain":0.0,"max_hp_loss":0.0,"gold_gain":0.0,"event_name":"Mysterious Sphere","player_choice":"Fight","floor":38.0,"gold_loss":0.0,"damage_taken":0.0},{"damage_healed":0,"gold_gain":0,"player_choice":"2 cards matched","damage_taken":0,"max_hp_gain":0,"max_hp_loss":0,"event_name":"Match and Keep!","floor":48,"gold_loss":0,"cards_obtained":["Creative AI","Go for the Eyes"]}],"is_beta":true,"boss_relics":[{"not_picked":["Empty Cage","Orrery"],"picked":"Fusion Hammer"},{"not_picked":["Runic Dome","Tiny House"],"picked":"Inserter"}],"items_purged_floors":[54],"is_endless":false,"potions_floor_spawned":[7,11,23,29,30,44,45],"killed_by":"The Heart","ascension_level":20}