{"gold_per_floor":[117,134,134,46,46,71,90,13,13,13,39,114,114,141,141,212,212,212,212,69,69,69,69,69,69,69,69],"floor_reached":27,"playtime":677,"items_purged":[],"score":590,"play_id":"63e1a9a0-a65f-4534-b7ac-71c33a65bfbc","local_time":"20190228215913","is_ascension_mode":true,"campfire_choices":[{"data":"Armaments","floor":10,"key":"SMITH"},{"data":"Uppercut","floor":13,"key":"SMITH"},{"data":"Metallicize","floor":15,"key":"SMITH"},{"data":"True Grit","floor":23,"key":"SMITH"},{"data":"Feed","floor":25,"key":"SMITH"}],"neow_cost":"NONE","seed_source_timestamp":16991602051078,"circlet_count":0,"master_deck":["AscendersBane","Strike_R","Strike_R","Strike_R","Strike_R","Strike_R","Defend_R","Defend_R","Defend_R","Bash","Iron Wave","Shockwave","Metallicize+1","Infernal Blade","Armaments+1","Uppercut+1","Shockwave","Shrug It Off","Feed+1","True Grit+1","True Grit+1","Offering","Offering"],"relics":["Burning Blood","NeowsBlessing","Pen Nib","Boot","Bottled Lightning","Lantern","Bag of Marbles","Ectoplasm","Dream Catcher","Dodecahedron"],"potions_floor_usage":[11,18,24,27],"damage_taken":[{"damage":0,"enemies":"Cultist","floor":1,"turns":1},{"damage":0,"enemies":"Jaw Worm","floor":2,"turns":1},{"damage":0,"enemies":"Gremlin Nob","floor":6,"turns":1},{"damage":4,"enemies":"Small Slimes","floor":7,"turns":4},{"damage":21,"enemies":"3 Sentries","floor":11,"turns":13},{"damage":16,"enemies":"Lagavulin","floor":14,"turns":7},{"damage":12,"enemies":"The Guardian","floor":16,"turns":16},{"damage":27,"enemies":"Shell Parasite","floor":18,"turns":5},{"damage":13,"enemies":"Spheric Guardian","floor":19,"turns":4},{"damage":0,"enemies":"Slavers","floor":24,"turns":1},{"damage":39,"enemies":"Gremlin Leader","floor":27,"turns":8}],"seed_played":"-7877186424132237187","potions_obtained":[{"floor":1,"key":"SpeedPotion"},{"floor":16,"key":"Energy Potion"},{"floor":19,"key":"AttackPotion"},{"floor":24,"key":"Explosive Potion"}],"is_trial":false,"path_per_floor":["M","M","?","$","?","E","M","$","T","R","E","?","R","E","R","B",null,"M","M","$","?","?","R","E","R","T","E"],"character_chosen":"IRONCLAD","items_purchased":["Metallicize","Uppercut","True Grit","Offering"],"campfire_rested":0,"item_purchase_floors":[4,8,20,20],"current_hp_per_floor":[74,75,75,75,68,74,75,75,75,75,60,49,49,39,39,33,65,48,44,44,44,44,44,50,50,50,11],"gold":69,"neow_bonus":"THREE_ENEMY_KILL","is_prod":false,"is_daily":false,"chose_seed":false,"campfire_upgraded":5,"win_rate":0,"timestamp":1551419953,"path_taken":["M","M","?","?","?","E","M","$","T","R","E","?","R","E","R","BOSS","M","M","$","?","?","R","E","R","T","E"],"build_version":"2019-02-06","purchased_purges":0,"victory":false,"max_hp_per_floor":[75,75,75,75,75,75,75,75,75,75,75,75,75,75,75,75,75,79,82,82,82,82,82,82,82,82,82],"card_choices":[{"not_picked":["Sever Soul","Hemokinesis"],"picked":"Iron Wave","floor":1},{"not_picked":["Clash","Battle Trance"],"picked":"Shockwave","floor":2},{"not_picked":["Rupture","Inflame"],"picked":"Infernal Blade","floor":6},{"not_picked":["Sever Soul","Perfected Strike"],"picked":"Armaments","floor":7},{"not_picked":["Wild Strike","Burning Pact"],"picked":"Shockwave","floor":11},{"not_picked":["Headbutt","Sentinel"],"picked":"Shrug It Off","floor":14},{"not_picked":["Double Tap","Juggernaut"],"picked":"Feed","floor":16},{"not_picked":["Fire Breathing","Headbutt","Warcry"],"picked":"SKIP","floor":18},{"not_picked":["Iron Wave","Pummel"],"picked":"True Grit","floor":19},{"not_picked":["Twin Strike","Pummel"],"picked":"Offering","floor":24}],"player_experience":1239615,"relics_obtained":[{"floor":3,"key":"Pen Nib"},{"floor":6,"key":"Boot"},{"floor":9,"key":"Bottled Lightning"},{"floor":11,"key":"Lantern"},{"floor":14,"key":"Bag of Marbles"},{"floor":24,"key":"Dream Catcher"},{"floor":26,"key":"Dodecahedron"}],"event_choices":[{"damage_healed":0,"gold_gain":0,"player_choice":"Relic","damage_taken":0,"max_hp_gain":0,"max_hp_loss":0,"event_name":"Wheel of Change","floor":3,"gold_loss":0},{"cards_removed":["Defend_R"],"damage_healed":0,"gold_gain":0,"player_choice":"Card Removal","damage_taken":7,"max_hp_gain":0,"max_hp_loss":0,"event_name":"Golden Wing","floor":5,"gold_loss":0},{"damage_healed":0,"gold_gain":75,"player_choice":"Gather Gold","damage_taken":11,"max_hp_gain":0,"max_hp_loss":0,"event_name":"World of Goop","floor":12,"gold_loss":0},{"damage_healed":0,"gold_gain":0,"player_choice":"Ignored","damage_taken":0,"max_hp_gain":0,"max_hp_loss":0,"event_name":"The Mausoleum","floor":21,"gold_loss":0},{"damage_healed":0,"gold_gain":0,"player_choice":"Upgraded","damage_taken":0,"max_hp_gain":0,"max_hp_loss":0,"event_name":"Upgrade Shrine","floor":22,"gold_loss":0,"cards_upgraded":["True Grit"]}],"is_beta":true,"boss_relics":[{"not_picked":["Busted Crown","Orrery"],"picked":"Ectoplasm"}],"items_purged_floors":[],"is_endless":false,"potions_floor_spawned":[1,16,19,24],"killed_by":"Gremlin Leader","ascension_level":20}