{"gold_per_floor":[114,67,67,67,18,51,51,121,146,179,192,192,215,390,390,509,509,509,509,2,2,2,2,2,2,2,2,2,2,2,2,2,2,2,2,2,2,2,2,2,2,2,2,2,2,2,2,2,2,2],"floor_reached":51,"playtime":2637,"items_purged":[],"score":844,"play_id":"2ae5e821-4b72-4136-b9a2-a5452126d7e0","local_time":"20180715154042","is_ascension_mode":true,"campfire_choices":[{"floor":7,"key":"REST"},{"floor":15,"key":"REST"},{"floor":23,"key":"REST"},{"data":"Blizzard","floor":27,"key":"SMITH"},{"data":"Glacier","floor":29,"key":"SMITH"},{"data":"Seek","floor":32,"key":"SMITH"},{"data":"Coolheaded","floor":40,"key":"SMITH"},{"floor":42,"key":"REST"},{"floor":49,"key":"REST"}],"neow_cost":"NONE","seed_source_timestamp":177482083168630,"circlet_count":0,"master_deck":["Strike_B","Strike_B","Strike_B","Strike_B","Defend_B","Defend_B","Defend_B","Defend_B","Zap","Dualcast","Glacier+1","Ball Lightning","Cold Snap","Electrodynamics","Go for the Eyes","Coolheaded+1","Cold Snap","Reinforced Body","Seek+1","Compile Driver+1","Blizzard+1","Conserve Battery+1","Hologram+1","Machine Learning+1","Compile Driver","Coolheaded","Finesse","Barrage+1","Static Discharge+1","Hologram"],"relics":["Cracked Core","NeowsBlessing","Bloody Idol","DataDisk","Gremlin Horn","Tiny Chest","Omamori","Boot","Ectoplasm","Frozen Egg 2","Matryoshka","Pen Nib","Darkstone Periapt","Inserter","Pear","Bag of Marbles"],"potions_floor_usage":[16,19,31,46,46,50],"damage_taken":[{"damage":0,"enemies":"Small Slimes","floor":1,"turns":1},{"damage":0,"enemies":"3 Sentries","floor":6,"turns":1},{"damage":0,"enemies":"Gremlin Nob","floor":8,"turns":1},{"damage":16,"enemies":"Lagavulin","floor":10,"turns":6},{"damage":4,"enemies":"Jaw Worm","floor":11,"turns":2},{"damage":0,"enemies":"Cultist","floor":13,"turns":3},{"damage":13,"enemies":"The Guardian","floor":16,"turns":13},{"damage":7,"enemies":"Shell Parasite","floor":18,"turns":5},{"damage":0,"enemies":"Chosen","floor":19,"turns":5},{"damage":9,"enemies":"Snake Plant","floor":22,"turns":4},{"damage":0,"enemies":"Centurion and Healer","floor":25,"turns":9},{"damage":0,"enemies":"Sentry and Sphere","floor":30,"turns":4},{"damage":6,"enemies":"Slaver and Parasite","floor":31,"turns":4},{"damage":17,"enemies":"Collector","floor":33,"turns":12},{"damage":0,"enemies":"Orb Walker","floor":35,"turns":4},{"damage":0,"enemies":"Flame Bruiser 1 Orb","floor":36,"turns":6},{"damage":24,"enemies":"Maw","floor":38,"turns":10},{"damage":0,"enemies":"Spire Growth","floor":41,"turns":6},{"damage":23,"enemies":"3 Darklings","floor":44,"turns":5},{"damage":9,"enemies":"Flame Bruiser 2 Orb","floor":45,"turns":3},{"damage":15,"enemies":"Transient","floor":46,"turns":5},{"damage":15,"enemies":"Spire Growth","floor":48,"turns":5},{"damage":61,"enemies":"Donu and Deca","floor":50,"turns":8}],"seed_played":"-8732038196705876016","potions_obtained":[{"floor":6,"key":"LiquidBronze"},{"floor":10,"key":"SpeedPotion"},{"floor":13,"key":"PowerPotion"},{"floor":25,"key":"Fire Potion"},{"floor":38,"key":"Swift Potion"},{"floor":44,"key":"SkillPotion"},{"floor":45,"key":"Regen Potion"}],"is_trial":false,"path_per_floor":["M","$","?","?","$","E","R","E","T","E","M","?","M","?","R","B",null,"M","M","$","?","M","R","$","M","T","R","?","R","M","M","R","B",null,"M","M","?","M","?","R","M","R","T","M","M","M","$","M","R","B"],"character_chosen":"DEFECT","items_purchased":["Ball Lightning","Cold Snap","Frozen Egg 2","Matryoshka"],"campfire_rested":5,"item_purchase_floors":[2,5,20,20],"current_hp_per_floor":[75,75,57,45,45,45,67,67,67,51,47,52,52,52,76,63,80,73,73,73,73,64,80,80,80,80,80,80,80,80,74,74,57,80,80,80,80,56,56,56,56,80,90,67,58,58,58,43,70,9],"gold":2,"neow_bonus":"THREE_ENEMY_KILL","is_prod":false,"is_daily":false,"chose_seed":false,"campfire_upgraded":4,"win_rate":0,"timestamp":1531683642,"path_taken":["M","$","?","?","$","E","R","E","T","E","M","?","?","?","R","BOSS","M","M","$","?","M","R","$","M","T","R","?","R","M","M","R","BOSS","M","M","?","?","?","R","?","R","T","M","M","M","?","M","R","BOSS"],"build_version":"2018-07-13","purchased_purges":0,"victory":true,"max_hp_per_floor":[75,75,75,75,75,75,75,75,75,75,75,80,80,80,80,80,80,80,80,80,80,80,80,80,80,80,80,80,80,80,80,80,80,80,80,80,80,80,80,80,80,80,90,90,90,90,90,90,90,90],"card_choices":[{"not_picked":["Ball Lightning","Compile Driver"],"picked":"Glacier","floor":1},{"not_picked":["Redo","Steam"],"picked":"Electrodynamics","floor":6},{"not_picked":["Sweeping Beam","Auto Shields"],"picked":"Go for the Eyes","floor":8},{"not_picked":["Consume","Heatsinks"],"picked":"Coolheaded","floor":10},{"not_picked":["Stack","Loop"],"picked":"Cold Snap","floor":11},{"not_picked":["Go for the Eyes","Cold Snap"],"picked":"Reinforced Body","floor":13},{"not_picked":["Amplify","Multi-Cast"],"picked":"Seek","floor":16},{"not_picked":["Hello World","Redo","Leap+1"],"picked":"SKIP","floor":18},{"not_picked":["Redo","Doom and Gloom"],"picked":"Compile Driver+1","floor":19},{"not_picked":["Rebound+1","Double Energy+1"],"picked":"Blizzard","floor":22},{"not_picked":["Redo","Blizzard","Barrage"],"picked":"SKIP","floor":25},{"not_picked":["Ball Lightning","Undo"],"picked":"Conserve Battery+1","floor":30},{"not_picked":["Coolheaded","Heatsinks+1"],"picked":"Hologram+1","floor":31},{"not_picked":["Amplify","Core Surge"],"picked":"Machine Learning+1","floor":33},{"not_picked":["Sweeping Beam+1","Conserve Battery+1"],"picked":"Compile Driver","floor":35},{"not_picked":["Genetic Algorithm+1","Darkness+1"],"picked":"Coolheaded","floor":36},{"not_picked":["Thunder Strike","Sweeping Beam","Stack"],"picked":"SKIP","floor":38},{"not_picked":["Dramatic Entrance","Purity"],"picked":"Finesse","floor":39},{"not_picked":["Skim","Coolheaded","Sweeping Beam+1"],"picked":"SKIP","floor":41},{"not_picked":["Streamline","Stack"],"picked":"Barrage+1","floor":44},{"not_picked":["Go for the Eyes","Compile Driver"],"picked":"Static Discharge+1","floor":45},{"not_picked":["Loop+1","Turbo","Rip and Tear+1"],"picked":"SKIP","floor":46},{"not_picked":["Conserve Battery","Sweeping Beam+1"],"picked":"Hologram","floor":48}],"player_experience":288270,"relics_obtained":[{"floor":6,"key":"Gremlin Horn"},{"floor":8,"key":"Tiny Chest"},{"floor":9,"key":"Omamori"},{"floor":10,"key":"Boot"},{"floor":26,"key":"Pen Nib"},{"floor":26,"key":"Darkstone Periapt"},{"floor":43,"key":"Pear"},{"floor":43,"key":"Bag of Marbles"}],"event_choices":[{"event_name":"Golden Idol","player_choice":"Take Damage","floor":3,"damage_taken":0},{"event_name":"Scrap Ooze","player_choice":"success","floor":4,"damage_taken":12},{"event_name":"Big Fish","player_choice":"Donut","floor":12,"damage_taken":0},{"event_name":"Liars Game","player_choice":"agreed","floor":14,"damage_taken":0},{"event_name":"Addict","player_choice":"Ignored","floor":21,"damage_taken":0},{"event_name":"Forgotten Altar","player_choice":"Gave Idol","floor":28,"damage_taken":0},{"event_name":"Mysterious Sphere","player_choice":"Ignore","floor":37,"damage_taken":0},{"event_name":"SensoryStone","player_choice":"Memory 1","floor":39,"damage_taken":0}],"boss_relics":[{"not_picked":["Tiny House","Eternal Feather"],"picked":"Ectoplasm"},{"not_picked":["Nuclear Battery","Velvet Choker"],"picked":"Inserter"}],"items_purged_floors":[],"is_endless":false,"potions_floor_spawned":[6,10,13,25,38,44,45],"ascension_level":3}