{"gold_per_floor":[118,118,118,135,150,150,184,184,211,21,37,37,47,60,60,156,156,173,188,207,306,286,286,319,74,74,103,128,170,200,227,239,346,358,386,398,427,456,483,495,126,142,142,142,162,189,44,44,44,44],"floor_reached":51,"playtime":3302,"items_purged":["Defend_B","Strike_B","Strike_B"],"score":863,"play_id":"73d14d70-6cab-4bb3-b4d9-3e31727fbfec","local_time":"20190726182541","is_ascension_mode":true,"campfire_choices":[{"data":"Genetic Algorithm","floor":6,"key":"SMITH"},{"data":"Self Repair","floor":8,"key":"SMITH"},{"data":"Storm","floor":15,"key":"SMITH"},{"data":"Loop","floor":23,"key":"SMITH"},{"floor":32,"key":"REST"},{"floor":40,"key":"REST"},{"data":"Apotheosis","floor":44,"key":"SMITH"},{"data":"Echo Form","floor":49,"key":"SMITH"}],"neow_cost":"NONE","seed_source_timestamp":1426760188569991,"circlet_count":0,"master_deck":["Defend_B","Defend_B","Defend_B","Zap+1","Dualcast","Ball Lightning","Storm+1","Genetic Algorithm+1","Self Repair+1","Auto Shields","Lockon","Lockon","Good Instincts","Zap","Capacitor","Machine Learning","Machine Learning","Barrage+1","Loop+1","Capacitor","Ball Lightning","Seek","Echo Form+1","Fission","Defragment","Conserve Battery+1","Apotheosis+1","Leap+1"],"relics":["Cracked Core","Art of War","Cables","Anchor","Inserter","Bag of Preparation","Blood Vial","MawBank","Vajra","Busted Crown","Bottled Lightning","Dream Catcher","DataDisk"],"potions_floor_usage":[7,16,24,27,29,30,30,39,50,50],"damage_taken":[{"damage":0,"enemies":"2 Louse","floor":1,"turns":3},{"damage":0,"enemies":"Cultist","floor":4,"turns":2},{"damage":2,"enemies":"Small Slimes","floor":5,"turns":3},{"damage":24,"enemies":"Lagavulin","floor":7,"turns":5},{"damage":0,"enemies":"2 Fungi Beasts","floor":11,"turns":2},{"damage":1,"enemies":"3 Louse","floor":13,"turns":2},{"damage":0,"enemies":"Red Slaver","floor":14,"turns":2},{"damage":11,"enemies":"Hexaghost","floor":16,"turns":7},{"damage":16,"enemies":"Spheric Guardian","floor":18,"turns":4},{"damage":0,"enemies":"Chosen","floor":19,"turns":4},{"damage":17,"enemies":"Snake Plant","floor":20,"turns":3},{"damage":48,"enemies":"Gremlin Leader","floor":24,"turns":5},{"damage":3,"enemies":"Cultist and Chosen","floor":27,"turns":3},{"damage":1,"enemies":"3 Cultists","floor":28,"turns":4},{"damage":32,"enemies":"Book of Stabbing","floor":29,"turns":5},{"damage":12,"enemies":"Centurion and Healer","floor":30,"turns":5},{"damage":13,"enemies":"Snecko","floor":31,"turns":3},{"damage":47,"enemies":"Champ","floor":33,"turns":7},{"damage":27,"enemies":"3 Darklings","floor":35,"turns":4},{"damage":5,"enemies":"3 Shapes","floor":37,"turns":4},{"damage":58,"enemies":"Writhing Mass","floor":38,"turns":4},{"damage":29,"enemies":"Jaw Worm Horde","floor":39,"turns":5},{"damage":30,"enemies":"3 Darklings","floor":42,"turns":4},{"damage":6,"enemies":"Spire Growth","floor":45,"turns":4},{"damage":0,"enemies":"Giant Head","floor":46,"turns":5},{"damage":63,"enemies":"Awakened One","floor":50,"turns":7}],"seed_played":"-4669009037782032736","potions_obtained":[{"floor":4,"key":"Regen Potion"},{"floor":7,"key":"EssenceOfSteel"},{"floor":14,"key":"AttackPotion"},{"floor":20,"key":"GamblersBrew"},{"floor":22,"key":"SkillPotion"},{"floor":27,"key":"EssenceOfSteel"},{"floor":29,"key":"Swift Potion"},{"floor":31,"key":"FairyPotion"},{"floor":35,"key":"FocusPotion"},{"floor":38,"key":"SkillPotion"}],"is_trial":false,"path_per_floor":["M","?","?","M","M","R","E","R","T","$","M","?","M","M","R","B",null,"M","M","M","?","?","R","E","$","T","M","M","E","M","M","R","B",null,"M","?","M","M","M","R","$","M","T","R","M","E","$","?","R","B",null],"character_chosen":"DEFECT","items_purchased":["Auto Shields","Lockon","Blood Vial","Apotheosis","FocusPotion","DataDisk"],"campfire_rested":2,"item_purchase_floors":[10,10,25,41,41,47],"current_hp_per_floor":[75,42,42,42,40,40,30,30,30,30,40,40,49,49,49,48,75,69,75,68,68,68,68,30,30,30,39,50,37,44,40,62,24,75,65,65,75,34,34,56,56,45,45,45,61,75,75,75,75,22],"gold":44,"neow_bonus":"UPGRADE_CARD","is_prod":false,"is_daily":false,"chose_seed":false,"campfire_upgraded":6,"win_rate":0,"timestamp":1564183541,"path_taken":["M","?","?","M","M","R","E","R","T","$","?","?","M","M","R","BOSS","M","M","?","?","?","R","E","$","T","M","M","E","?","M","R","BOSS","M","?","M","M","M","R","$","?","T","R","M","E","$","?","R","BOSS"],"build_version":"2019-07-17","purchased_purges":3,"victory":true,"max_hp_per_floor":[75,75,75,75,75,75,75,75,75,75,75,75,75,75,75,75,75,75,75,75,75,75,75,75,75,75,75,75,75,75,75,75,75,75,75,75,75,75,75,75,75,75,75,75,75,75,75,75,75,75],"card_choices":[{"not_picked":["Hologram","Aggregate"],"picked":"Ball Lightning","floor":1},{"not_picked":["White Noise","Rebound"],"picked":"Storm","floor":4},{"not_picked":["Skim","Stack"],"picked":"Genetic Algorithm","floor":5},{"not_picked":["Turbo","Ball Lightning"],"picked":"Self Repair","floor":7},{"not_picked":["Streamline","Gash"],"picked":"Lockon","floor":11},{"not_picked":["Coolheaded","Rebound"],"picked":"Capacitor","floor":13},{"not_picked":["Rebound","FTL"],"picked":"Machine Learning","floor":14},{"not_picked":["Fission","Meteor Strike"],"picked":"Machine Learning","floor":16},{"not_picked":["Steam","Darkness"],"picked":"Barrage+1","floor":18},{"not_picked":["Streamline+1","Conserve Battery"],"picked":"Loop","floor":19},{"not_picked":["Melter","Rebound+1","Streamline"],"picked":"SKIP","floor":20},{"not_picked":["Chill","Go for the Eyes","Barrage"],"picked":"SKIP","floor":24},{"not_picked":["Hologram","Rebound"],"picked":"Capacitor","floor":27},{"not_picked":["Redo","Steam"],"picked":"Self Repair","floor":28},{"not_picked":["Gash","Sweeping Beam"],"picked":"Ball Lightning","floor":29},{"not_picked":["Cold Snap","Leap","Double Energy"],"picked":"SKIP","floor":30},{"not_picked":["Beam Cell+1","Cold Snap"],"picked":"Seek","floor":31},{"not_picked":["Meteor Strike","All For One"],"picked":"Echo Form","floor":33},{"not_picked":["Melter+1"],"picked":"SKIP","floor":35},{"not_picked":[],"picked":"Defragment","floor":37},{"not_picked":["Chaos"],"picked":"SKIP","floor":38},{"not_picked":[],"picked":"Conserve Battery+1","floor":39},{"not_picked":[],"picked":"Leap+1","floor":42},{"not_picked":["Skim"],"picked":"SKIP","floor":45},{"not_picked":["Sunder"],"picked":"SKIP","floor":46}],"player_experience":891255,"relics_obtained":[{"floor":7,"key":"Cables"},{"floor":9,"key":"Anchor"},{"floor":24,"key":"Bag of Preparation"},{"floor":26,"key":"MawBank"},{"floor":29,"key":"Vajra"},{"floor":43,"key":"Bottled Lightning"},{"floor":46,"key":"Dream Catcher"}],"event_choices":[{"damage_healed":0,"gold_gain":0,"player_choice":"Success","damage_taken":33,"relics_obtained":["Art of War"],"max_hp_gain":0,"max_hp_loss":0,"event_name":"Scrap Ooze","floor":2,"gold_loss":0},{"cards_removed":["Strike_B"],"damage_healed":0,"gold_gain":0,"player_choice":"Offered Basic","damage_taken":0,"max_hp_gain":0,"max_hp_loss":0,"event_name":"Bonfire Elementals","floor":3,"gold_loss":0},{"damage_healed":0,"gold_gain":0,"player_choice":"2 cards matched","damage_taken":0,"max_hp_gain":0,"max_hp_loss":0,"event_name":"Match and Keep!","floor":12,"gold_loss":0,"cards_obtained":["Good Instincts","Zap"]},{"damage_healed":0,"gold_gain":99,"player_choice":"Stole From Cult","damage_taken":0,"max_hp_gain":0,"max_hp_loss":0,"event_name":"Nest","floor":21,"gold_loss":0},{"damage_healed":0,"gold_gain":0,"player_choice":"Bought 1 Potion","damage_taken":0,"max_hp_gain":0,"max_hp_loss":0,"event_name":"The Woman in Blue","floor":22,"gold_loss":0},{"damage_healed":0,"gold_gain":0,"cards_transformed":["Strike_B"],"player_choice":"Transformed","damage_taken":0,"max_hp_gain":0,"max_hp_loss":0,"event_name":"Transmorgrifier","floor":36,"gold_loss":0,"cards_obtained":["Fission"]},{"cards_removed":["Self Repair"],"damage_healed":0,"gold_gain":0,"player_choice":"Removed Power","damage_taken":0,"max_hp_gain":0,"max_hp_loss":0,"event_name":"Falling","floor":48,"gold_loss":0}],"is_beta":false,"boss_relics":[{"not_picked":["Runic Dome","Black Star"],"picked":"Inserter"},{"not_picked":["Calling Bell","Astrolabe"],"picked":"Busted Crown"}],"items_purged_floors":[10,25,41],"is_endless":false,"potions_floor_spawned":[4,7,14,20,27,29,31,35,38],"ascension_level":4}