{"gold_per_floor":[114,127,141,3,14,14,48,48,48,48,48],"floor_reached":11,"playtime":284,"items_purged":[],"score":142,"play_id":"1af4c345-05ad-4d60-80da-497aef9bf6f7","local_time":"20190103160755","is_ascension_mode":true,"campfire_choices":[{"data":"True Grit","floor":6,"key":"SMITH"},{"data":"Entrench","floor":8,"key":"SMITH"}],"neow_cost":"NONE","seed_source_timestamp":49606030924630,"circlet_count":0,"master_deck":["AscendersBane","Strike_R","Strike_R","Strike_R","Strike_R","Defend_R","Defend_R+1","Defend_R","Defend_R","Bash","Clothesline","Ghostly Armor+1","True Grit+1","Shrug It Off","Cleave","Pommel Strike","True Grit","Entrench+1"],"relics":["Burning Blood","NeowsBlessing","War Paint","Toxic Egg 2"],"potions_floor_usage":[11,11],"damage_taken":[{"damage":0,"enemies":"Jaw Worm","floor":1,"turns":1},{"damage":0,"enemies":"2 Louse","floor":2,"turns":1},{"damage":0,"enemies":"Small Slimes","floor":3,"turns":1},{"damage":1,"enemies":"Looter","floor":5,"turns":4},{"damage":27,"enemies":"3 Sentries","floor":7,"turns":12},{"damage":43,"enemies":"Lagavulin Event","floor":11,"turns":10}],"seed_played":"-2377325461562576968","potions_obtained":[{"floor":5,"key":"Dexterity Potion"},{"floor":7,"key":"Poison Potion"}],"is_trial":false,"path_per_floor":["M","M","M","$","M","R","E","R","T","?","?"],"character_chosen":"IRONCLAD","items_purchased":["Shrug It Off","Cleave","Pommel Strike"],"campfire_rested":0,"item_purchase_floors":[4,4,4],"current_hp_per_floor":[74,75,75,75,75,75,54,54,54,47,4],"gold":48,"neow_bonus":"THREE_ENEMY_KILL","is_prod":false,"is_daily":false,"chose_seed":false,"campfire_upgraded":2,"win_rate":0,"timestamp":1546560475,"path_taken":["M","M","M","$","M","R","E","R","T","?","?"],"build_version":"2019-01-02","purchased_purges":0,"victory":false,"max_hp_per_floor":[75,75,75,75,75,75,75,75,75,75,75],"card_choices":[{"not_picked":["Thunderclap","Searing Blow"],"picked":"Clothesline","floor":1},{"not_picked":["Shockwave","Twin Strike"],"picked":"Ghostly Armor","floor":2},{"not_picked":["Pommel Strike","Heavy Blade"],"picked":"True Grit","floor":3},{"not_picked":["Intimidate","Warcry"],"picked":"True Grit","floor":5},{"not_picked":["Hemokinesis","Wild Strike"],"picked":"Entrench","floor":7}],"player_experience":1002407,"relics_obtained":[{"floor":7,"key":"War Paint"},{"floor":9,"key":"Toxic Egg 2"}],"event_choices":[{"cards_removed":["Strike_R"],"damage_healed":0,"gold_gain":0,"player_choice":"Card Removal","damage_taken":7,"max_hp_gain":0,"max_hp_loss":0,"event_name":"Golden Wing","floor":10,"gold_loss":0},{"damage_healed":0,"gold_gain":0,"player_choice":"Searched \u00271\u0027 times","damage_taken":0,"max_hp_gain":0,"max_hp_loss":0,"event_name":"Dead Adventurer","floor":11,"gold_loss":0}],"is_beta":true,"boss_relics":[],"items_purged_floors":[],"is_endless":false,"potions_floor_spawned":[5,7],"killed_by":"Lagavulin Event","ascension_level":19}