{"gold_per_floor":[116,116,131,142,157,173,200,66,66,66,131,131,157,171,171,247,247,222,250,263,35,35,35,49,49,49,62,92,104,104,119,119,191,191,208,308,308,308,36,36,54,54,78,78,95,95,110,121,121,121],"floor_reached":50,"playtime":2300,"items_purged":["Defend_R","Writhe"],"score":998,"play_id":"103a639f-b22b-4dea-aa5a-0ef3d2fa6132","local_time":"20190128020941","is_ascension_mode":true,"campfire_choices":[{"data":"Armaments","floor":10.0,"key":"SMITH"},{"floor":12.0,"key":"REST"},{"floor":15.0,"key":"REST"},{"data":"Disarm","floor":23.0,"key":"SMITH"},{"data":"Panacea","floor":25.0,"key":"SMITH"},{"floor":30.0,"key":"REST"},{"floor":32.0,"key":"REST"},{"data":"Fire Breathing","floor":40.0,"key":"SMITH"},{"data":"Fire Breathing","floor":42.0,"key":"SMITH"},{"data":"Dark Embrace","floor":44.0,"key":"SMITH"},{"floor":46.0,"key":"REST"},{"floor":49,"key":"REST"}],"neow_cost":"NONE","seed_source_timestamp":452749537362520,"circlet_count":0,"master_deck":["AscendersBane","Strike_R","Strike_R","Strike_R","Strike_R","Strike_R","Defend_R","Defend_R","Defend_R","Bash","Shockwave","Perfected Strike","Armaments+1","Fire Breathing+1","Feel No Pain","Disarm+1","Shrug It Off","True Grit","Pommel Strike","Dark Embrace+1","Feed","Pommel Strike","Juggernaut","Pommel Strike","Wild Strike+1","Shrug It Off","Panacea+1","Inflame+1","Twin Strike","Shrug It Off","Bludgeon","Decay","Corruption+1","Body Slam+1","Fire Breathing+1","Battle Trance","Sentinel","Evolve","Shockwave","Disarm"],"special_seed":0,"relics":["Lizard Tail","Vajra","Ornamental Fan","Gremlin Horn","Blue Candle","Torii","Velvet Choker","Red Mask","Omamori","Dodecahedron","Calling Bell","Bronze Scales","Singing Bowl","Pocketwatch","Thread and Needle","Red Skull"],"potions_floor_usage":[48],"damage_taken":[{"damage":4.0,"enemies":"Jaw Worm","floor":1.0,"turns":4.0},{"damage":0.0,"enemies":"Cultist","floor":3.0,"turns":4.0},{"damage":7.0,"enemies":"Small Slimes","floor":4.0,"turns":3.0},{"damage":5.0,"enemies":"Exordium Wildlife","floor":5.0,"turns":4.0},{"damage":7.0,"enemies":"3 Louse","floor":6.0,"turns":4.0},{"damage":2.0,"enemies":"Lagavulin","floor":7.0,"turns":7.0},{"damage":24.0,"enemies":"3 Sentries","floor":11.0,"turns":12.0},{"damage":20.0,"enemies":"3 Sentries","floor":13.0,"turns":10.0},{"damage":10.0,"enemies":"Blue Slaver","floor":14.0,"turns":6.0},{"damage":13.0,"enemies":"The Guardian","floor":16.0,"turns":12.0},{"damage":1.0,"enemies":"2 Thieves","floor":18.0,"turns":4.0},{"damage":12.0,"enemies":"Masked Bandits","floor":19.0,"turns":5.0},{"damage":1.0,"enemies":"3 Byrds","floor":20.0,"turns":5.0},{"damage":1.0,"enemies":"Snecko","floor":24.0,"turns":3.0},{"damage":24.0,"enemies":"Shelled Parasite and Fungi","floor":27.0,"turns":6.0},{"damage":21.0,"enemies":"Book of Stabbing","floor":28.0,"turns":6.0},{"damage":4.0,"enemies":"Snake Plant","floor":29.0,"turns":5.0},{"damage":1.0,"enemies":"3 Cultists","floor":31.0,"turns":4.0},{"damage":125.0,"enemies":"Champ","floor":33.0,"turns":19.0},{"damage":10.0,"enemies":"3 Darklings","floor":35.0,"turns":5.0},{"damage":4.0,"enemies":"Mind Bloom Boss Battle","floor":36.0,"turns":7.0},{"damage":1.0,"enemies":"Orb Walker","floor":41.0,"turns":3.0},{"damage":16.0,"enemies":"3 Darklings","floor":45.0,"turns":6.0},{"damage":11.0,"enemies":"Maw","floor":47.0,"turns":6.0},{"damage":33,"enemies":"Jaw Worm Horde","floor":48,"turns":4},{"damage":82,"enemies":"Donu and Deca","floor":50,"turns":8}],"seed_played":"-8898670972637503462","potions_obtained":[{"floor":1.0,"key":"SteroidPotion"},{"floor":4.0,"key":"Dexterity Potion"},{"floor":11.0,"key":"Explosive Potion"},{"floor":13.0,"key":"Block Potion"},{"floor":16.0,"key":"SkillPotion"},{"floor":20.0,"key":"Fire Potion"},{"floor":24.0,"key":"Regen Potion"},{"floor":27.0,"key":"Fire Potion"},{"floor":31.0,"key":"Explosive Potion"},{"floor":35.0,"key":"AttackPotion"},{"floor":45.0,"key":"Fire Potion"}],"is_trial":false,"path_per_floor":["M","?","M","M","M","M","E","$","T","R","?","R","E","M","R","B",null,"M","?","M","$","?","R","M","R","T","M","E","M","R","M","R","B",null,"M","?","?","?","$","R","M","R","T","R","M","R","M","M","R","B"],"character_chosen":"IRONCLAD","items_purchased":["Shrug It Off","True Grit","Pommel Strike","Shrug It Off","Panacea","Fire Breathing","Battle Trance"],"campfire_rested":6,"item_purchase_floors":[8,8,8,21,21,39,39],"current_hp_per_floor":[64,64,64,57,52,45,43,43,43,43,19,41,21,11,33,20,61,60,51,54,54,54,54,56,56,56,50,29,25,51,53,80,12,71,61,61,80,80,80,80,79,79,79,79,63,91,80,51,80,0],"gold":121,"neow_bonus":"BOSS_RELIC","is_prod":false,"is_daily":false,"chose_seed":false,"campfire_upgraded":6,"win_rate":0,"timestamp":1548670181,"path_taken":["M","?","M","M","?","M","E","?","T","R","?","R","E","M","R","BOSS","M","?","M","$","?","R","M","R","T","M","E","M","R","M","R","BOSS","M","?","?","?","$","R","M","R","T","R","M","R","M","M","R","BOSS"],"build_version":"2019-01-23","purchased_purges":2,"victory":false,"max_hp_per_floor":[75,75,75,75,75,75,75,75,75,75,75,75,75,75,75,75,75,75,78,82,82,82,82,85,85,85,88,88,88,88,91,91,91,91,91,95,95,95,95,95,95,95,95,95,95,95,95,99,99,99],"card_choices":[{"not_picked":["Clothesline","Power Through"],"picked":"Shockwave","floor":1.0},{"not_picked":["Body Slam","Power Through"],"picked":"Perfected Strike","floor":3.0},{"not_picked":["Twin Strike","Hemokinesis"],"picked":"Armaments","floor":4.0},{"not_picked":["Burning Pact","Warcry"],"picked":"Fire Breathing","floor":5.0},{"not_picked":["Thunderclap","Dropkick"],"picked":"Feel No Pain","floor":6.0},{"not_picked":["Bloodletting","Burning Pact"],"picked":"Disarm","floor":7.0},{"not_picked":["Iron Wave","Cleave"],"picked":"Dark Embrace","floor":11.0},{"not_picked":["Infernal Blade","Clash"],"picked":"Feed","floor":13.0},{"not_picked":["Havoc","Iron Wave"],"picked":"Pommel Strike","floor":14.0},{"not_picked":["Exhume","Demon Form"],"picked":"Juggernaut","floor":16.0},{"not_picked":["Cleave","Clash"],"picked":"Pommel Strike","floor":18.0},{"not_picked":["Sword Boomerang","Cleave"],"picked":"Wild Strike+1","floor":19.0},{"not_picked":["True Grit","Infernal Blade"],"picked":"Inflame+1","floor":24.0},{"not_picked":["Feel No Pain","Entrench"],"picked":"Twin Strike","floor":27.0},{"not_picked":["Heavy Blade+1","Double Tap"],"picked":"Shrug It Off","floor":28.0},{"not_picked":["Brutality","Juggernaut"],"picked":"Bludgeon","floor":33.0},{"not_picked":["Pummel","Thunderclap"],"picked":"Corruption+1","floor":35.0},{"not_picked":["Havoc+1","Twin Strike"],"picked":"Body Slam+1","floor":36.0},{"not_picked":["Thunderclap","Twin Strike"],"picked":"Sentinel","floor":41.0},{"not_picked":["Thunderclap+1","Warcry"],"picked":"Evolve","floor":45.0},{"not_picked":["Perfected Strike","Rage"],"picked":"Shockwave","floor":47},{"not_picked":["Pommel Strike","Dual Wield"],"picked":"Disarm","floor":48}],"player_experience":1060455,"relics_obtained":[{"floor":7.0,"key":"Ornamental Fan"},{"floor":9.0,"key":"Gremlin Horn"},{"floor":11.0,"key":"Blue Candle"},{"floor":13.0,"key":"Torii"},{"floor":19.0,"key":"Red Mask"},{"floor":26.0,"key":"Omamori"},{"floor":28.0,"key":"Dodecahedron"},{"floor":34.0,"key":"Bronze Scales"},{"floor":34.0,"key":"Singing Bowl"},{"floor":34.0,"key":"Pocketwatch"},{"floor":36.0,"key":"Thread and Needle"},{"floor":43.0,"key":"Red Skull"}],"event_choices":[{"damage_healed":0.0,"max_hp_gain":0.0,"max_hp_loss":0.0,"gold_gain":0.0,"event_name":"WeMeetAgain","player_choice":"Gave Potion","floor":2.0,"gold_loss":0.0,"damage_taken":0.0,"relics_obtained":["Vajra"]},{"damage_healed":0.0,"max_hp_gain":0.0,"max_hp_loss":0.0,"gold_gain":0.0,"event_name":"Dead Adventurer","player_choice":"Searched \u00272\u0027 times","floor":11.0,"gold_loss":0.0,"damage_taken":0.0},{"damage_healed":0.0,"max_hp_gain":0.0,"max_hp_loss":0.0,"gold_gain":0.0,"event_name":"Masked Bandits","player_choice":"Fought Bandits","floor":19.0,"gold_loss":0.0,"damage_taken":0.0},{"damage_healed":0.0,"max_hp_gain":0.0,"max_hp_loss":0.0,"gold_gain":0.0,"event_name":"Beggar","player_choice":"Ignored","floor":22.0,"gold_loss":0.0,"damage_taken":0.0},{"damage_healed":0.0,"max_hp_gain":0.0,"max_hp_loss":0.0,"gold_gain":0.0,"event_name":"MindBloom","player_choice":"Fight","floor":36.0,"gold_loss":0.0,"damage_taken":0.0},{"damage_healed":19.0,"max_hp_gain":0.0,"max_hp_loss":0.0,"gold_gain":0.0,"event_name":"Winding Halls","player_choice":"Writhe","floor":37.0,"gold_loss":0.0,"damage_taken":0.0,"cards_obtained":["Writhe"]},{"damage_healed":0.0,"max_hp_gain":0.0,"max_hp_loss":0.0,"gold_gain":0.0,"event_name":"Mysterious Sphere","player_choice":"Ignored","floor":38.0,"gold_loss":0.0,"damage_taken":0.0}],"is_beta":true,"boss_relics":[{"not_picked":["White Beast Statue","Empty Cage"],"picked":"Velvet Choker"},{"not_picked":["Black Star","Astrolabe"],"picked":"Calling Bell"}],"items_purged_floors":[21,39],"is_endless":false,"potions_floor_spawned":[1,4,11,13,16,20,24,27,29,31,35,45,47],"killed_by":"Donu and Deca","ascension_level":20}