{"gold_per_floor":[109,109,109,109,11,45,58,84,84,32,44,44,119,119,119,193,193,210,210,222,45,65,65,76,76,103,137,137,60,77,127,127,127],"floor_reached":33,"playtime":655,"items_purged":[],"score":518,"play_id":"7237b9c9-fc64-4287-b042-198358c06ed1","local_time":"20180709233013","is_ascension_mode":true,"campfire_choices":[{"data":"Perfected Strike","floor":12,"key":"SMITH"},{"data":"Flame Barrier","floor":15,"key":"SMITH"},{"data":"Disarm","floor":23,"key":"SMITH"},{"floor":25,"key":"REST"},{"floor":28,"key":"REST"},{"data":"Perfected Strike","floor":32,"key":"SMITH"}],"neow_cost":"NONE","seed_source_timestamp":151579543977439,"circlet_count":0,"master_deck":["Strike_R","Strike_R","Strike_R","Strike_R","Strike_R","Defend_R","Defend_R+1","Bash+1","AscendersBane","Flame Barrier+1","Shrug It Off","Twin Strike","Anger","Perfected Strike+1","Thunderclap","Pommel Strike","Offering+1","Impervious","Disarm+1","Shrug It Off","Wild Strike","Shockwave","Wild Strike","Disarm+1","Shrug It Off","J.A.X.","Perfected Strike+1"],"relics":["Burning Blood","NeowsBlessing","Boot","Art of War","Toolbox","Ancient Tea Set","Velvet Choker","Strawberry","War Paint","Dream Catcher"],"potions_floor_usage":[8,16,27,27],"damage_taken":[{"damage":0,"enemies":"Jaw Worm","floor":1,"turns":1},{"damage":0,"enemies":"3 Sentries","floor":6,"turns":1},{"damage":0,"enemies":"2 Louse","floor":7,"turns":1},{"damage":24,"enemies":"Lagavulin","floor":8,"turns":7},{"damage":4,"enemies":"Small Slimes","floor":11,"turns":3},{"damage":39,"enemies":"The Guardian","floor":16,"turns":8},{"damage":4,"enemies":"Chosen","floor":18,"turns":4},{"damage":19,"enemies":"Shell Parasite","floor":20,"turns":4},{"damage":23,"enemies":"Snecko","floor":22,"turns":6},{"damage":17,"enemies":"Centurion and Healer","floor":24,"turns":5},{"damage":25,"enemies":"Book of Stabbing","floor":27,"turns":5},{"damage":4,"enemies":"Snake Plant","floor":30,"turns":2},{"damage":67,"enemies":"Champ","floor":33,"turns":7}],"seed_played":"-6487156152749769876","potions_obtained":[{"floor":1,"key":"EssenceOfSteel"},{"floor":8,"key":"Explosive Potion"},{"floor":11,"key":"EssenceOfSteel"},{"floor":16,"key":"EssenceOfSteel"}],"is_trial":false,"path_per_floor":["M","?","?","?","$","E","M","E","T","$","M","R","?","?","R","B",null,"M","?","M","$","M","R","M","R","T","E","R","?","M","?","R"],"character_chosen":"IRONCLAD","items_purchased":["Shrug It Off","Twin Strike","Pommel Strike","Wild Strike","Strawberry"],"campfire_rested":2,"item_purchase_floors":[5,5,10,21,21],"current_hp_per_floor":[74,74,79,72,72,78,80,62,62,62,64,64,53,42,42,9,62,64,64,51,58,41,41,30,56,56,37,63,63,65,65,65,0],"gold":127,"neow_bonus":"THREE_ENEMY_KILL","is_prod":false,"is_daily":false,"chose_seed":false,"campfire_upgraded":4,"win_rate":0,"timestamp":1531204213,"path_taken":["M","?","?","?","$","E","?","E","T","$","M","R","?","?","R","BOSS","M","?","M","$","?","R","M","R","T","E","R","?","M","?","R","BOSS"],"build_version":"2018-07-05","purchased_purges":0,"victory":false,"max_hp_per_floor":[75,75,80,80,80,80,80,80,80,80,80,80,80,80,80,80,80,80,80,80,87,87,87,87,87,87,87,87,87,87,87,87,87],"card_choices":[{"not_picked":["Headbutt","Iron Wave"],"picked":"Flame Barrier","floor":1},{"not_picked":["Sentinel","Wild Strike"],"picked":"Anger","floor":6},{"not_picked":["Shrug It Off","Seeing Red"],"picked":"Perfected Strike","floor":7},{"not_picked":["Warcry","Rupture"],"picked":"Thunderclap","floor":8},{"not_picked":["Body Slam","Anger"],"picked":"Offering","floor":11},{"not_picked":["Reaper","Brutality"],"picked":"Impervious","floor":16},{"not_picked":["Thunderclap","Blood for Blood"],"picked":"Disarm","floor":18},{"not_picked":["Whirlwind","Shockwave"],"picked":"Shrug It Off","floor":20},{"not_picked":["Feel No Pain","Cleave+1"],"picked":"Shockwave","floor":22},{"not_picked":["Hemokinesis","Cleave"],"picked":"Wild Strike","floor":24},{"not_picked":["Impervious","Sever Soul"],"picked":"Disarm+1","floor":27},{"not_picked":["Searing Blow","Pommel Strike"],"picked":"Shrug It Off","floor":28},{"not_picked":["Heavy Blade+1","Iron Wave+1"],"picked":"Perfected Strike","floor":30}],"player_experience":562207,"relics_obtained":[{"floor":6,"key":"Boot"},{"floor":8,"key":"Art of War"},{"floor":9,"key":"Toolbox"},{"floor":26,"key":"War Paint"},{"floor":27,"key":"Dream Catcher"}],"event_choices":[{"event_name":"Living Wall","player_choice":"Grow","floor":2,"damage_taken":0},{"event_name":"Big Fish","player_choice":"Donut","floor":3,"damage_taken":0},{"event_name":"Golden Wing","player_choice":"Card Removal","floor":4,"damage_taken":0},{"event_name":"World of Goop","player_choice":"Gather Gold","floor":13,"damage_taken":0},{"event_name":"Scrap Ooze","player_choice":"success","floor":14,"damage_taken":11},{"event_name":"Purifier","player_choice":"One Purge","floor":19,"damage_taken":0},{"event_name":"Drug Dealer","player_choice":"Got JAXXED","floor":29,"damage_taken":0},{"event_name":"Nest","player_choice":"Stole From Cult","floor":31,"damage_taken":0}],"boss_relics":[{"not_picked":["Philosopher\u0027s Stone","Coffee Dripper"],"picked":"Velvet Choker"}],"items_purged_floors":[],"is_endless":false,"potions_floor_spawned":[1,8,11,16,18,22],"killed_by":"Champ","ascension_level":15}