{"gold_per_floor":[119,69,69,85,95,126,126,158,158,190,204,129,139,39,39,39],"floor_reached":16,"playtime":410,"items_purged":["Defend_G","Strike_G"],"score":126,"play_id":"68c99779-6e58-4cc4-bf24-84660eb3f90a","local_time":"20190825223045","is_ascension_mode":true,"campfire_choices":[{"data":"Strike_G","floor":7.0,"key":"SMITH"},{"data":"Defend_G","floor":15,"key":"SMITH"}],"neow_cost":"NONE","seed_source_timestamp":0,"circlet_count":0,"master_deck":["Strike_G+1","Strike_G","Defend_G+1","Defend_G","Survivor","Neutralize+1","Dagger Spray+1","Backstab+1","Die Die Die+1"],"special_seed":0,"relics":["Astrolabe","Kunai","WingedGreaves","Ginger","Bottled Flame"],"potions_floor_usage":[8],"damage_taken":[{"damage":0.0,"enemies":"Jaw Worm","floor":1.0,"turns":2.0},{"damage":0.0,"enemies":"Cultist","floor":4.0,"turns":1.0},{"damage":0.0,"enemies":"2 Louse","floor":5.0,"turns":2.0},{"damage":12.0,"enemies":"Lagavulin","floor":6.0,"turns":8.0},{"damage":3,"enemies":"3 Sentries","floor":8,"turns":2},{"damage":9,"enemies":"Lagavulin","floor":10,"turns":6},{"damage":0,"enemies":"Lots of Slimes","floor":11,"turns":1},{"damage":0,"enemies":"3 Louse","floor":13,"turns":1},{"damage":49,"enemies":"Hexaghost","floor":16,"turns":12}],"seed_played":"1478","potions_obtained":[{"floor":1.0,"key":"PowerPotion"},{"floor":4.0,"key":"EntropicBrew"},{"floor":10,"key":"FearPotion"}],"is_trial":false,"path_per_floor":["M","?","?","M","M","E","R","E","T","E","M","$","M","$","R","B"],"character_chosen":"THE_SILENT","items_purchased":[],"campfire_rested":0,"item_purchase_floors":[],"current_hp_per_floor":[70,70,70,70,70,58,58,55,55,46,46,46,46,46,46,0],"gold":39,"neow_bonus":"BOSS_RELIC","is_prod":false,"is_daily":false,"chose_seed":false,"campfire_upgraded":2,"win_rate":0,"timestamp":1566797445,"path_taken":["M","?","?","M","M","E","R","E","T","E","?","$","M","$","R","BOSS"],"build_version":"2019-08-23","purchased_purges":2,"victory":false,"max_hp_per_floor":[70,70,70,70,70,70,70,70,70,70,70,70,70,70,70,70],"card_choices":[{"not_picked":["Catalyst","Cloak And Dagger","Prepared"],"picked":"SKIP","floor":6.0},{"not_picked":["Dagger Spray","Slice","Tactician"],"picked":"SKIP","floor":8},{"not_picked":["Terror","Choke","Expertise"],"picked":"SKIP","floor":10},{"not_picked":["Sucker Punch","Blade Dance","Skewer"],"picked":"SKIP","floor":11},{"not_picked":["Night Terror","Slice","Noxious Fumes"],"picked":"SKIP","floor":13}],"player_experience":1446285,"relics_obtained":[{"floor":6.0,"key":"Kunai"},{"floor":8,"key":"WingedGreaves"},{"floor":9,"key":"Ginger"},{"floor":10,"key":"Bottled Flame"}],"event_choices":[{"cards_removed":["Defend_G"],"damage_healed":0.0,"max_hp_gain":0.0,"max_hp_loss":0.0,"gold_gain":0.0,"event_name":"The Cleric","player_choice":"Card Removal","floor":2.0,"gold_loss":50.0,"damage_taken":0.0},{"damage_healed":0.0,"max_hp_gain":0.0,"max_hp_loss":0.0,"gold_gain":0.0,"event_name":"Accursed Blacksmith","player_choice":"Forge","floor":3.0,"gold_loss":0.0,"damage_taken":0.0,"cards_upgraded":["Neutralize"]}],"is_beta":true,"boss_relics":[],"items_purged_floors":[12,14],"is_endless":false,"potions_floor_spawned":[1,4,10,13],"killed_by":"Hexaghost","ascension_level":1}