{"gold_per_floor":[110,126,51,61,73,105,117,135,135,135,154,154,184,184,184,260,260,272,46,64,64,64,64,64,74,74,74,104,104,19,19,19,98,98,114,114,214,214,228,228,228,247,247,264,264,20,36,50,50,50],"floor_reached":51,"playtime":2275,"items_purged":["Recycle"],"score":1322,"play_id":"dbe8a504-868b-439a-bb71-b64165e18371","local_time":"20190824172500","is_ascension_mode":true,"campfire_choices":[{"floor":10,"key":"REST"},{"floor":12,"key":"REST"},{"data":"Capacitor","floor":15,"key":"SMITH"},{"floor":23,"key":"REST"},{"data":"Zap","floor":24,"key":"SMITH"},{"data":"Fission","floor":27,"key":"SMITH"},{"floor":32,"key":"REST"},{"floor":40,"key":"REST"},{"floor":45,"key":"DIG"},{"floor":49,"key":"REST"}],"neow_cost":"NONE","seed_source_timestamp":362012666700200,"circlet_count":0,"master_deck":["AscendersBane","Strike_B+1","Strike_B+1","Defend_B+1","Defend_B+1","Defend_B+1","Defend_B+1","Zap+1","Dualcast","Rebound","Capacitor+1","Cold Snap","Beam Cell","Chill","Ball Lightning","Electrodynamics","Undo","Fission+1","Coolheaded","Glacier","Rainbow"],"relics":["Cracked Core","NeowsBlessing","WingedGreaves","Dodecahedron","Dream Catcher","Velvet Choker","Runic Capacitor","Nilry\u0027s Codex","Singing Bowl","Kunai","Pen Nib","Busted Crown","Shovel","Mercury Hourglass","Thread and Needle","Bronze Scales"],"potions_floor_usage":[6,16,28,33,35,44,47,48,50],"damage_taken":[{"damage":0,"enemies":"Small Slimes","floor":1,"turns":1},{"damage":0,"enemies":"2 Louse","floor":2,"turns":1},{"damage":0,"enemies":"Jaw Worm","floor":4,"turns":1},{"damage":7,"enemies":"Red Slaver","floor":5,"turns":3},{"damage":29,"enemies":"Gremlin Nob","floor":6,"turns":4},{"damage":9,"enemies":"Blue Slaver","floor":7,"turns":3},{"damage":18,"enemies":"Large Slime","floor":8,"turns":3},{"damage":11,"enemies":"3 Louse","floor":11,"turns":3},{"damage":8,"enemies":"Hexaghost","floor":16,"turns":7},{"damage":1,"enemies":"3 Byrds","floor":18,"turns":3},{"damage":15,"enemies":"Spheric Guardian","floor":20,"turns":5},{"damage":4,"enemies":"Centurion and Healer","floor":25,"turns":4},{"damage":30,"enemies":"Slavers","floor":28,"turns":4},{"damage":22,"enemies":"Collector","floor":33,"turns":9},{"damage":35,"enemies":"3 Darklings","floor":35,"turns":6},{"damage":8,"enemies":"Mind Bloom Boss Battle","floor":37,"turns":6},{"damage":1,"enemies":"Orb Walker","floor":39,"turns":5},{"damage":7,"enemies":"3 Darklings","floor":42,"turns":6},{"damage":2,"enemies":"Writhing Mass","floor":44,"turns":8},{"damage":28,"enemies":"Jaw Worm Horde","floor":47,"turns":4},{"damage":10,"enemies":"Transient","floor":48,"turns":6},{"damage":23,"enemies":"Donu and Deca","floor":50,"turns":14}],"seed_played":"-1300426995077954878","potions_obtained":[{"floor":1,"key":"Explosive Potion"},{"floor":6,"key":"FocusPotion"},{"floor":7,"key":"Dexterity Potion"},{"floor":11,"key":"FocusPotion"},{"floor":16,"key":"Dexterity Potion"},{"floor":28,"key":"FocusPotion"},{"floor":33,"key":"GamblersBrew"},{"floor":37,"key":"Block Potion"},{"floor":44,"key":"Poison Potion"},{"floor":47,"key":"FearPotion"}],"is_trial":false,"path_per_floor":["M","M","?","M","M","E","M","M","T","R","M","R","?","?","R","B",null,"M","$","M","?","?","R","R","M","T","R","E","?","?","$","R","B",null,"M","?","?","?","M","R","?","M","T","M","R","$","M","M","R","B",null],"character_chosen":"DEFECT","items_purchased":["Runic Capacitor","Bronze Scales"],"campfire_rested":6,"item_purchase_floors":[19,46],"current_hp_per_floor":[64,64,64,64,57,28,19,1,1,22,11,32,32,32,32,24,59,58,58,43,22,22,43,43,39,39,39,9,23,23,23,44,22,59,26,26,20,20,21,46,46,41,41,41,41,41,15,7,35,12],"gold":50,"neow_bonus":"THREE_ENEMY_KILL","is_prod":false,"is_daily":false,"chose_seed":false,"campfire_upgraded":3,"win_rate":0,"timestamp":1566635100,"path_taken":["M","M","?","M","M","E","M","M","T","R","M","R","?","?","R","BOSS","M","$","M","?","?","R","R","M","T","R","E","?","?","?","R","BOSS","M","?","?","?","M","R","?","M","T","M","R","$","M","M","R","BOSS"],"build_version":"2019-07-17","purchased_purges":1,"victory":true,"max_hp_per_floor":[71,71,71,71,71,71,71,71,71,71,71,71,71,71,71,71,71,71,71,71,71,71,71,71,71,71,71,71,71,71,71,71,71,71,73,73,75,75,77,79,79,81,81,83,83,83,85,87,89,89],"card_choices":[{"not_picked":["Chaos","Hologram"],"picked":"Rebound","floor":1},{"not_picked":["Stack","Beam Cell"],"picked":"Capacitor","floor":2},{"not_picked":["Coolheaded","Compile Driver"],"picked":"Cold Snap","floor":4},{"not_picked":["Leap","Turbo"],"picked":"Beam Cell","floor":5},{"not_picked":["Aggregate","Rip and Tear"],"picked":"Ball Lightning","floor":6},{"not_picked":["Leap","Compile Driver"],"picked":"Chill","floor":7},{"not_picked":["Turbo","Lockon"],"picked":"Ball Lightning","floor":8},{"not_picked":["Hello World","Streamline","Meteor Strike"],"picked":"SKIP","floor":11},{"not_picked":["Meteor Strike","Echo Form"],"picked":"Electrodynamics","floor":16},{"not_picked":["Steam","Chaos"],"picked":"Undo","floor":18},{"not_picked":["Fusion","Steam"],"picked":"Recycle","floor":20},{"not_picked":["Hologram","Leap"],"picked":"Fission","floor":25},{"not_picked":["Rebound","White Noise"],"picked":"Coolheaded","floor":28},{"not_picked":["Rip and Tear","Chill"],"picked":"Glacier","floor":32},{"not_picked":["Meteor Strike","Amplify"],"picked":"Rainbow","floor":33},{"not_picked":["Force Field"],"picked":"Singing Bowl","floor":35},{"not_picked":["Compile Driver+1"],"picked":"Singing Bowl","floor":37},{"not_picked":["Cold Snap"],"picked":"Singing Bowl","floor":39},{"not_picked":["Compile Driver"],"picked":"Singing Bowl","floor":40},{"not_picked":["Genetic Algorithm"],"picked":"Singing Bowl","floor":42},{"not_picked":["Steam"],"picked":"Singing Bowl","floor":44},{"not_picked":["Undo"],"picked":"Singing Bowl","floor":47},{"not_picked":["Hello World"],"picked":"Singing Bowl","floor":48},{"not_picked":["Melter"],"picked":"Singing Bowl","floor":49}],"player_experience":224020,"relics_obtained":[{"floor":6,"key":"WingedGreaves"},{"floor":9,"key":"Dodecahedron"},{"floor":21,"key":"Nilry\u0027s Codex"},{"floor":26,"key":"Singing Bowl"},{"floor":28,"key":"Kunai"},{"floor":37,"key":"Shovel"},{"floor":43,"key":"Mercury Hourglass"},{"floor":45,"key":"Thread and Needle"}],"event_choices":[{"cards_removed":["Strike_B"],"damage_healed":0,"gold_gain":0,"player_choice":"Card Removal","damage_taken":0,"max_hp_gain":0,"max_hp_loss":0,"event_name":"The Cleric","floor":3,"gold_loss":75},{"damage_healed":0,"gold_gain":30,"player_choice":"Searched \u00272\u0027 times","damage_taken":0,"relics_obtained":["Dream Catcher"],"max_hp_gain":0,"max_hp_loss":0,"event_name":"Dead Adventurer","floor":13,"gold_loss":0},{"cards_removed":["Strike_B"],"damage_healed":0,"gold_gain":0,"player_choice":"Purged","damage_taken":0,"max_hp_gain":0,"max_hp_loss":0,"event_name":"Purifier","floor":14,"gold_loss":0},{"damage_healed":0,"gold_gain":0,"player_choice":"Obtained Book","damage_taken":21,"max_hp_gain":0,"max_hp_loss":0,"event_name":"Cursed Tome","floor":21,"gold_loss":0},{"damage_healed":0,"gold_gain":0,"player_choice":"Simplicity","damage_taken":0,"max_hp_gain":0,"max_hp_loss":0,"event_name":"Back to Basics","floor":22,"gold_loss":0,"cards_upgraded":["Strike_B","Strike_B","Defend_B","Defend_B","Defend_B","Defend_B"]},{"damage_healed":14,"gold_gain":0,"player_choice":"Heal","damage_taken":0,"max_hp_gain":0,"max_hp_loss":0,"event_name":"The Library","floor":29,"gold_loss":0},{"damage_healed":0,"gold_gain":0,"player_choice":"Obtained Relic","damage_taken":0,"relics_obtained":["Pen Nib"],"max_hp_gain":0,"max_hp_loss":0,"event_name":"Addict","floor":30,"gold_loss":85},{"cards_removed":["Ball Lightning"],"damage_healed":0,"gold_gain":0,"player_choice":"Removed Attack","damage_taken":0,"max_hp_gain":0,"max_hp_loss":0,"event_name":"Falling","floor":36,"gold_loss":0},{"damage_healed":0,"gold_gain":0,"player_choice":"Fight","damage_taken":0,"max_hp_gain":0,"max_hp_loss":0,"event_name":"MindBloom","floor":37,"gold_loss":0},{"damage_healed":0,"gold_gain":0,"player_choice":"Ignored","damage_taken":0,"max_hp_gain":0,"max_hp_loss":0,"event_name":"Mysterious Sphere","floor":38,"gold_loss":0},{"damage_healed":0,"gold_gain":0,"player_choice":"Ignored","damage_taken":0,"max_hp_gain":0,"max_hp_loss":0,"event_name":"Tomb of Lord Red Mask","floor":41,"gold_loss":0}],"is_beta":false,"boss_relics":[{"not_picked":["FrozenCore","Runic Dome"],"picked":"Velvet Choker"},{"not_picked":["Cursed Key","Philosopher\u0027s Stone"],"picked":"Busted Crown"}],"items_purged_floors":[46],"is_endless":false,"potions_floor_spawned":[1,6,7,11,16,28,33,37,42,44,47],"ascension_level":18}