{"gold_per_floor":[113,113,123,123,149,190,202,214,226,248,294,321,349,389,401,517,529,560,572,596,608],"floor_reached":21,"playtime":1587,"items_purged":[],"score":226,"play_id":"5527cbb4-d201-4384-b744-011ebe12e808","local_time":"20190530130147","is_ascension_mode":false,"campfire_choices":[{"floor":8,"key":"REST"},{"floor":15,"key":"REST"}],"neow_cost":"NONE","seed_source_timestamp":1266514246529686,"circlet_count":0,"master_deck":["Strike_B","Strike_B","Strike_B","Strike_B","Defend_B","Defend_B+1","Defend_B","Zap+1","Dualcast+1","Defragment+1","Streamline","Rebound","Buffer","Auto Shields","Capacitor","Creative AI","Cold Snap","Amplify+1"],"relics":["Cracked Core","MawBank","PreservedInsect","Blue Candle","Gremlin Horn","War Paint","Black Star"],"potions_floor_usage":[11,13,16],"damage_taken":[{"damage":6,"enemies":"Jaw Worm","floor":1,"turns":2},{"damage":1,"enemies":"2 Louse","floor":3,"turns":3},{"damage":0,"enemies":"Cultist","floor":5,"turns":2},{"damage":21,"enemies":"3 Sentries","floor":6,"turns":6},{"damage":20,"enemies":"Exordium Thugs","floor":10,"turns":4},{"damage":0,"enemies":"Gremlin Nob","floor":11,"turns":3},{"damage":0,"enemies":"Red Slaver","floor":12,"turns":3},{"damage":10,"enemies":"Looter","floor":13,"turns":2},{"damage":7,"enemies":"Lagavulin","floor":14,"turns":6},{"damage":43,"enemies":"Hexaghost","floor":16,"turns":10},{"damage":9,"enemies":"Chosen","floor":18,"turns":5},{"damage":20,"enemies":"Spheric Guardian","floor":20,"turns":5},{"damage":55,"enemies":"3 Cultists","floor":21,"turns":4}],"seed_played":"-1769809480845793171","potions_obtained":[{"floor":1,"key":"FearPotion"},{"floor":6,"key":"PowerPotion"},{"floor":10,"key":"Regen Potion"},{"floor":12,"key":"EssenceOfSteel"},{"floor":14,"key":"SteroidPotion"}],"is_trial":false,"path_per_floor":["M","?","M","?","M","E","?","R","T","M","E","M","M","E","R","B",null,"M","?","M","M"],"character_chosen":"DEFECT","items_purchased":[],"campfire_rested":2,"item_purchase_floors":[],"current_hp_per_floor":[69,74,73,66,66,45,45,69,69,49,49,49,44,37,61,18,80,71,71,51,0],"gold":608,"neow_bonus":"UPGRADE_CARD","is_prod":false,"is_daily":false,"chose_seed":false,"campfire_upgraded":0,"win_rate":0,"timestamp":1559235707,"path_taken":["M","?","M","?","M","E","?","R","T","M","E","M","?","E","R","BOSS","M","?","?","M"],"build_version":"2019-01-23","purchased_purges":0,"victory":false,"max_hp_per_floor":[75,80,80,80,80,80,80,80,80,80,80,80,80,80,80,80,80,80,80,80,80],"card_choices":[{"not_picked":["Storm","Stack"],"picked":"Defragment","floor":1},{"not_picked":["Barrage","Auto Shields"],"picked":"Streamline","floor":3},{"not_picked":["Barrage","Force Field"],"picked":"Rebound","floor":5},{"not_picked":["Ball Lightning","Double Energy"],"picked":"Buffer","floor":6},{"not_picked":["Melter","Gash","Ball Lightning"],"picked":"SKIP","floor":10},{"not_picked":["Steam","Conserve Battery"],"picked":"Auto Shields","floor":11},{"not_picked":["Compile Driver","Steam Power","Barrage"],"picked":"SKIP","floor":12},{"not_picked":["Gash","Ball Lightning"],"picked":"Capacitor","floor":13},{"not_picked":["Genetic Algorithm","Ball Lightning","Lockon"],"picked":"SKIP","floor":14},{"not_picked":["Multi-Cast","All For One"],"picked":"Creative AI","floor":16},{"not_picked":["Force Field","Streamline"],"picked":"Cold Snap","floor":18},{"not_picked":["Fusion","Aggregate+1","Streamline+1"],"picked":"SKIP","floor":20}],"player_experience":65113,"relics_obtained":[{"floor":6,"key":"PreservedInsect"},{"floor":9,"key":"Blue Candle"},{"floor":11,"key":"Gremlin Horn"},{"floor":14,"key":"War Paint"}],"event_choices":[{"damage_healed":0,"gold_gain":0,"player_choice":"Donut","damage_taken":0,"max_hp_gain":5,"max_hp_loss":0,"event_name":"Big Fish","floor":2,"gold_loss":0},{"damage_healed":0,"gold_gain":0,"player_choice":"Success","damage_taken":7,"relics_obtained":["MawBank"],"max_hp_gain":0,"max_hp_loss":0,"event_name":"Scrap Ooze","floor":4,"gold_loss":0},{"damage_healed":0,"gold_gain":0,"player_choice":"Upgraded","damage_taken":0,"max_hp_gain":0,"max_hp_loss":0,"event_name":"Upgrade Shrine","floor":7,"gold_loss":0,"cards_upgraded":["Defragment"]},{"cards_removed":["Defend_B"],"damage_healed":0,"gold_gain":0,"player_choice":"Took Card","damage_taken":0,"max_hp_gain":0,"max_hp_loss":0,"event_name":"NoteForYourself","floor":19,"gold_loss":0,"cards_obtained":["Amplify"]}],"is_beta":false,"boss_relics":[{"not_picked":["Runic Pyramid","Empty Cage"],"picked":"Black Star"}],"items_purged_floors":[],"is_endless":false,"potions_floor_spawned":[1,6,10,12,14],"killed_by":"3 Cultists","ascension_level":0}