{"gold_per_floor":[110,188,263,1,16,42,42,71,71,71,88,88,101,112,112,187,187,205,205,32,47,97,110,110,110,160,160,185,185,198,232,232,307,307,324,336,46,46,57,84,84,116,116,116,116,116,116,37,37,37,37],"floor_reached":51,"playtime":2039,"items_purged":["Defend_R"],"score":1533,"play_id":"1bac5630-39c9-4645-bc01-36998a6994dc","local_time":"20190213133005","is_ascension_mode":true,"campfire_choices":[{"data":"Bash","floor":7.0,"key":"SMITH"},{"data":"Fire Breathing","floor":10.0,"key":"SMITH"},{"data":"Flex","floor":12.0,"key":"SMITH"},{"data":"Clothesline","floor":15.0,"key":"SMITH"},{"data":"Evolve","floor":27.0,"key":"SMITH"},{"data":"Shrug It Off","floor":29.0,"key":"SMITH"},{"data":"Inflame","floor":32.0,"key":"SMITH"},{"floor":41.0,"key":"REST"},{"data":"Heavy Blade","floor":45.0,"key":"SMITH"},{"data":"Bite","floor":47.0,"key":"SMITH"},{"data":"Iron Wave","floor":49.0,"key":"SMITH"}],"neow_cost":"NONE","seed_source_timestamp":7780233496897,"circlet_count":0,"master_deck":["AscendersBane","Defend_R","Defend_R","Defend_R","Bash+1","Shrug It Off+1","Iron Wave+1","Flex+1","Clothesline+1","Fire Breathing+1","Seeing Red+1","Flex+1","True Grit+1","Double Tap+1","Inflame+1","Bite+1","Bite","Bite","Bite","Shrug It Off+1","Shockwave+1","Evolve+1","True Grit+1","Dual Wield+1","Necronomicurse","Ghostly+1","Ghostly+1","Ghostly+1","Limit Break+1","Bloodletting+1","Reaper","Shrug It Off+1","Feel No Pain+1","Seeing Red+1","Heavy Blade+1","Dual Wield+1","Battle Trance+1","Shrug It Off+1","Flame Barrier+1","Headbutt+1","Fire Breathing+1"],"special_seed":0,"relics":["Burning Blood","NeowsBlessing","Dodecahedron","OrangePellets","Ice Cream","Toxic Egg 2","Thread and Needle","Lizard Tail","Necronomicon","Lantern","Smiling Mask","Frozen Egg 2","Orrery","Strange Spoon","WingedGreaves","Molten Egg 2","Paper Frog"],"potions_floor_usage":[],"damage_taken":[{"damage":0.0,"enemies":"Cultist","floor":1.0,"turns":1.0},{"damage":0.0,"enemies":"2 Louse","floor":5.0,"turns":1.0},{"damage":0.0,"enemies":"Lagavulin","floor":6.0,"turns":1.0},{"damage":24.0,"enemies":"Gremlin Nob","floor":8.0,"turns":4.0},{"damage":0.0,"enemies":"Jaw Worm","floor":11.0,"turns":4.0},{"damage":0.0,"enemies":"Large Slime","floor":13.0,"turns":6.0},{"damage":2.0,"enemies":"2 Fungi Beasts","floor":14.0,"turns":3.0},{"damage":23.0,"enemies":"Hexaghost","floor":16.0,"turns":9.0},{"damage":10.0,"enemies":"Shell Parasite","floor":18.0,"turns":5.0},{"damage":19.0,"enemies":"2 Thieves","floor":21.0,"turns":5.0},{"damage":0.0,"enemies":"Snecko","floor":23.0,"turns":5.0},{"damage":0.0,"enemies":"Cultist and Chosen","floor":30.0,"turns":5.0},{"damage":3.0,"enemies":"Gremlin Leader","floor":31.0,"turns":6.0},{"damage":52.0,"enemies":"Champ","floor":33.0,"turns":12.0},{"damage":3.0,"enemies":"Orb Walker","floor":35.0,"turns":3.0},{"damage":39.0,"enemies":"3 Shapes","floor":36.0,"turns":7.0},{"damage":8.0,"enemies":"Jaw Worm Horde","floor":39.0,"turns":5.0},{"damage":25.0,"enemies":"Nemesis","floor":40.0,"turns":11.0},{"damage":29.0,"enemies":"Giant Head","floor":42.0,"turns":10.0},{"damage":20.0,"enemies":"Donu and Deca","floor":50.0,"turns":9.0},{"damage":45,"enemies":"Awakened One","floor":51,"turns":3}],"seed_played":"482684288430519053","potions_obtained":[{"floor":8.0,"key":"Ancient Potion"},{"floor":11.0,"key":"AttackPotion"},{"floor":16.0,"key":"Energy Potion"},{"floor":23.0,"key":"Ancient Potion"},{"floor":31.0,"key":"SpeedPotion"},{"floor":35.0,"key":"SteroidPotion"},{"floor":42.0,"key":"SkillPotion"}],"is_trial":false,"path_per_floor":["M","T","?","$","M","E","R","E","T","R","M","R","M","M","R","B",null,"M","?","$","M","?","M","?","?","T","R","T","R","M","E","R","B",null,"M","M","$","?","M","E","R","E","T","?","R","?","R","$","R","B","B"],"character_chosen":"IRONCLAD","items_purchased":["OrangePellets","Iron Wave","Shrug It Off+1","Shockwave+1","Evolve","Strange Spoon","Shrug It Off+1","Fire Breathing+1"],"campfire_rested":1,"item_purchase_floors":[4,4,20,20,20,37,37,48],"current_hp_per_floor":[74,74,63,63,69,75,75,57,57,57,63,63,69,73,73,56,70,66,52,52,51,51,52,31,26,26,26,26,26,26,26,26,23,25,26,26,26,26,26,21,26,26,26,26,26,26,26,26,26,26,0],"gold":37,"neow_bonus":"THREE_ENEMY_KILL","is_prod":false,"is_daily":false,"chose_seed":false,"campfire_upgraded":10,"win_rate":0,"timestamp":1550093405,"path_taken":["M","?","?","$","M","E","R","E","T","R","M","R","M","M","R","BOSS","M","?","$","M","?","M","?","?","T","R","?","R","M","E","R","BOSS","M","?","$","?","M","E","R","E","T","?","R","?","R","$","R","BOSS","BOSS"],"build_version":"2019-02-06","purchased_purges":1,"victory":false,"max_hp_per_floor":[75,75,75,75,75,75,75,75,75,75,75,75,75,75,75,75,75,75,52,52,52,52,52,52,26,26,26,26,26,26,26,26,26,26,26,26,26,26,26,26,26,26,26,26,26,26,26,26,26,26,26],"card_choices":[{"not_picked":["Shockwave","Body Slam"],"picked":"Shrug It Off","floor":1.0},{"not_picked":["Heavy Blade","Sword Boomerang"],"picked":"Flex","floor":5.0},{"not_picked":["Body Slam","Heavy Blade"],"picked":"Clothesline","floor":6.0},{"not_picked":["Flex","Twin Strike"],"picked":"Fire Breathing","floor":8.0},{"not_picked":["Sentinel+1","Searing Blow"],"picked":"Seeing Red+1","floor":11.0},{"not_picked":["Body Slam","Pommel Strike"],"picked":"Flex+1","floor":13.0},{"not_picked":["Corruption","Inflame"],"picked":"True Grit+1","floor":14.0},{"not_picked":["Bludgeon","Reaper"],"picked":"Double Tap+1","floor":16.0},{"not_picked":["Pommel Strike","Thunderclap+1"],"picked":"Inflame","floor":18.0},{"not_picked":["Sever Soul","Thunderclap"],"picked":"True Grit+1","floor":21.0},{"not_picked":["Warcry+1","True Grit+1"],"picked":"Dual Wield+1","floor":23.0},{"not_picked":["Searing Blow","Wild Strike"],"picked":"Limit Break+1","floor":30.0},{"not_picked":["Body Slam","Brutality"],"picked":"Bloodletting+1","floor":31.0},{"not_picked":["Bludgeon","Brutality+1"],"picked":"Reaper","floor":33.0},{"not_picked":["Armaments+1","Reckless Charge+1"],"picked":"Shrug It Off+1","floor":34.0},{"not_picked":["Perfected Strike","Uppercut"],"picked":"Feel No Pain+1","floor":34.0},{"not_picked":["Pommel Strike","Havoc+1"],"picked":"Seeing Red+1","floor":34.0},{"not_picked":["Headbutt","Clothesline"],"picked":"Heavy Blade","floor":34.0},{"not_picked":["Cleave","Thunderclap"],"picked":"Dual Wield+1","floor":35.0},{"not_picked":["Thunderclap","Anger+1"],"picked":"Battle Trance+1","floor":36.0},{"not_picked":["Infernal Blade+1","Twin Strike"],"picked":"Flame Barrier+1","floor":39.0},{"not_picked":["Searing Blow+1","Thunderclap"],"picked":"Headbutt+1","floor":42.0}],"player_experience":1153187,"relics_obtained":[{"floor":2.0,"key":"Dodecahedron"},{"floor":6.0,"key":"Ice Cream"},{"floor":8.0,"key":"Toxic Egg 2"},{"floor":9.0,"key":"Thread and Needle"},{"floor":24.0,"key":"Necronomicon"},{"floor":26.0,"key":"Lantern"},{"floor":28.0,"key":"Smiling Mask"},{"floor":31.0,"key":"Frozen Egg 2"},{"floor":40.0,"key":"WingedGreaves"},{"floor":42.0,"key":"Molten Egg 2"},{"floor":43.0,"key":"Paper Frog"}],"event_choices":[{"damage_healed":0.0,"max_hp_gain":0.0,"max_hp_loss":0.0,"gold_gain":75.0,"event_name":"World of Goop","player_choice":"Gather Gold","floor":3.0,"gold_loss":0.0,"damage_taken":11.0},{"damage_healed":0.0,"max_hp_gain":0.0,"max_hp_loss":23.0,"gold_gain":0.0,"event_name":"Vampires","player_choice":"Became a vampire","floor":19.0,"gold_loss":0.0,"damage_taken":0.0,"cards_obtained":["Bite","Bite","Bite","Bite","Bite"]},{"damage_healed":0.0,"max_hp_gain":0.0,"max_hp_loss":0.0,"gold_gain":50.0,"event_name":"Nest","player_choice":"Stole From Cult","floor":22.0,"gold_loss":0.0,"damage_taken":0.0},{"damage_healed":0.0,"max_hp_gain":0.0,"max_hp_loss":0.0,"gold_gain":0.0,"event_name":"Cursed Tome","player_choice":"Obtained Book","floor":24.0,"gold_loss":0.0,"damage_taken":21.0},{"damage_healed":0.0,"max_hp_gain":0.0,"max_hp_loss":26.0,"gold_gain":0.0,"event_name":"Ghosts","player_choice":"Became a Ghost","floor":25.0,"gold_loss":0.0,"damage_taken":0.0,"cards_obtained":["Ghostly","Ghostly","Ghostly"]},{"damage_healed":0.0,"max_hp_gain":0.0,"max_hp_loss":0.0,"gold_gain":0.0,"event_name":"SensoryStone","player_choice":"Memory 1","floor":38.0,"gold_loss":0.0,"damage_taken":0.0},{"damage_healed":0.0,"max_hp_gain":0.0,"max_hp_loss":0.0,"gold_gain":0.0,"event_name":"Mysterious Sphere","player_choice":"Ignored","floor":44.0,"gold_loss":0.0,"damage_taken":0.0},{"cards_removed":["Bite"],"damage_healed":0.0,"max_hp_gain":0.0,"max_hp_loss":0.0,"gold_gain":0.0,"event_name":"Falling","player_choice":"Removed Attack","floor":46.0,"gold_loss":0.0,"damage_taken":0.0}],"is_beta":true,"boss_relics":[{"not_picked":["Snecko Eye","Black Star"],"picked":"Lizard Tail"},{"not_picked":["Empty Cage","Runic Dome"],"picked":"Orrery"}],"items_purged_floors":[37],"is_endless":false,"potions_floor_spawned":[8,11,16,23,30,31,35,42],"killed_by":"Awakened One","ascension_level":20}