{"gold_per_floor":[117,131,81,93,108,108,137,137,137,157,157],"floor_reached":11,"playtime":626,"items_purged":[],"score":86,"play_id":"3bd3737b-3d75-40e3-a600-0117060b94a2","local_time":"20180712131022","is_ascension_mode":true,"campfire_choices":[{"data":"Metallicize","floor":6,"key":"SMITH"},{"floor":8,"key":"REST"}],"neow_cost":"NONE","seed_source_timestamp":57738409331259,"circlet_count":0,"master_deck":["Strike_R","Strike_R","Strike_R","Defend_R","Defend_R","Defend_R","Defend_R","Bash","Evolve","Shrug It Off","Twin Strike","Metallicize+1","Havoc","Whirlwind","Immolate"],"relics":["Burning Blood","Dead Branch","Bottled Tornado"],"potions_floor_usage":[7,11],"damage_taken":[{"damage":4,"enemies":"Small Slimes","floor":1,"turns":4},{"damage":13,"enemies":"Jaw Worm","floor":2,"turns":4},{"damage":6,"enemies":"Cultist","floor":4,"turns":4},{"damage":16,"enemies":"2 Fungi Beasts","floor":5,"turns":5},{"damage":40,"enemies":"Gremlin Nob","floor":7,"turns":5},{"damage":50,"enemies":"Exordium Thugs","floor":10,"turns":6},{"damage":16,"enemies":"Lagavulin","floor":11,"turns":2}],"seed_played":"2907789630811850082","potions_obtained":[{"floor":1,"key":"Swift Potion"},{"floor":4,"key":"EssenceOfSteel"},{"floor":10,"key":"SkillPotion"}],"is_trial":false,"path_per_floor":["M","M","?","M","M","R","E","R","T","M"],"character_chosen":"IRONCLAD","items_purchased":[],"campfire_rested":1,"item_purchase_floors":[],"current_hp_per_floor":[80,73,73,73,63,63,29,53,53,9,0],"gold":157,"neow_bonus":"TRANSFORM_CARD","is_prod":false,"is_daily":false,"chose_seed":false,"campfire_upgraded":1,"win_rate":0,"timestamp":1531415422,"path_taken":["M","M","?","M","M","R","E","R","T","M","E"],"build_version":"2018-07-11","purchased_purges":0,"victory":false,"max_hp_per_floor":[80,80,80,80,80,80,80,80,80,80,80],"card_choices":[{"not_picked":["Body Slam","Ghostly Armor"],"picked":"Shrug It Off","floor":1},{"not_picked":["Thunderclap","Headbutt"],"picked":"Twin Strike","floor":2},{"not_picked":["Iron Wave","Spot Weakness"],"picked":"Metallicize","floor":4},{"not_picked":["Thunderclap","Headbutt"],"picked":"Havoc","floor":5},{"not_picked":["Carnage","Rage"],"picked":"Whirlwind","floor":7},{"not_picked":["Clash","True Grit"],"picked":"Immolate","floor":10}],"player_experience":265061,"relics_obtained":[{"floor":7,"key":"Dead Branch"},{"floor":9,"key":"Bottled Tornado"}],"event_choices":[{"event_name":"The Cleric","player_choice":"Card Removal","floor":3,"damage_taken":0}],"boss_relics":[],"items_purged_floors":[],"is_endless":false,"potions_floor_spawned":[1,4,10],"killed_by":"Lagavulin","ascension_level":3}