{"gold_per_floor":[115,125,125,136,155,155,186,336,385,460,197,228,228,228,228,228],"floor_reached":16,"playtime":303,"items_purged":["Doubt"],"score":216,"play_id":"9629b724-9ed6-4740-8071-e81a2dd47c8a","local_time":"20190302001854","is_ascension_mode":true,"campfire_choices":[{"data":"Rampage","floor":6,"key":"SMITH"},{"data":"True Grit","floor":13,"key":"SMITH"},{"data":"Metallicize","floor":15,"key":"SMITH"}],"neow_cost":"NONE","seed_source_timestamp":11848684555084,"circlet_count":0,"master_deck":["AscendersBane","Strike_R","Strike_R","Strike_R","Strike_R","Strike_R","Defend_R","Defend_R","Defend_R","Defend_R","Bash+1","Iron Wave","Uppercut+1","Rampage+1","Headbutt+1","Iron Wave","Feel No Pain","True Grit+1","Flame Barrier","Metallicize+1"],"relics":["Burning Blood","NeowsBlessing","Ornamental Fan","Happy Flower","Centennial Puzzle"],"potions_floor_usage":[5,5,5,12,16],"damage_taken":[{"damage":0,"enemies":"Small Slimes","floor":1,"turns":1},{"damage":0,"enemies":"Cultist","floor":2,"turns":1},{"damage":0,"enemies":"Jaw Worm","floor":4,"turns":1},{"damage":9,"enemies":"2 Fungi Beasts","floor":5,"turns":2},{"damage":25,"enemies":"3 Sentries","floor":7,"turns":8},{"damage":13,"enemies":"Gremlin Nob","floor":12,"turns":4},{"damage":13,"enemies":"Hexaghost","floor":16,"turns":9}],"seed_played":"4481101917038685891","potions_obtained":[{"floor":2,"key":"EntropicBrew"},{"floor":7,"key":"EssenceOfSteel"},{"floor":12,"key":"EssenceOfSteel"}],"is_trial":false,"path_per_floor":["M","M","?","M","M","R","E","?","T","?","$","E","R","?","R","B"],"character_chosen":"IRONCLAD","items_purchased":["Feel No Pain","True Grit","Flame Barrier"],"campfire_rested":0,"item_purchase_floors":[11,11,11],"current_hp_per_floor":[74,75,75,75,72,72,53,53,53,42,42,35,35,12,12,0],"gold":228,"neow_bonus":"THREE_ENEMY_KILL","is_prod":false,"is_daily":false,"chose_seed":false,"campfire_upgraded":3,"win_rate":0,"timestamp":1551514734,"path_taken":["M","M","?","M","?","R","E","?","T","?","$","E","R","?","R","BOSS"],"build_version":"2019-02-06","purchased_purges":1,"victory":false,"max_hp_per_floor":[75,75,75,75,75,75,75,75,75,75,75,75,75,75,75,75],"card_choices":[{"not_picked":["Sword Boomerang","Body Slam"],"picked":"Iron Wave","floor":1},{"not_picked":["Fire Breathing","Perfected Strike"],"picked":"Uppercut","floor":2},{"not_picked":["Pommel Strike","Perfected Strike"],"picked":"Rampage","floor":4},{"not_picked":["Warcry","Iron Wave"],"picked":"Headbutt","floor":5},{"not_picked":["Cleave","Limit Break"],"picked":"Iron Wave","floor":7},{"not_picked":["Infernal Blade","Warcry"],"picked":"Metallicize","floor":12}],"player_experience":1262722,"relics_obtained":[{"floor":7,"key":"Ornamental Fan"},{"floor":9,"key":"Happy Flower"},{"floor":12,"key":"Centennial Puzzle"}],"event_choices":[{"damage_healed":0,"gold_gain":0,"player_choice":"Upgraded","damage_taken":0,"max_hp_gain":0,"max_hp_loss":0,"event_name":"Upgrade Shrine","floor":3,"gold_loss":0,"cards_upgraded":["Uppercut"]},{"damage_healed":0,"gold_gain":150,"player_choice":"AGREE","damage_taken":0,"max_hp_gain":0,"max_hp_loss":0,"event_name":"Liars Game","floor":8,"gold_loss":0,"cards_obtained":["Doubt"]},{"damage_healed":0,"gold_gain":75,"player_choice":"Gather Gold","damage_taken":11,"max_hp_gain":0,"max_hp_loss":0,"event_name":"World of Goop","floor":10,"gold_loss":0},{"damage_healed":0,"gold_gain":0,"player_choice":"Entered Light","damage_taken":23,"max_hp_gain":0,"max_hp_loss":0,"event_name":"Shining Light","floor":14,"gold_loss":0,"cards_upgraded":["Headbutt","Bash"]}],"is_beta":true,"boss_relics":[],"items_purged_floors":[11],"is_endless":false,"potions_floor_spawned":[2,7,12],"killed_by":"Hexaghost","ascension_level":20}