{"gold_per_floor":[116,116,116,116,129,129,142,153,153,170,184,39,51,51,51,153,153],"floor_reached":17,"playtime":242,"items_purged":["Strike_B"],"score":199,"play_id":"60ffe4b6-e101-4c5d-8fee-e733fc14e5f1","local_time":"20190202125402","is_ascension_mode":false,"campfire_choices":[{"data":"Zap","floor":6,"key":"SMITH"},{"data":"Dualcast","floor":15,"key":"SMITH"}],"neow_cost":"NONE","seed_source_timestamp":37598963769992,"circlet_count":0,"master_deck":["Strike_B","Strike_B","Defend_B","Defend_B","Defend_B","Defend_B","Zap+1","Dualcast+1","Compile Driver","Hello World","Ball Lightning","All For One","White Noise","Echo Form"],"relics":["Cracked Core","NeowsBlessing","Singing Bowl","NlothsMask","Cursed Key"],"potions_floor_usage":[16,16],"damage_taken":[{"damage":0,"enemies":"2 Louse","floor":1,"turns":1},{"damage":0,"enemies":"Small Slimes","floor":5,"turns":1},{"damage":0,"enemies":"Cultist","floor":7,"turns":1},{"damage":2,"enemies":"Blue Slaver","floor":8,"turns":3},{"damage":6,"enemies":"2 Fungi Beasts","floor":10,"turns":3},{"damage":16,"enemies":"3 Louse","floor":11,"turns":3},{"damage":10,"enemies":"Looter","floor":13,"turns":3},{"damage":0,"enemies":"Slime Boss","floor":16,"turns":5}],"seed_played":"5751469475422309631","potions_obtained":[{"floor":1,"key":"Swift Potion"},{"floor":7,"key":"Ancient Potion"},{"floor":10,"key":"PowerPotion"},{"floor":16,"key":"Regen Potion"}],"is_trial":false,"path_per_floor":["M","?","?","?","M","R","M","M","T","M","M","$","M","?","R","B",null],"character_chosen":"DEFECT","items_purchased":["White Noise"],"campfire_rested":0,"item_purchase_floors":[12],"current_hp_per_floor":[75,68,73,73,73,73,73,73,73,67,53,53,45,38,38,38,38],"gold":153,"neow_bonus":"THREE_ENEMY_KILL","is_prod":false,"is_daily":false,"chose_seed":false,"campfire_upgraded":2,"win_rate":0,"timestamp":1549140842,"path_taken":["M","?","?","?","M","R","?","M","T","M","M","$","M","?","R","BOSS"],"build_version":"2019-01-23","purchased_purges":1,"victory":false,"max_hp_per_floor":[75,75,80,80,80,80,80,82,82,82,84,84,86,86,86,86,86],"card_choices":[{"not_picked":["Heatsinks","Force Field"],"picked":"Compile Driver","floor":1},{"not_picked":["Steam","Compile Driver"],"picked":"Hello World","floor":5},{"not_picked":["Lockon","Steam"],"picked":"Ball Lightning","floor":7},{"not_picked":["Coolheaded","Double Energy","Conserve Battery"],"picked":"Singing Bowl","floor":8},{"not_picked":["White Noise","Ball Lightning"],"picked":"All For One","floor":10},{"not_picked":["Reprogram","Tempest","Storm"],"picked":"Singing Bowl","floor":11},{"not_picked":["Darkness","Barrage","Sunder"],"picked":"Singing Bowl","floor":13},{"not_picked":["Creative AI","Hyperbeam"],"picked":"Echo Form","floor":16}],"player_experience":1099637,"relics_obtained":[],"event_choices":[{"damage_healed":0,"gold_gain":0,"player_choice":"Success","damage_taken":7,"relics_obtained":["Singing Bowl"],"max_hp_gain":0,"max_hp_loss":0,"event_name":"Scrap Ooze","floor":2,"gold_loss":0},{"damage_healed":0,"gold_gain":0,"player_choice":"Donut","damage_taken":0,"max_hp_gain":5,"max_hp_loss":0,"event_name":"Big Fish","floor":3,"gold_loss":0},{"damage_healed":0,"gold_gain":0,"player_choice":"Trade","damage_taken":0,"relics_obtained":["NlothsMask"],"max_hp_gain":0,"max_hp_loss":0,"event_name":"FaceTrader","floor":4,"gold_loss":0},{"cards_removed":["Strike_B"],"damage_healed":0,"gold_gain":0,"player_choice":"Card Removal","damage_taken":7,"max_hp_gain":0,"max_hp_loss":0,"event_name":"Golden Wing","floor":14,"gold_loss":0}],"is_beta":true,"boss_relics":[{"not_picked":["Eternal Feather","FrozenCore"],"picked":"Cursed Key"}],"items_purged_floors":[12],"is_endless":false,"potions_floor_spawned":[1,7,10,16],"ascension_level":0}