{"gold_per_floor":[119,73,73,90,109,109,109,175,175,191,64,114,114,9,9,85,85,97,112,77,137,92,92,65,65,65,125,125,23,23,23,23,23],"floor_reached":33,"playtime":701,"items_purged":["Second Wind"],"score":408,"play_id":"36ad8ba4-b097-4827-8851-9fd42d74a01f","local_time":"20180708213756","daily_mods":["Binary"],"is_ascension_mode":true,"campfire_choices":[{"data":"Bash","floor":6,"key":"SMITH"},{"data":"True Grit","floor":13,"key":"SMITH"},{"data":"Metallicize","floor":15,"key":"SMITH"},{"data":"Clothesline","floor":23,"key":"SMITH"},{"data":"J.A.X.","floor":25,"key":"SMITH"},{"data":"Body Slam","floor":28,"key":"SMITH"},{"data":"True Grit","floor":30,"key":"SMITH"},{"floor":32,"key":"REST"}],"neow_cost":"","seed_source_timestamp":0,"circlet_count":0,"master_deck":["Bash+1","AscendersBane","Shrug It Off","Metallicize+1","True Grit+1","Anger","Cleave","Anger","Body Slam+1","Pommel Strike","Bloodletting","Clothesline+1","Carnage","Feel No Pain","Combust","Corruption","Shrug It Off","J.A.X.+1","True Grit+1"],"relics":["Burning Blood","Busted Crown","SsserpentHead","Mummified Hand","Dodecahedron","Pandora\u0027s Box","Centennial Puzzle","Champion Belt"],"potions_floor_usage":[4,16,33],"damage_taken":[{"damage":0,"enemies":"2 Louse","floor":1,"turns":3},{"damage":0,"enemies":"Cultist","floor":4,"turns":3},{"damage":2,"enemies":"Jaw Worm","floor":5,"turns":3},{"damage":18,"enemies":"Exordium Thugs","floor":8,"turns":5},{"damage":3,"enemies":"Blue Slaver","floor":10,"turns":4},{"damage":38,"enemies":"Hexaghost","floor":16,"turns":9},{"damage":13,"enemies":"Spheric Guardian","floor":18,"turns":4},{"damage":14,"enemies":"Shell Parasite","floor":19,"turns":5},{"damage":13,"enemies":"Snake Plant","floor":21,"turns":2},{"damage":14,"enemies":"Cultist and Chosen","floor":27,"turns":7},{"damage":81,"enemies":"Automaton","floor":33,"turns":8}],"seed_played":"-8392596532383613056","potions_obtained":[{"floor":3,"key":"Strength Potion"},{"floor":3,"key":"Fruit Juice"},{"floor":4,"key":"Strength Potion"},{"floor":16,"key":"Explosive Potion"},{"floor":27,"key":"Regen Potion"}],"is_trial":true,"path_per_floor":["M","$","?","M","M","R","?","M","T","M","$","T","R","$","R","B",null,"M","M","?","M","$","R","?","R","T","M","R","$","R","$","R"],"character_chosen":"IRONCLAD","items_purchased":["Shrug It Off","Metallicize","True Grit","Anger","Cleave","Anger","Shrug It Off","True Grit"],"campfire_rested":1,"item_purchase_floors":[2,11,11,11,14,14,22,29],"current_hp_per_floor":[74,74,74,80,80,80,80,68,68,71,71,71,71,71,71,39,70,63,55,55,48,48,48,48,48,48,40,40,40,40,40,64,0],"gold":23,"neow_bonus":"","is_prod":false,"is_daily":false,"chose_seed":false,"campfire_upgraded":7,"win_rate":0,"timestamp":1531111076,"path_taken":["M","$","?","?","M","R","?","?","T","M","?","?","R","$","R","BOSS","M","M","?","?","$","R","?","R","T","?","R","$","R","$","R","BOSS"],"build_version":"2018-07-05","purchased_purges":1,"victory":false,"max_hp_per_floor":[75,75,75,80,80,80,80,80,80,80,80,80,80,80,80,80,80,80,80,80,80,80,80,80,80,80,80,80,80,80,80,80,80],"card_choices":[],"player_experience":524701,"relics_obtained":[{"floor":9,"key":"Mummified Hand"},{"floor":12,"key":"Dodecahedron"},{"floor":26,"key":"Champion Belt"}],"event_choices":[{"event_name":"The Lab","player_choice":"Got Potions","floor":3,"damage_taken":0},{"event_name":"FaceTrader","player_choice":"Trade","floor":7,"damage_taken":0},{"event_name":"Addict","player_choice":"Obtained Relic","floor":20,"damage_taken":0},{"event_name":"Drug Dealer","player_choice":"Got JAXXED","floor":24,"damage_taken":0}],"boss_relics":[{"not_picked":["Black Blood","Philosopher\u0027s Stone"],"picked":"Pandora\u0027s Box"}],"items_purged_floors":[29],"is_endless":false,"potions_floor_spawned":[4,5,10,16,18,27],"killed_by":"Automaton","ascension_level":15}