{"gold_per_floor":[109,121,121,121,133,133,2,2,2,2,31,31,44,59,59,59],"floor_reached":16,"playtime":149,"items_purged":["Defend_R"],"score":200,"play_id":"97ed1f0e-dca7-4df1-b309-483bc9407f51","local_time":"20190823230539","is_ascension_mode":true,"campfire_choices":[{"data":"Perfected Strike","floor":6,"key":"SMITH"},{"data":"Clash","floor":8,"key":"SMITH"},{"data":"Thunderclap","floor":10,"key":"SMITH"},{"data":"Offering","floor":15,"key":"SMITH"}],"neow_cost":"NONE","seed_source_timestamp":219771981080,"circlet_count":0,"master_deck":["AscendersBane","Strike_R","Strike_R","Strike_R+1","Strike_R","Strike_R+1","Defend_R","Defend_R","Defend_R","Bash+1","Thunderclap+1","Perfected Strike+1","Clash+1","Offering+1","Shrug It Off","Battle Trance"],"relics":["Burning Blood","NeowsBlessing","Meat on the Bone","Ancient Tea Set"],"potions_floor_usage":[11,14],"damage_taken":[{"damage":0,"enemies":"Jaw Worm","floor":1,"turns":1},{"damage":0,"enemies":"2 Louse","floor":2,"turns":1},{"damage":0,"enemies":"Cultist","floor":5,"turns":1},{"damage":30,"enemies":"Lagavulin","floor":11,"turns":4},{"damage":7,"enemies":"Looter","floor":13,"turns":2},{"damage":6,"enemies":"Gremlin Gang","floor":14,"turns":1},{"damage":0,"enemies":"Hexaghost","floor":16,"turns":1}],"seed_played":"6309034925460992166","potions_obtained":[{"floor":1,"key":"Explosive Potion"},{"floor":5,"key":"SteroidPotion"}],"is_trial":false,"path_per_floor":["M","M","?","?","M","R","$","R","T","R","E","$","M","M","R","B"],"character_chosen":"IRONCLAD","items_purchased":["Clash"],"campfire_rested":0,"item_purchase_floors":[7],"current_hp_per_floor":[74,75,52,52,58,58,58,58,58,58,46,46,45,45,45,45],"gold":59,"neow_bonus":"THREE_ENEMY_KILL","is_prod":false,"is_daily":false,"chose_seed":false,"campfire_upgraded":4,"win_rate":0,"timestamp":1566626739,"path_taken":["M","M","?","?","?","R","$","R","T","R","E","?","M","M","R","BOSS"],"build_version":"2019-08-15","purchased_purges":1,"victory":false,"max_hp_per_floor":[75,75,75,75,75,75,75,75,75,75,75,75,75,75,75,75],"card_choices":[{"not_picked":["Sentinel","Warcry"],"picked":"Thunderclap","floor":1},{"not_picked":["Warcry","Infernal Blade"],"picked":"Perfected Strike","floor":5},{"not_picked":["Body Slam","Infernal Blade"],"picked":"Offering","floor":11},{"not_picked":["Warcry","Armaments"],"picked":"Shrug It Off","floor":13},{"not_picked":["Limit Break","Heavy Blade"],"picked":"Battle Trance","floor":14}],"player_experience":1425612,"relics_obtained":[{"floor":9,"key":"Meat on the Bone"},{"floor":11,"key":"Ancient Tea Set"}],"event_choices":[{"damage_healed":0,"gold_gain":0,"player_choice":"Entered Light","damage_taken":23,"max_hp_gain":0,"max_hp_loss":0,"event_name":"Shining Light","floor":3,"gold_loss":0,"cards_upgraded":["Strike_R","Strike_R"]},{"damage_healed":0,"gold_gain":0,"player_choice":"Grow","damage_taken":0,"max_hp_gain":0,"max_hp_loss":0,"event_name":"Living Wall","floor":4,"gold_loss":0,"cards_upgraded":["Bash"]}],"is_beta":true,"boss_relics":[],"items_purged_floors":[7],"is_endless":false,"potions_floor_spawned":[1,5],"killed_by":"Hexaghost","ascension_level":20}