{"gold_per_floor":[110,35,35,52,52,52,77,77,127,142,156,126,126,155,155,254,254,267,267,192,192,192,192,224,124,124,135,135,10,10,20,20,20],"floor_reached":33,"playtime":2473,"items_purged":["Strike_G","Defend_G","Strike_G"],"score":319,"play_id":"a80969fd-0cd1-4883-a4a2-27e5cb3ccd05","local_time":"20190612190514","is_ascension_mode":false,"campfire_choices":[{"data":"Neutralize","floor":6.0,"key":"SMITH"},{"floor":8.0,"key":"RECALL"},{"floor":13.0,"key":"REST"},{"floor":15.0,"key":"REST"},{"data":"Footwork","floor":23.0,"key":"SMITH"},{"floor":28,"key":"REST"},{"floor":32,"key":"REST"}],"neow_cost":"TEN_PERCENT_HP_LOSS","seed_source_timestamp":0,"circlet_count":0,"master_deck":["Defend_G","Defend_G","Defend_G","Strike_G","Strike_G","Survivor","Neutralize+1","Caltrops","Leg Sweep+1","Deflect","Deflect","Footwork+1","Cloak And Dagger","Burst","Caltrops","Cloak And Dagger","Predator+1","Dagger Spray","Sucker Punch+1"],"special_seed":0,"relics":["Ring of the Serpent","WingedGreaves","Anchor","PreservedInsect","Darkstone Periapt","Matryoshka"],"potions_floor_usage":[33],"damage_taken":[{"damage":0.0,"enemies":"Small Slimes","floor":1.0,"turns":3.0},{"damage":1.0,"enemies":"2 Louse","floor":4.0,"turns":3.0},{"damage":27.0,"enemies":"Lagavulin","floor":7.0,"turns":13.0},{"damage":0.0,"enemies":"Cultist","floor":10.0,"turns":5.0},{"damage":23.0,"enemies":"Gremlin Gang","floor":11.0,"turns":4.0},{"damage":0.0,"enemies":"Looter","floor":12.0,"turns":4.0},{"damage":31.0,"enemies":"3 Sentries","floor":14.0,"turns":25.0},{"damage":0.0,"enemies":"The Guardian","floor":16.0,"turns":23.0},{"damage":11.0,"enemies":"Chosen","floor":18.0,"turns":11.0},{"damage":0.0,"enemies":"2 Thieves","floor":20.0,"turns":5.0},{"damage":23.0,"enemies":"Slavers","floor":24.0,"turns":7.0},{"damage":15,"enemies":"Cultist and Chosen","floor":27,"turns":9},{"damage":25,"enemies":"Centurion and Healer","floor":31,"turns":16},{"damage":55,"enemies":"Collector","floor":33,"turns":5}],"seed_played":"-1613549579623181628","potions_obtained":[{"floor":7.0,"key":"PowerPotion"},{"floor":11.0,"key":"Strength Potion"},{"floor":14.0,"key":"EssenceOfSteel"},{"floor":24.0,"key":"SpeedPotion"},{"floor":31,"key":"Weak Potion"}],"is_trial":false,"path_per_floor":["M","$","?","M","?","R","E","R","T","M","M","M","R","E","R","B",null,"M","?","M","?","T","R","E","$","T","M","R","$","?","M","R","B"],"character_chosen":"THE_SILENT","items_purchased":[],"campfire_rested":4,"item_purchase_floors":[],"current_hp_per_floor":[63,63,68,67,67,67,40,40,40,40,17,17,37,6,26,26,68,57,57,57,57,57,57,34,34,34,19,39,39,39,14,34,0],"gold":20,"neow_bonus":"REMOVE_TWO","is_prod":false,"is_daily":false,"chose_seed":false,"campfire_upgraded":2,"win_rate":0,"timestamp":1560384314,"path_taken":["M","$","?","M","?","R","E","R","T","?","M","?","R","E","R","BOSS","M","?","M","?","?","R","E","$","T","?","R","?","?","M","R","BOSS"],"build_version":"2019-01-23","purchased_purges":3,"victory":false,"max_hp_per_floor":[63,63,68,68,68,68,68,68,68,68,68,68,68,68,68,68,68,68,68,68,68,68,68,68,68,68,68,68,68,68,68,68,68],"card_choices":[{"not_picked":["Sucker Punch","Backflip"],"picked":"Caltrops","floor":1.0},{"not_picked":["Underhanded Strike","PiercingWail"],"picked":"Leg Sweep","floor":4.0},{"not_picked":["Dagger Throw","Blade Dance"],"picked":"Deflect","floor":7.0},{"not_picked":["Venomology","Crippling Poison"],"picked":"Deflect","floor":10.0},{"not_picked":["Acrobatics","Underhanded Strike","Outmaneuver"],"picked":"SKIP","floor":11.0},{"not_picked":["Dagger Spray","Flying Knee"],"picked":"Footwork","floor":12.0},{"not_picked":["Blade Dance","Prepared"],"picked":"Cloak And Dagger","floor":14.0},{"not_picked":["Bullet Time","Corpse Explosion"],"picked":"Burst","floor":16.0},{"not_picked":["Acrobatics","Bane","Calculated Gamble"],"picked":"SKIP","floor":18.0},{"not_picked":["Backflip","Dodge and Roll"],"picked":"Caltrops","floor":20.0},{"not_picked":["Heel Hook+1","Sucker Punch"],"picked":"Predator+1","floor":24.0},{"not_picked":["Outmaneuver","Reflex"],"picked":"Dagger Spray","floor":27},{"not_picked":["Terror+1","Deadly Poison"],"picked":"Sucker Punch+1","floor":31}],"player_experience":775122,"relics_obtained":[{"floor":7.0,"key":"WingedGreaves"},{"floor":14.0,"key":"Anchor"},{"floor":22.0,"key":"PreservedInsect"},{"floor":24.0,"key":"Darkstone Periapt"},{"floor":26.0,"key":"Matryoshka"}],"event_choices":[{"damage_healed":0.0,"max_hp_gain":5.0,"max_hp_loss":0.0,"gold_gain":0.0,"event_name":"Big Fish","player_choice":"Donut","floor":3.0,"gold_loss":0.0,"damage_taken":0.0},{"damage_healed":0.0,"max_hp_gain":0.0,"max_hp_loss":0.0,"gold_gain":0.0,"event_name":"Upgrade Shrine","player_choice":"Upgraded","floor":5.0,"gold_loss":0.0,"damage_taken":0.0,"cards_upgraded":["Leg Sweep"]},{"damage_healed":0.0,"max_hp_gain":0.0,"max_hp_loss":0.0,"gold_gain":0.0,"event_name":"Vampires","player_choice":"Ignored","floor":19.0,"gold_loss":0.0,"damage_taken":0.0},{"damage_healed":0.0,"max_hp_gain":0.0,"max_hp_loss":0.0,"gold_gain":0.0,"event_name":"The Library","player_choice":"Read","floor":21.0,"gold_loss":0.0,"damage_taken":0.0,"cards_obtained":["Cloak And Dagger"]},{"damage_healed":0,"gold_gain":0,"player_choice":"Ignored","damage_taken":0,"max_hp_gain":0,"max_hp_loss":0,"event_name":"Cursed Tome","floor":30,"gold_loss":0}],"is_beta":false,"boss_relics":[{"not_picked":["Eternal Feather","Snecko Eye"],"picked":"Ring of the Serpent"}],"items_purged_floors":[2,25,29],"is_endless":false,"potions_floor_spawned":[7,11,14,24,31],"killed_by":"Collector","ascension_level":0}