{"gold_per_floor":[113,4,4,4,4,4,61,81,81,128,182,182,182,217,217,217],"floor_reached":16,"playtime":403,"items_purged":[],"score":109,"play_id":"230cf34a-f4e8-437a-b238-b12abf2e0642","local_time":"20190302001005","is_ascension_mode":true,"campfire_choices":[{"data":"Disarm","floor":6,"key":"SMITH"},{"floor":15,"key":"REST"}],"neow_cost":"TEN_PERCENT_HP_LOSS","seed_source_timestamp":11219501297954,"circlet_count":0,"master_deck":["Strike_R","Strike_R","Strike_R+1","Defend_R","Defend_R+1","Defend_R","Defend_R","Bash","Ghostly Armor","Uppercut+1","Disarm+1","Disarm"],"relics":["Burning Blood","Matryoshka","Tiny Chest","Bronze Scales","Mummified Hand","Juzu Bracelet","Bag of Marbles","Red Skull","PreservedInsect"],"potions_floor_usage":[7],"damage_taken":[{"damage":8,"enemies":"Jaw Worm","floor":1,"turns":4},{"damage":6,"enemies":"Gremlin Nob","floor":7,"turns":3},{"damage":0,"enemies":"2 Louse","floor":8,"turns":2},{"damage":21,"enemies":"Lagavulin","floor":14,"turns":6},{"damage":0,"enemies":"Hexaghost","floor":16,"turns":1}],"seed_played":"-6635110112114703919","potions_obtained":[{"floor":1,"key":"AttackPotion"},{"floor":8,"key":"Explosive Potion"}],"is_trial":false,"path_per_floor":["M","$","?","?","$","R","E","M","T","T","T","?","?","E","R","B"],"character_chosen":"IRONCLAD","items_purchased":["LiquidBronze","Disarm"],"campfire_rested":1,"item_purchase_floors":[2,2],"current_hp_per_floor":[70,70,63,49,49,49,49,55,55,55,55,55,60,45,66,66],"gold":217,"neow_bonus":"TRANSFORM_TWO_CARDS","is_prod":false,"is_daily":false,"chose_seed":false,"campfire_upgraded":1,"win_rate":0,"timestamp":1551514205,"path_taken":["M","$","?","?","?","R","E","M","T","?","?","?","?","E","R","BOSS"],"build_version":"2019-02-06","purchased_purges":0,"victory":false,"max_hp_per_floor":[72,72,72,72,72,72,72,72,72,72,72,72,72,72,72,72],"card_choices":[{"not_picked":["Whirlwind","Burning Pact"],"picked":"Perfected Strike","floor":1},{"not_picked":["Sentinel","True Grit","Cleave"],"picked":"SKIP","floor":7},{"not_picked":["Heavy Blade","Blood for Blood"],"picked":"Disarm","floor":8}],"player_experience":1262228,"relics_obtained":[{"floor":7,"key":"Tiny Chest"},{"floor":9,"key":"Bronze Scales"},{"floor":9,"key":"Mummified Hand"},{"floor":10,"key":"Juzu Bracelet"},{"floor":10,"key":"Bag of Marbles"},{"floor":11,"key":"Red Skull"},{"floor":14,"key":"PreservedInsect"}],"event_choices":[{"damage_healed":0,"gold_gain":0,"player_choice":"Success","damage_taken":7,"relics_obtained":["Matryoshka"],"max_hp_gain":0,"max_hp_loss":0,"event_name":"Scrap Ooze","floor":3,"gold_loss":0},{"damage_healed":0,"gold_gain":0,"player_choice":"Entered Light","damage_taken":14,"max_hp_gain":0,"max_hp_loss":0,"event_name":"Shining Light","floor":4,"gold_loss":0,"cards_upgraded":["Defend_R","Strike_R"]},{"damage_healed":0,"gold_gain":0,"player_choice":"Upgraded","damage_taken":0,"max_hp_gain":0,"max_hp_loss":0,"event_name":"Upgrade Shrine","floor":12,"gold_loss":0,"cards_upgraded":["Uppercut"]},{"cards_removed":["Perfected Strike"],"damage_healed":5,"gold_gain":0,"player_choice":"Offered Common","damage_taken":0,"max_hp_gain":0,"max_hp_loss":0,"event_name":"Bonfire Elementals","floor":13,"gold_loss":0},{"cards_removed":["Perfected Strike"],"damage_healed":5,"gold_gain":0,"player_choice":"Offered Special","damage_taken":0,"max_hp_gain":0,"max_hp_loss":0,"event_name":"Bonfire Elementals","floor":13,"gold_loss":0}],"is_beta":true,"boss_relics":[],"items_purged_floors":[],"is_endless":false,"potions_floor_spawned":[1,8],"killed_by":"Hexaghost","ascension_level":1}