{"gold_per_floor":[116,136,151,161,111,111,139,139,139,139,139,178,193,33,33,161,161,179,179,179,179,197,228,228,268,268,268,71,106,6,22,22,22],"floor_reached":33,"playtime":1144,"items_purged":["Strike_R","Strike_R"],"score":451,"play_id":"c2be5912-c3f1-40bf-bdb2-285a39c9fb3c","local_time":"20190827200125","is_ascension_mode":true,"campfire_choices":[{"data":"Inflame","floor":6,"key":"SMITH"},{"data":"Sword Boomerang","floor":8,"key":"SMITH"},{"data":"Warcry","floor":10,"key":"SMITH"},{"data":"Limit Break","floor":15,"key":"SMITH"},{"data":"Immolate","floor":24,"key":"SMITH"},{"data":"Disarm","floor":27,"key":"SMITH"},{"data":"Power Through","floor":32,"key":"SMITH"}],"neow_cost":"NONE","seed_source_timestamp":631738002364100,"circlet_count":0,"master_deck":["Strike_R","Strike_R","Defend_R","Defend_R","Defend_R","Defend_R","Bash+1","Warcry+1","Inflame+1","Sword Boomerang+1","Power Through+1","Headbutt","Anger","Clothesline","Limit Break+1","Immolate+1","Shrug It Off+1","Evolve","Decay","Disarm+1","Dual Wield","Warcry+1","Power Through","Shrug It Off"],"relics":["Burning Blood","Bottled Tornado","Champion Belt","Golden Idol","Du-Vu Doll","Coffee Dripper","Mango","Calipers","Matryoshka","Lantern"],"potions_floor_usage":[23,25,25,29,33],"damage_taken":[{"damage":0,"enemies":"Cultist","floor":1,"turns":3},{"damage":0,"enemies":"Small Slimes","floor":2,"turns":3},{"damage":3,"enemies":"2 Louse","floor":3,"turns":3},{"damage":8,"enemies":"Large Slime","floor":4,"turns":6},{"damage":10,"enemies":"Lagavulin","floor":7,"turns":7},{"damage":3,"enemies":"Gremlin Nob","floor":12,"turns":3},{"damage":1,"enemies":"2 Fungi Beasts","floor":13,"turns":2},{"damage":24,"enemies":"Hexaghost","floor":16,"turns":8},{"damage":6,"enemies":"Spheric Guardian","floor":18,"turns":3},{"damage":3,"enemies":"Chosen","floor":22,"turns":3},{"damage":71,"enemies":"Gremlin Leader","floor":23,"turns":8},{"damage":29,"enemies":"Book of Stabbing","floor":25,"turns":5},{"damage":3,"enemies":"Gremlin Leader","floor":29,"turns":4},{"damage":0,"enemies":"Sentry and Sphere","floor":31,"turns":1},{"damage":35,"enemies":"Champ","floor":33,"turns":5}],"seed_played":"-1758655954638811721","potions_obtained":[{"floor":1,"key":"Block Potion"},{"floor":12,"key":"BloodPotion"},{"floor":23,"key":"FearPotion"},{"floor":25,"key":"FearPotion"}],"is_trial":false,"path_per_floor":["M","M","M","M","?","R","E","R","T","R","?","E","M","$","R","B",null,"M","?","?","?","M","E","R","E","T","R","$","E","$","M","R","B"],"character_chosen":"IRONCLAD","items_purchased":["Limit Break","Power Through","AttackPotion"],"campfire_rested":0,"item_purchase_floors":[14,28,28],"current_hp_per_floor":[78,80,80,78,78,78,74,74,74,74,54,57,62,62,62,44,71,71,71,71,71,74,23,23,23,23,23,23,26,26,32,32,0],"gold":22,"neow_bonus":"UPGRADE_CARD","is_prod":false,"is_daily":false,"chose_seed":false,"campfire_upgraded":7,"win_rate":0,"timestamp":1566903685,"path_taken":["M","M","?","?","?","R","E","R","T","R","?","E","M","$","R","BOSS","M","?","?","?","?","E","R","E","T","R","?","E","$","M","R","BOSS"],"build_version":"2019-07-17","purchased_purges":2,"victory":false,"max_hp_per_floor":[80,80,80,80,80,80,80,80,80,80,80,80,80,80,80,80,80,80,80,80,80,80,94,94,94,94,94,94,94,94,94,94,94],"card_choices":[{"not_picked":["Burning Pact","Second Wind"],"picked":"Warcry","floor":1},{"not_picked":["Warcry","Anger"],"picked":"Inflame","floor":2},{"not_picked":["Carnage","Anger"],"picked":"Sword Boomerang","floor":3},{"not_picked":["Havoc","Spot Weakness"],"picked":"Power Through","floor":4},{"not_picked":["Warcry","Cleave"],"picked":"Headbutt","floor":7},{"not_picked":["Dark Embrace","Perfected Strike"],"picked":"Anger","floor":12},{"not_picked":["Iron Wave","Anger"],"picked":"Clothesline","floor":13},{"not_picked":["Exhume","Fiend Fire"],"picked":"Immolate","floor":16},{"not_picked":["Twin Strike","Entrench"],"picked":"Shrug It Off+1","floor":18},{"not_picked":["Entrench","Sever Soul"],"picked":"Disarm","floor":22},{"not_picked":["Perfected Strike+1","Body Slam"],"picked":"Dual Wield","floor":23},{"not_picked":["Feel No Pain+1","Hemokinesis"],"picked":"Warcry+1","floor":25},{"not_picked":["Rampage","Body Slam+1"],"picked":"Shrug It Off","floor":29},{"not_picked":["Warcry","Body Slam","Havoc"],"picked":"SKIP","floor":31}],"player_experience":264335,"relics_obtained":[{"floor":7,"key":"Bottled Tornado"},{"floor":9,"key":"Champion Belt"},{"floor":12,"key":"Du-Vu Doll"},{"floor":23,"key":"Mango"},{"floor":25,"key":"Calipers"},{"floor":26,"key":"Matryoshka"},{"floor":29,"key":"Lantern"}],"event_choices":[{"cards_removed":["Strike_R"],"damage_healed":0,"gold_gain":0,"player_choice":"Card Removal","damage_taken":0,"max_hp_gain":0,"max_hp_loss":0,"event_name":"The Cleric","floor":5,"gold_loss":50},{"damage_healed":0,"gold_gain":0,"player_choice":"Take Damage","damage_taken":20,"relics_obtained":["Golden Idol"],"max_hp_gain":0,"max_hp_loss":0,"event_name":"Golden Idol","floor":11,"gold_loss":0},{"damage_healed":0,"gold_gain":0,"player_choice":"Read","damage_taken":0,"max_hp_gain":0,"max_hp_loss":0,"event_name":"The Library","floor":19,"gold_loss":0,"cards_obtained":["Evolve"]},{"damage_healed":0,"gold_gain":0,"player_choice":"Ignored","damage_taken":0,"max_hp_gain":0,"max_hp_loss":0,"event_name":"Ghosts","floor":20,"gold_loss":0},{"damage_healed":0,"gold_gain":0,"player_choice":"Smashed Altar","damage_taken":0,"max_hp_gain":0,"max_hp_loss":0,"event_name":"Forgotten Altar","floor":21,"gold_loss":0,"cards_obtained":["Decay"]}],"is_beta":false,"boss_relics":[{"not_picked":["Tiny House","Astrolabe"],"picked":"Coffee Dripper"}],"items_purged_floors":[28,30],"is_endless":false,"potions_floor_spawned":[1,12,23,25],"killed_by":"Champ","ascension_level":9}