{"gold_per_floor":[111,4,23,23,23,23,37,63,88,88,163,181,181,0,0,77,77,89,89,102,122,65,65,90,90,90,107,107,107,50,70,70,149,149,167,167,77,93,112,112,141,141,141,141,151,166,166,178,178,178,178],"floor_reached":51,"playtime":2498,"items_purged":[],"score":1490,"play_id":"b35a041a-5a51-4fb6-a67e-ea6a4dcd4209","local_time":"20190224124221","is_ascension_mode":true,"campfire_choices":[{"data":"Zap","floor":6,"key":"SMITH"},{"data":"Dualcast","floor":10,"key":"SMITH"},{"data":"Recycle","floor":13,"key":"SMITH"},{"data":"Rainbow","floor":15,"key":"SMITH"},{"data":"Double Energy","floor":23,"key":"SMITH"},{"data":"Hologram","floor":25,"key":"SMITH"},{"data":"Coolheaded","floor":28,"key":"SMITH"},{"data":"Hologram","floor":32,"key":"SMITH"},{"floor":40,"key":"REST"},{"floor":44,"key":"REST"},{"floor":47,"key":"REST"},{"floor":49,"key":"REST"}],"neow_cost":"NONE","seed_source_timestamp":378806841553,"circlet_count":0,"master_deck":["AscendersBane","Zap+1","Dualcast+1","Loop","All For One","Recycle+1","Skim","Rainbow+1","Coolheaded+1","Double Energy+1","Buffer","FTL","Flash of Steel","Steam","Turbo","Gash","Hello World","Stack","Sunder","Core Surge","Gash","Undo","Hologram+1","Steam","Glacier","Gash","Hologram+1","Rebound","All For One","Chill","Glacier","Auto Shields","Go for the Eyes","All For One","Gash","Echo Form","Chill"],"special_seed":0,"relics":["Pandora\u0027s Box","Blood Vial","Boot","Art of War","Sozu","Pen Nib","Nunchaku","Philosopher\u0027s Stone","Ancient Tea Set","FaceOfCleric","Gremlin Horn"],"potions_floor_usage":[16,18],"damage_taken":[{"damage":1,"enemies":"Small Slimes","floor":1,"turns":4},{"damage":11,"enemies":"2 Louse","floor":3,"turns":3},{"damage":0,"enemies":"Cultist","floor":7,"turns":3},{"damage":0,"enemies":"Lagavulin","floor":8,"turns":5},{"damage":0,"enemies":"2 Fungi Beasts","floor":12,"turns":1},{"damage":6,"enemies":"Hexaghost","floor":16,"turns":4},{"damage":6,"enemies":"2 Thieves","floor":18,"turns":3},{"damage":12,"enemies":"3 Byrds","floor":20,"turns":3},{"damage":20,"enemies":"Cultist and Chosen","floor":21,"turns":5},{"damage":0,"enemies":"Gremlin Leader","floor":24,"turns":5},{"damage":2,"enemies":"Snecko","floor":27,"turns":4},{"damage":0,"enemies":"3 Cultists","floor":31,"turns":3},{"damage":8,"enemies":"Automaton","floor":33,"turns":9},{"damage":40,"enemies":"3 Darklings","floor":35,"turns":4},{"damage":19,"enemies":"3 Shapes","floor":38,"turns":3},{"damage":10,"enemies":"3 Darklings","floor":39,"turns":5},{"damage":5,"enemies":"Giant Head","floor":41,"turns":8},{"damage":0,"enemies":"Maw","floor":45,"turns":4},{"damage":0,"enemies":"Writhing Mass","floor":46,"turns":5},{"damage":13,"enemies":"Jaw Worm Horde","floor":48,"turns":2},{"damage":24,"enemies":"Awakened One","floor":50,"turns":7},{"damage":63,"enemies":"Time Eater","floor":51,"turns":7}],"seed_played":"-3206479124249016432","potions_obtained":[{"floor":3,"key":"PowerPotion"},{"floor":7,"key":"Block Potion"}],"is_trial":false,"path_per_floor":["M","$","M","?","?","R","M","E","T","R","?","M","R","$","R","B",null,"M","?","M","M","$","R","E","R","T","M","R","?","$","M","R","B",null,"M","?","$","M","M","R","E","?","T","R","M","M","R","M","R","B","B"],"character_chosen":"DEFECT","items_purchased":["Flash of Steel","Hello World","Stack","Sunder","Steam","Hologram","Glacier"],"campfire_rested":4,"item_purchase_floors":[2,14,14,14,22,30,37],"current_hp_per_floor":[63,63,52,57,52,52,54,56,56,56,45,47,47,47,47,43,68,64,64,54,36,36,36,38,38,38,38,38,38,38,40,40,34,66,28,28,28,11,3,25,22,22,22,44,47,50,73,63,79,56,0],"gold":178,"neow_bonus":"BOSS_RELIC","is_prod":false,"is_daily":false,"chose_seed":false,"campfire_upgraded":8,"win_rate":0,"timestamp":1551040941,"path_taken":["M","$","M","?","?","R","M","E","T","R","?","M","R","$","R","BOSS","M","?","?","M","$","R","E","R","T","M","R","?","$","M","R","BOSS","M","?","$","?","M","R","E","?","T","R","?","M","R","M","R","BOSS","BOSS"],"build_version":"2019-02-06","purchased_purges":0,"victory":false,"max_hp_per_floor":[71,71,71,76,76,76,76,76,76,76,76,76,76,76,76,76,76,76,76,76,76,76,76,76,76,76,76,76,76,76,76,76,76,76,76,76,76,76,76,76,76,76,76,76,77,78,78,79,79,80,80],"card_choices":[{"not_picked":["Gash","Stack"],"picked":"FTL","floor":1},{"not_picked":["Coolheaded","Stack"],"picked":"Steam","floor":3},{"not_picked":["Cold Snap","Beam Cell"],"picked":"Turbo","floor":7},{"not_picked":["Reboot","Tempest"],"picked":"Gash","floor":8},{"not_picked":["Steam","Leap"],"picked":"Gash","floor":12},{"not_picked":["Reboot","Seek"],"picked":"Core Surge","floor":16},{"not_picked":["Compile Driver+1","Skim"],"picked":"Gash","floor":18},{"not_picked":["Sweeping Beam","Streamline"],"picked":"Undo","floor":20},{"not_picked":["Force Field","Cold Snap"],"picked":"Hologram","floor":21},{"not_picked":["Reinforced Body","Recycle"],"picked":"Glacier","floor":24},{"not_picked":["Tempest+1","Stack"],"picked":"Gash","floor":27},{"not_picked":["Double Energy","Lockon"],"picked":"Rebound","floor":31},{"not_picked":["Echo Form","Core Surge"],"picked":"All For One","floor":33},{"not_picked":["Cold Snap","FTL+1"],"picked":"Chill","floor":35},{"not_picked":["Ball Lightning","Steam"],"picked":"Auto Shields","floor":38},{"not_picked":["Lockon","Stack"],"picked":"Go for the Eyes","floor":39},{"not_picked":["Compile Driver","Turbo"],"picked":"All For One","floor":41},{"not_picked":["Hello World","Barrage"],"picked":"Gash","floor":45},{"not_picked":["Sunder","Hello World"],"picked":"Echo Form","floor":46},{"not_picked":["Capacitor","Leap"],"picked":"Chill","floor":48}],"player_experience":1217495,"relics_obtained":[{"floor":8,"key":"Boot"},{"floor":9,"key":"Art of War"},{"floor":24,"key":"Pen Nib"},{"floor":26,"key":"Nunchaku"},{"floor":41,"key":"Ancient Tea Set"},{"floor":43,"key":"Gremlin Horn"}],"event_choices":[{"damage_healed":0,"gold_gain":0,"player_choice":"Donut","damage_taken":0,"max_hp_gain":5,"max_hp_loss":0,"event_name":"Big Fish","floor":4,"gold_loss":0},{"damage_healed":0,"gold_gain":0,"player_choice":"Success","damage_taken":5,"relics_obtained":["Blood Vial"],"max_hp_gain":0,"max_hp_loss":0,"event_name":"Scrap Ooze","floor":5,"gold_loss":0},{"damage_healed":0,"gold_gain":75,"player_choice":"Gather Gold","damage_taken":11,"max_hp_gain":0,"max_hp_loss":0,"event_name":"World of Goop","floor":11,"gold_loss":0},{"cards_removed":["Gash"],"damage_healed":0,"gold_gain":0,"player_choice":"Card Removal","damage_taken":0,"max_hp_gain":0,"max_hp_loss":0,"event_name":"Wheel of Change","floor":19,"gold_loss":0},{"damage_healed":0,"gold_gain":0,"player_choice":"Ignored","damage_taken":0,"max_hp_gain":0,"max_hp_loss":0,"event_name":"Beggar","floor":29,"gold_loss":0},{"damage_healed":0,"gold_gain":0,"player_choice":"Ignored","damage_taken":0,"max_hp_gain":0,"max_hp_loss":0,"event_name":"Purifier","floor":36,"gold_loss":0},{"damage_healed":0,"gold_gain":0,"player_choice":"Trade","damage_taken":0,"relics_obtained":["FaceOfCleric"],"max_hp_gain":0,"max_hp_loss":0,"event_name":"FaceTrader","floor":42,"gold_loss":0}],"is_beta":true,"boss_relics":[{"not_picked":["Fusion Hammer","Busted Crown"],"picked":"Sozu"},{"not_picked":["Orrery","Coffee Dripper"],"picked":"Philosopher\u0027s Stone"}],"items_purged_floors":[],"is_endless":false,"potions_floor_spawned":[3,7,20,21,27,35,45,46],"killed_by":"Time Eater","ascension_level":20}