{"path_per_floor":["M","M","M","?","$","E","R","E","T","M","M","$","E","M","R","B",null,"M","?","M","M","?","?","M","M","T","?","R","M"],"character_chosen":"IRONCLAD","items_purchased":["Clash"],"gold_per_floor":[111,126,145,95,20,54,54,79,79,93,103,4,37,52,52,154,154,172,87,105,116,116,116,132,145,224,0,0,12,12],"floor_reached":30,"campfire_rested":1,"playtime":2598,"item_purchase_floors":[12],"current_hp_per_floor":[70,72,72,72,72,52,52,36,36,38,44,44,53,59,59,16,72,66,66,72,37,61,48,42,14,14,14,37,28,0],"items_purged":["Strike_R","Perfected Strike"],"gold":12,"score":254,"play_id":"783a4077-034f-4ce3-95aa-79fe5150e654","local_time":"20180614122014","is_prod":false,"is_daily":false,"chose_seed":false,"is_ascension_mode":false,"campfire_upgraded":2,"win_rate":0,"timestamp":1528993214,"campfire_choices":[{"data":"Clash","floor":7,"key":"SMITH"},{"data":"Dual Wield","floor":15,"key":"SMITH"},{"floor":28,"key":"REST"}],"path_taken":["M","M","M","?","$","E","R","E","T","?","M","$","E","M","R","BOSS","M","?","M","M","?","?","M","?","T","?","R","?","M"],"build_version":"2018-06-07v3","seed_source_timestamp":52474041439583,"purchased_purges":2,"victory":false,"master_deck":["Strike_R","Strike_R","Strike_R","Defend_R","Defend_R","Defend_R","Defend_R","Bash+1","Clash+1","Thunderclap","Clash+1","Clothesline","Whirlwind","Iron Wave","Clash","Dual Wield+1","Demon Form","Shockwave","Seeing Red","Inflame+1","Sever Soul+1","Dual Wield"],"max_hp_per_floor":[72,72,72,72,72,72,72,72,72,72,72,72,72,72,72,72,72,72,72,72,72,72,77,77,77,77,77,77,77,77],"relics":["Burning Blood","Ginger","Whetstone","Peace Pipe","Smiling Mask","Girya","Frozen Egg 2","Tiny Chest"],"card_choices":[{"not_picked":["Ghostly Armor","Infernal Blade"],"picked":"Clash","floor":1},{"not_picked":["True Grit","Havoc"],"picked":"Thunderclap","floor":2},{"not_picked":["Armaments","Metallicize"],"picked":"Perfected Strike","floor":3},{"not_picked":["Body Slam","Shockwave"],"picked":"Clash","floor":6},{"not_picked":["Combust","Uppercut"],"picked":"Clothesline","floor":8},{"not_picked":["Shrug It Off","Spot Weakness"],"picked":"Whirlwind","floor":10},{"not_picked":["Sword Boomerang","Entrench"],"picked":"Iron Wave","floor":11},{"not_picked":["Power Through","Thunderclap","Twin Strike"],"picked":"SKIP","floor":13},{"not_picked":["Burning Pact","Metallicize"],"picked":"Dual Wield","floor":14},{"not_picked":["Feed","Immolate"],"picked":"Demon Form","floor":16},{"not_picked":["Sword Boomerang","Pummel+1"],"picked":"Shockwave","floor":18},{"not_picked":["Shockwave","Shrug It Off+1","Clothesline+1"],"picked":"SKIP","floor":20},{"not_picked":["Combust+1","Warcry+1"],"picked":"Seeing Red","floor":21},{"not_picked":["Rage","Hemokinesis"],"picked":"Inflame+1","floor":24},{"not_picked":["Body Slam","Limit Break"],"picked":"Sever Soul+1","floor":25},{"not_picked":["Armaments","Thunderclap"],"picked":"Dual Wield","floor":29}],"player_experience":93753,"potions_floor_usage":[6,11,13,13,20,30],"damage_taken":[{"damage":8,"enemies":"Jaw Worm","floor":1,"turns":4},{"damage":2,"enemies":"Small Slimes","floor":2,"turns":3},{"damage":0,"enemies":"2 Louse","floor":3,"turns":2},{"damage":26,"enemies":"Lagavulin","floor":6,"turns":5},{"damage":22,"enemies":"Gremlin Nob","floor":8,"turns":4},{"damage":4,"enemies":"Red Slaver","floor":10,"turns":2},{"damage":0,"enemies":"3 Louse","floor":11,"turns":1},{"damage":11,"enemies":"Lagavulin","floor":13,"turns":5},{"damage":0,"enemies":"Large Slime","floor":14,"turns":4},{"damage":49,"enemies":"The Guardian","floor":16,"turns":8},{"damage":12,"enemies":"Shell Parasite","floor":18,"turns":2},{"damage":0,"enemies":"3 Byrds","floor":20,"turns":4},{"damage":41,"enemies":"Cultist and Chosen","floor":21,"turns":6},{"damage":12,"enemies":"Snecko","floor":24,"turns":4},{"damage":34,"enemies":"Sentry and Sphere","floor":25,"turns":5},{"damage":15,"enemies":"Snake Plant","floor":29,"turns":3},{"damage":36,"enemies":"3 Cultists","floor":30,"turns":3}],"relics_obtained":[{"floor":6,"key":"Whetstone"},{"floor":8,"key":"Peace Pipe"},{"floor":9,"key":"Smiling Mask"},{"floor":13,"key":"Girya"},{"floor":26,"key":"Tiny Chest"}],"event_choices":[{"event_name":"The Cleric","player_choice":"Card Removal","floor":4,"damage_taken":0},{"event_name":"Addict","player_choice":"Obtained Relic","floor":19,"damage_taken":0},{"event_name":"The Library","player_choice":"Heal","floor":22,"damage_taken":0},{"event_name":"Forgotten Altar","player_choice":"Shed Blood","floor":23,"damage_taken":0},{"event_name":"Masked Bandits","player_choice":"Paid Bandits 224 gold","floor":27,"damage_taken":0}],"boss_relics":[{"not_picked":["Mark of Pain","Runic Cube","Runic Dome"]}],"items_purged_floors":[5,12],"potions_floor_spawned":[3,8,10,11,18,24],"seed_played":"-1166296411313556582","killed_by":"3 Cultists","ascension_level":0,"potions_obtained":[{"floor":3,"key":"Poison Potion"},{"floor":8,"key":"AttackPotion"},{"floor":10,"key":"SkillPotion"},{"floor":11,"key":"Regen Potion"},{"floor":18,"key":"Fire Potion"},{"floor":24,"key":"SteroidPotion"}],"is_trial":false}