{"gold_per_floor":[116,66,78,90,43,43,72,72,72,72,84,100,134,152,152,252,252,271,271,5,25,45,76,76,96,164,164,182,182,197,5,5,103,103,116,216,216,230,0,0,0,27,77,109,121,136,136,156,156,156],"floor_reached":51,"playtime":4489,"items_purged":["Pain"],"score":839,"play_id":"ec93271c-badc-4251-9aa6-98d11a7c1f74","local_time":"20190524220547","is_ascension_mode":false,"campfire_choices":[{"data":"Go for the Eyes","floor":6,"key":"SMITH"},{"data":"Strike_B","floor":8,"key":"PURGE"},{"data":"Defragment","floor":10,"key":"SMITH"},{"data":"Strike_B","floor":15,"key":"PURGE"},{"floor":24,"key":"REST"},{"data":"Strike_B","floor":27,"key":"PURGE"},{"floor":32,"key":"REST"},{"floor":41,"key":"REST"},{"floor":49,"key":"REST"}],"neow_cost":"NONE","seed_source_timestamp":777818866275609,"circlet_count":0,"master_deck":["Defend_B","Defend_B","Defend_B","Defend_B","Zap","Dualcast","Ball Lightning","Go for the Eyes+1","Conserve Battery","Coolheaded","Defragment+1","Hologram+1","Rainbow+1","Redo+1","Ball Lightning","Biased Cognition","Compile Driver+1","Redo+1","White Noise+1","Loop","FTL+1","Fusion+1","Barricade","Armaments+1","Lockon+1","BootSequence+1","Transmutation+1","Dark Shackles+1"],"relics":["Cracked Core","Peace Pipe","Toxic Egg 2","Meat on the Bone","Sozu","WarpedTongs","ClockworkSouvenir","Ginger","Shuriken","Nilry\u0027s Codex","PrismaticShard","Runic Pyramid","FossilizedHelix","Red Mask","Ornamental Fan","Mango","Orichalcum","Centennial Puzzle"],"potions_floor_usage":[11,12],"damage_taken":[{"damage":0,"enemies":"Small Slimes","floor":1,"turns":2},{"damage":6,"enemies":"2 Louse","floor":3,"turns":3},{"damage":0,"enemies":"Cultist","floor":4,"turns":3},{"damage":10,"enemies":"Lagavulin","floor":7,"turns":7},{"damage":14,"enemies":"Exordium Thugs","floor":11,"turns":4},{"damage":10,"enemies":"Lots of Slimes","floor":12,"turns":4},{"damage":9,"enemies":"Gremlin Nob","floor":13,"turns":4},{"damage":0,"enemies":"2 Fungi Beasts","floor":14,"turns":3},{"damage":0,"enemies":"Slime Boss","floor":16,"turns":9},{"damage":3,"enemies":"Chosen","floor":18,"turns":4},{"damage":0,"enemies":"Shell Parasite","floor":21,"turns":3},{"damage":9,"enemies":"Snake Plant","floor":22,"turns":3},{"damage":28,"enemies":"Slavers","floor":23,"turns":4},{"damage":0,"enemies":"Cultist and Chosen","floor":25,"turns":4},{"damage":15,"enemies":"Centurion and Healer","floor":28,"turns":5},{"damage":1,"enemies":"Snecko","floor":30,"turns":3},{"damage":0,"enemies":"Automaton","floor":33,"turns":8},{"damage":3,"enemies":"Orb Walker","floor":35,"turns":3},{"damage":42,"enemies":"Mind Bloom Boss Battle","floor":36,"turns":4},{"damage":0,"enemies":"3 Darklings","floor":38,"turns":4},{"damage":0,"enemies":"Nemesis","floor":42,"turns":7},{"damage":34,"enemies":"Reptomancer","floor":44,"turns":5},{"damage":10,"enemies":"Sphere and 2 Shapes","floor":45,"turns":5},{"damage":10,"enemies":"Writhing Mass","floor":46,"turns":5},{"damage":0,"enemies":"Transient","floor":48,"turns":5},{"damage":55,"enemies":"Donu and Deca","floor":50,"turns":10}],"seed_played":"3800747084662018264","potions_obtained":[{"floor":4,"key":"Regen Potion"},{"floor":7,"key":"Regen Potion"},{"floor":12,"key":"FairyPotion"},{"floor":14,"key":"SteroidPotion"}],"is_trial":false,"path_per_floor":["M","?","M","M","$","R","E","R","T","R","M","M","E","M","R","B",null,"M","?","$","M","M","E","R","M","T","R","M","?","M","$","R","B",null,"M","?","?","M","?","T","R","E","T","E","M","M","?","M","R","B",null],"character_chosen":"DEFECT","items_purchased":["Coolheaded","ClockworkSouvenir","PrismaticShard"],"campfire_rested":4,"item_purchase_floors":[5,20,31],"current_hp_per_floor":[82,82,76,76,76,76,66,66,66,66,64,66,57,57,57,57,82,79,79,79,79,70,42,66,66,66,66,51,35,46,46,70,70,82,79,49,49,49,49,49,72,86,86,52,54,56,56,56,83,40],"gold":156,"neow_bonus":"TEN_PERCENT_HP_BONUS","is_prod":false,"is_daily":false,"chose_seed":false,"campfire_upgraded":2,"win_rate":0.0,"timestamp":1558749947,"path_taken":["M","?","M","M","$","R","E","R","T","R","M","M","E","M","R","BOSS","M","?","?","M","?","E","R","M","T","R","?","?","M","?","R","BOSS","M","?","?","M","?","?","R","E","T","E","?","M","?","M","R","BOSS"],"build_version":"2019-05-24v2","purchased_purges":1,"victory":true,"max_hp_per_floor":[82,82,82,82,82,82,82,82,82,82,82,82,82,82,82,82,82,82,82,82,82,82,82,82,82,82,82,82,82,82,82,82,82,82,82,82,78,78,78,78,78,92,92,92,92,92,92,92,92,92],"card_choices":[{"not_picked":["Beam Cell","Streamline"],"picked":"Ball Lightning","floor":1},{"not_picked":["Hologram","Ball Lightning"],"picked":"Go for the Eyes","floor":3},{"not_picked":["FTL","Steam"],"picked":"Conserve Battery","floor":4},{"not_picked":["Melter","Static Discharge"],"picked":"Defragment","floor":7},{"not_picked":["Sweeping Beam","Steam+1"],"picked":"Hologram+1","floor":11},{"not_picked":["Ball Lightning","Sweeping Beam"],"picked":"Rainbow+1","floor":12},{"not_picked":["Sweeping Beam","Conserve Battery+1"],"picked":"Redo+1","floor":13},{"not_picked":["Hologram+1","Leap+1"],"picked":"Ball Lightning","floor":14},{"not_picked":["Machine Learning","Thunder Strike"],"picked":"Biased Cognition","floor":16},{"not_picked":["Ball Lightning+1","Steam+1"],"picked":"Compile Driver+1","floor":18},{"not_picked":["Double Energy+1","Sweeping Beam","Conserve Battery+1"],"picked":"SKIP","floor":21},{"not_picked":["Barrage","Stack+1"],"picked":"Redo+1","floor":22},{"not_picked":["Steam+1","Gash"],"picked":"White Noise+1","floor":23},{"not_picked":["Coolheaded+1","Sweeping Beam"],"picked":"Loop","floor":25},{"not_picked":["Coolheaded+1","Sweeping Beam"],"picked":"FTL+1","floor":28},{"not_picked":["Conserve Battery+1","Rainbow+1"],"picked":"Fusion+1","floor":30},{"not_picked":["Demon Form","Metamorphosis+1"],"picked":"Barricade","floor":33},{"not_picked":["Sword Boomerang","Dodge and Roll+1"],"picked":"Armaments+1","floor":35},{"not_picked":["Hemokinesis","Blind+1"],"picked":"Lockon+1","floor":36},{"not_picked":["Pommel Strike","Flex+1","True Grit+1"],"picked":"SKIP","floor":38},{"not_picked":["Infinite Blades+1","Cold Snap"],"picked":"BootSequence+1","floor":42},{"not_picked":["Dash","Spot Weakness+1"],"picked":"Transmutation+1","floor":44},{"not_picked":["Tactician+1","Slice","All Out Attack+1"],"picked":"SKIP","floor":45},{"not_picked":["Ball Lightning+1","Stack+1"],"picked":"Dark Shackles+1","floor":46},{"not_picked":["Purity+1","Power Through+1","Rampage"],"picked":"SKIP","floor":48}],"player_experience":5235,"relics_obtained":[{"floor":7,"key":"Peace Pipe"},{"floor":9,"key":"Toxic Egg 2"},{"floor":13,"key":"Meat on the Bone"},{"floor":23,"key":"Ginger"},{"floor":26,"key":"Shuriken"},{"floor":29,"key":"Nilry\u0027s Codex"},{"floor":36,"key":"FossilizedHelix"},{"floor":40,"key":"Ornamental Fan"},{"floor":42,"key":"Mango"},{"floor":43,"key":"Orichalcum"},{"floor":44,"key":"Centennial Puzzle"}],"event_choices":[{"cards_removed":["Strike_B"],"damage_healed":0,"gold_gain":0,"player_choice":"Card Removal","damage_taken":0,"max_hp_gain":0,"max_hp_loss":0,"event_name":"The Cleric","floor":2,"gold_loss":50},{"damage_healed":0,"gold_gain":0,"player_choice":"Rummage","damage_taken":0,"relics_obtained":["WarpedTongs"],"max_hp_gain":0,"max_hp_loss":0,"event_name":"Accursed Blacksmith","floor":19,"gold_loss":0,"cards_obtained":["Pain"]},{"damage_healed":0,"gold_gain":0,"player_choice":"Obtained Book","damage_taken":16,"max_hp_gain":0,"max_hp_loss":0,"event_name":"Cursed Tome","floor":29,"gold_loss":0},{"damage_healed":0,"gold_gain":0,"player_choice":"Fight","damage_taken":0,"max_hp_gain":0,"max_hp_loss":0,"event_name":"MindBloom","floor":36,"gold_loss":0},{"damage_healed":0,"gold_gain":0,"player_choice":"Max HP","damage_taken":0,"max_hp_gain":0,"max_hp_loss":4,"event_name":"Winding Halls","floor":37,"gold_loss":0},{"damage_healed":0,"gold_gain":0,"player_choice":"Paid","damage_taken":0,"relics_obtained":["Red Mask"],"max_hp_gain":0,"max_hp_loss":0,"event_name":"Tomb of Lord Red Mask","floor":39,"gold_loss":230},{"damage_healed":0,"gold_gain":0,"player_choice":"Ignored","damage_taken":0,"max_hp_gain":0,"max_hp_loss":0,"event_name":"Mysterious Sphere","floor":47,"gold_loss":0}],"is_beta":true,"boss_relics":[{"not_picked":["Calling Bell","Coffee Dripper"],"picked":"Sozu"},{"not_picked":["Cursed Key","White Beast Statue"],"picked":"Runic Pyramid"}],"items_purged_floors":[20],"is_endless":false,"potions_floor_spawned":[4,7,12,14,18,30,36,44,45,48],"ascension_level":0}