{"gold_per_floor":[118,136,153,164,53,53,88,88,113,85,85,85,100,117,117,222,222,238,238,45,55,55],"floor_reached":22,"playtime":1547,"items_purged":["Strike_B"],"score":188,"play_id":"ca661e34-3635-478c-b6b1-33cd7327ac31","local_time":"20190705144147","is_ascension_mode":false,"campfire_choices":[{"floor":6,"key":"REST"},{"floor":8,"key":"REST"},{"floor":11,"key":"REST"},{"floor":15,"key":"REST"}],"neow_cost":"NONE","seed_source_timestamp":349840857151559,"circlet_count":0,"master_deck":["Strike_B","Strike_B","Strike_B","Defend_B","Defend_B","Defend_B","Defend_B","Zap","Dualcast","Fission+1","Reinforced Body","Capacitor","Meteor Strike","Static Discharge+1","Reinforced Body","Storm","Conserve Battery","Glacier","Biased Cognition","Auto Shields","Reprogram","Undo","Ball Lightning","Leap+1"],"relics":["Cracked Core","Happy Flower","Potion Belt","Orrery","Toy Ornithopter"],"potions_floor_usage":[16,16],"damage_taken":[{"damage":2,"enemies":"2 Louse","floor":1,"turns":3},{"damage":20,"enemies":"Jaw Worm","floor":2,"turns":4},{"damage":3,"enemies":"Cultist","floor":3,"turns":4},{"damage":9,"enemies":"Exordium Wildlife","floor":4,"turns":3},{"damage":32,"enemies":"Lagavulin","floor":7,"turns":7},{"damage":18,"enemies":"Exordium Thugs","floor":10,"turns":6},{"damage":7,"enemies":"Large Slime","floor":13,"turns":5},{"damage":5,"enemies":"Looter","floor":14,"turns":3},{"damage":30,"enemies":"Slime Boss","floor":16,"turns":16},{"damage":19,"enemies":"Chosen","floor":18,"turns":6},{"damage":5,"enemies":"3 Byrds","floor":21,"turns":3},{"damage":59,"enemies":"Centurion and Healer","floor":22,"turns":17}],"seed_played":"-5533139315888967968","potions_obtained":[{"floor":7,"key":"AttackPotion"},{"floor":13,"key":"SpeedPotion"},{"floor":14,"key":"Weak Potion"},{"floor":16,"key":"EssenceOfSteel"},{"floor":18,"key":"SteroidPotion"}],"is_trial":false,"path_per_floor":["M","M","M","M","$","R","E","R","T","M","R","?","M","M","R","B",null,"M","?","$","M","M"],"character_chosen":"DEFECT","items_purchased":["Static Discharge","Toy Ornithopter"],"campfire_rested":4,"item_purchase_floors":[5,20],"current_hp_per_floor":[73,53,50,41,41,63,31,53,53,35,57,57,50,45,67,37,75,56,56,56,51,0],"gold":55,"neow_bonus":"ONE_RANDOM_RARE_CARD","is_prod":false,"is_daily":false,"chose_seed":false,"campfire_upgraded":0,"win_rate":0.0,"timestamp":1562305307,"path_taken":["M","M","M","M","$","R","E","R","T","M","R","?","M","M","R","BOSS","M","?","$","M","M"],"build_version":"2019-07-01","purchased_purges":1,"victory":false,"max_hp_per_floor":[75,75,75,75,75,75,75,75,75,75,75,75,75,75,75,75,75,75,75,75,75,75],"card_choices":[{"not_picked":["Gash","Stack","Redo"],"picked":"SKIP","floor":1},{"not_picked":["Heatsinks","Hologram"],"picked":"Reinforced Body","floor":2},{"not_picked":["Gash","Streamline"],"picked":"Capacitor","floor":3},{"not_picked":["Aggregate","Gash"],"picked":"Meteor Strike","floor":4},{"not_picked":["Hologram","Go for the Eyes"],"picked":"Reinforced Body","floor":7},{"not_picked":["Beam Cell","Go for the Eyes"],"picked":"Storm","floor":10},{"not_picked":["Coolheaded","Streamline"],"picked":"Conserve Battery","floor":13},{"not_picked":["Stack","Meteor Strike"],"picked":"Glacier","floor":14},{"not_picked":["All For One","Multi-Cast"],"picked":"Biased Cognition","floor":16},{"not_picked":["Skim","Go for the Eyes"],"picked":"Auto Shields","floor":17},{"not_picked":["Rebound","Gash"],"picked":"Reprogram","floor":17},{"not_picked":["Darkness","Redo"],"picked":"Undo","floor":17},{"not_picked":["Cold Snap","Auto Shields"],"picked":"Ball Lightning","floor":18},{"not_picked":["Fusion","Blizzard"],"picked":"Leap+1","floor":21}],"player_experience":26820,"relics_obtained":[{"floor":7,"key":"Happy Flower"},{"floor":9,"key":"Potion Belt"}],"event_choices":[{"damage_healed":0,"gold_gain":0,"player_choice":"Grow","damage_taken":0,"max_hp_gain":0,"max_hp_loss":0,"event_name":"Living Wall","floor":12,"gold_loss":0,"cards_upgraded":["Fission"]},{"damage_healed":0,"gold_gain":0,"player_choice":"Forge","damage_taken":0,"max_hp_gain":0,"max_hp_loss":0,"event_name":"Accursed Blacksmith","floor":19,"gold_loss":0,"cards_upgraded":["Static Discharge"]}],"is_beta":false,"boss_relics":[{"not_picked":["Velvet Choker","Calling Bell"],"picked":"Orrery"}],"items_purged_floors":[5],"is_endless":false,"potions_floor_spawned":[7,13,14,16,18],"killed_by":"Centurion and Healer","ascension_level":0}