{"gold_per_floor":[116,127,127,146,163,188,188,207,207,207,225,225,252,262,262,361,361,375,395,495,420,420,420,435,435,458,458],"floor_reached":27,"playtime":1174,"items_purged":["Strike_B"],"score":236,"play_id":"77d7e644-eacb-44c7-8b51-1e5881ccff22","local_time":"20190827211133","is_ascension_mode":true,"campfire_choices":[{"floor":7,"key":"REST"},{"data":"Genetic Algorithm","floor":10,"key":"SMITH"},{"floor":12,"key":"REST"},{"data":"Loop","floor":15,"key":"SMITH"},{"floor":23,"key":"REST"}],"neow_cost":"NONE","seed_source_timestamp":4959194679800,"circlet_count":0,"master_deck":["Strike_B","Strike_B","Strike_B","Defend_B","Defend_B","Defend_B","Defend_B","Zap","Dualcast+1","Rebound","Coolheaded","Loop+1","Beam Cell","Genetic Algorithm+1","Cold Snap","Reboot","Conserve Battery+1"],"relics":["Cracked Core","Bag of Preparation","StoneCalendar","Dream Catcher","Blood Vial","Inserter","DataDisk"],"potions_floor_usage":[13,18,24],"damage_taken":[{"damage":1,"enemies":"Cultist","floor":1,"turns":3},{"damage":0,"enemies":"Jaw Worm","floor":2,"turns":4},{"damage":2,"enemies":"Small Slimes","floor":4,"turns":4},{"damage":7,"enemies":"2 Fungi Beasts","floor":5,"turns":4},{"damage":33,"enemies":"3 Sentries","floor":6,"turns":9},{"damage":12,"enemies":"Exordium Thugs","floor":8,"turns":5},{"damage":10,"enemies":"Red Slaver","floor":11,"turns":4},{"damage":2,"enemies":"Gremlin Nob","floor":13,"turns":3},{"damage":3,"enemies":"Looter","floor":14,"turns":3},{"damage":19,"enemies":"The Guardian","floor":16,"turns":12},{"damage":31,"enemies":"2 Thieves","floor":18,"turns":4},{"damage":28,"enemies":"3 Byrds","floor":19,"turns":7},{"damage":18,"enemies":"Shelled Parasite and Fungi","floor":24,"turns":7},{"damage":31,"enemies":"Sentry and Sphere","floor":27,"turns":5}],"seed_played":"8969695329945366132","potions_obtained":[{"floor":2,"key":"SneckoOil"},{"floor":8,"key":"Fire Potion"},{"floor":11,"key":"Poison Potion"},{"floor":13,"key":"Regen Potion"},{"floor":16,"key":"AttackPotion"},{"floor":19,"key":"Weak Potion"},{"floor":24,"key":"EssenceOfSteel"}],"is_trial":false,"path_per_floor":["M","M","?","M","M","E","R","M","T","R","M","R","E","M","R","B",null,"M","M","?","$","?","R","M","?","T","M"],"character_chosen":"DEFECT","items_purchased":[],"campfire_rested":3,"item_purchase_floors":[],"current_hp_per_floor":[74,74,74,72,65,32,54,42,42,42,32,54,52,51,51,34,75,44,18,18,18,18,40,24,24,24,0],"gold":458,"neow_bonus":"RANDOM_COMMON_RELIC","is_prod":false,"is_daily":false,"chose_seed":false,"campfire_upgraded":2,"win_rate":0,"timestamp":1566954693,"path_taken":["M","?","?","?","M","E","R","M","T","R","M","R","E","M","R","BOSS","M","M","?","?","?","R","M","?","T","?"],"build_version":"2019-07-17","purchased_purges":1,"victory":false,"max_hp_per_floor":[75,75,75,75,75,75,75,75,75,75,75,75,75,75,75,75,75,75,75,75,75,75,75,75,75,75,75],"card_choices":[{"not_picked":["Compile Driver","Go for the Eyes","Scrape"],"picked":"SKIP","floor":1},{"not_picked":["Go for the Eyes","Barrage"],"picked":"Rebound","floor":2},{"not_picked":["Beam Cell","Compile Driver"],"picked":"Coolheaded","floor":4},{"not_picked":["Cold Snap","Ball Lightning"],"picked":"Loop","floor":5},{"not_picked":["Multi-Cast","Steam"],"picked":"Beam Cell","floor":6},{"not_picked":["Go for the Eyes","Blizzard"],"picked":"Genetic Algorithm","floor":8},{"not_picked":["Streamline","Go for the Eyes","Heatsinks"],"picked":"SKIP","floor":11},{"not_picked":["Compile Driver","Fission"],"picked":"Cold Snap","floor":12},{"not_picked":["Steam","Beam Cell","Cold Snap"],"picked":"SKIP","floor":13},{"not_picked":["Hologram","Reprogram","Cold Snap"],"picked":"SKIP","floor":14},{"not_picked":["Meteor Strike","Amplify"],"picked":"Reboot","floor":16},{"not_picked":["Coolheaded","Go for the Eyes+1","Streamline"],"picked":"SKIP","floor":18},{"not_picked":["Reprogram+1","Glacier","Recycle"],"picked":"SKIP","floor":19},{"not_picked":["Blizzard","Streamline"],"picked":"Conserve Battery+1","floor":24}],"player_experience":62280,"relics_obtained":[{"floor":6,"key":"StoneCalendar"},{"floor":9,"key":"Dream Catcher"},{"floor":13,"key":"Blood Vial"},{"floor":26,"key":"DataDisk"}],"event_choices":[{"damage_healed":0,"gold_gain":0,"player_choice":"Forge","damage_taken":0,"max_hp_gain":0,"max_hp_loss":0,"event_name":"Accursed Blacksmith","floor":3,"gold_loss":0,"cards_upgraded":["Dualcast"]},{"damage_healed":0,"gold_gain":100,"player_choice":"Pray","damage_taken":0,"max_hp_gain":0,"max_hp_loss":0,"event_name":"Golden Shrine","floor":20,"gold_loss":0},{"damage_healed":0,"gold_gain":0,"player_choice":"Ignored","damage_taken":0,"max_hp_gain":0,"max_hp_loss":0,"event_name":"Ghosts","floor":22,"gold_loss":0},{"damage_healed":0,"gold_gain":0,"player_choice":"Bought 0 Potions","damage_taken":0,"max_hp_gain":0,"max_hp_loss":0,"event_name":"The Woman in Blue","floor":25,"gold_loss":0}],"is_beta":false,"boss_relics":[{"not_picked":["Velvet Choker","Ectoplasm"],"picked":"Inserter"}],"items_purged_floors":[21],"is_endless":false,"potions_floor_spawned":[2,8,11,13,16,19,24],"killed_by":"Sentry and Sphere","ascension_level":1}