{"gold_per_floor":[115,115,190,190,21,21,53,108,133,163,163,178,178,24,24,101,101,118,118,118,118,118,153,173,200,227,227],"floor_reached":27,"playtime":797,"items_purged":[],"score":556,"play_id":"844702c3-84b7-4c1d-a233-5f79ed7b7495","local_time":"20190220115803","is_ascension_mode":true,"campfire_choices":[{"data":"Bash","floor":6.0,"key":"SMITH"},{"data":"Clothesline","floor":11.0,"key":"SMITH"},{"data":"Armaments","floor":15.0,"key":"SMITH"}],"neow_cost":"NONE","seed_source_timestamp":293224764481,"circlet_count":0,"master_deck":["AscendersBane","Strike_R","Strike_R","Strike_R","Strike_R","Defend_R","Defend_R","Defend_R","Defend_R","Bash+1","Clothesline+1","Shrug It Off","Evolve","Anger","Power Through","Second Wind","Inflame","Uppercut","Shockwave","Armaments+1","Twin Strike","Exhume","Disarm","Uppercut","True Grit+1","Uppercut"],"special_seed":0,"relics":["Burning Blood","NeowsBlessing","Bag of Preparation","Letter Opener","Champion Belt","Omamori","Oddly Smooth Stone","Regal Pillow","Velvet Choker","Charon\u0027s Ashes","Self Forming Clay","Meat on the Bone","Pen Nib","Juzu Bracelet"],"potions_floor_usage":[16,23,27],"damage_taken":[{"damage":0.0,"enemies":"Small Slimes","floor":1.0,"turns":1.0},{"damage":0.0,"enemies":"Gremlin Nob","floor":7.0,"turns":1.0},{"damage":0.0,"enemies":"Gremlin Nob","floor":8.0,"turns":1.0},{"damage":13.0,"enemies":"3 Sentries","floor":10.0,"turns":8.0},{"damage":0.0,"enemies":"2 Louse","floor":12.0,"turns":2.0},{"damage":7,"enemies":"Slime Boss","floor":16,"turns":7},{"damage":12,"enemies":"Spheric Guardian","floor":18,"turns":5},{"damage":15,"enemies":"Slavers","floor":23,"turns":5},{"damage":0,"enemies":"Chosen","floor":24,"turns":5},{"damage":31,"enemies":"Book of Stabbing","floor":25,"turns":6},{"damage":26,"enemies":"Gremlin Leader","floor":27,"turns":9}],"seed_played":"-1739248080234421692","potions_obtained":[{"floor":1.0,"key":"Explosive Potion"},{"floor":8.0,"key":"FearPotion"},{"floor":16,"key":"Poison Potion"},{"floor":24,"key":"Strength Potion"}],"is_trial":false,"path_per_floor":["M","?","?","T","$","R","E","?","T","E","R","M","?","$","R","B",null,"M","?","?","?","?","E","M","E","T","E"],"character_chosen":"IRONCLAD","items_purchased":["Shrug It Off","Evolve","Anger","Shockwave","Armaments","Twin Strike"],"campfire_rested":0,"item_purchase_floors":[5,5,5,14,14,14],"current_hp_per_floor":[74,56,45,45,45,45,51,57,57,50,50,56,49,49,49,48,68,62,62,62,62,62,53,59,46,46,20],"gold":227,"neow_bonus":"THREE_ENEMY_KILL","is_prod":false,"is_daily":false,"chose_seed":false,"campfire_upgraded":3,"win_rate":0,"timestamp":1550692683,"path_taken":["M","?","?","?","$","R","E","?","T","E","R","?","?","?","R","BOSS","M","?","?","?","?","E","M","E","T","E"],"build_version":"2019-02-06","purchased_purges":0,"victory":false,"max_hp_per_floor":[75,75,75,75,75,75,75,75,75,75,75,75,75,75,75,75,75,75,75,75,75,75,75,75,75,75,75],"card_choices":[{"not_picked":["Intimidate","Headbutt"],"picked":"Clothesline","floor":1.0},{"not_picked":["Whirlwind","Cleave"],"picked":"Power Through","floor":7.0},{"not_picked":["Warcry","Thunderclap"],"picked":"Second Wind","floor":8.0},{"not_picked":["Infernal Blade","Clash"],"picked":"Inflame","floor":10.0},{"not_picked":["Perfected Strike","Feel No Pain"],"picked":"Uppercut","floor":12.0},{"not_picked":["Juggernaut","Bludgeon"],"picked":"Exhume","floor":16},{"not_picked":["Iron Wave","Heavy Blade"],"picked":"Disarm","floor":18},{"not_picked":["Sever Soul","Headbutt"],"picked":"True Grit+1","floor":23},{"not_picked":["Havoc","Combust"],"picked":"Uppercut","floor":24},{"not_picked":["Clothesline+1","Warcry","Havoc"],"picked":"SKIP","floor":25}],"player_experience":1185518,"relics_obtained":[{"floor":4.0,"key":"Letter Opener"},{"floor":7.0,"key":"Champion Belt"},{"floor":9.0,"key":"Oddly Smooth Stone"},{"floor":10.0,"key":"Regal Pillow"},{"floor":23,"key":"Meat on the Bone"},{"floor":25,"key":"Pen Nib"},{"floor":26,"key":"Juzu Bracelet"}],"event_choices":[{"damage_healed":0.0,"max_hp_gain":0.0,"max_hp_loss":0.0,"gold_gain":0.0,"event_name":"Scrap Ooze","player_choice":"Success","floor":2.0,"gold_loss":0.0,"damage_taken":18.0,"relics_obtained":["Bag of Preparation"]},{"damage_healed":0.0,"max_hp_gain":0.0,"max_hp_loss":0.0,"gold_gain":75.0,"event_name":"World of Goop","player_choice":"Gather Gold","floor":3.0,"gold_loss":0.0,"damage_taken":11.0},{"damage_healed":0.0,"max_hp_gain":0.0,"max_hp_loss":0.0,"gold_gain":0.0,"event_name":"Dead Adventurer","player_choice":"Searched \u00272\u0027 times","floor":8.0,"gold_loss":0.0,"damage_taken":0.0,"relics_obtained":["Omamori"]},{"cards_removed":["Strike_R"],"damage_healed":0.0,"max_hp_gain":0.0,"max_hp_loss":0.0,"gold_gain":0.0,"event_name":"Golden Wing","player_choice":"Card Removal","floor":13.0,"gold_loss":0.0,"damage_taken":7.0},{"damage_healed":0,"gold_gain":0,"player_choice":"Opened","damage_taken":0,"relics_obtained":["Charon\u0027s Ashes"],"max_hp_gain":0,"max_hp_loss":0,"event_name":"The Mausoleum","floor":19,"gold_loss":0,"cards_obtained":["Writhe"]},{"damage_healed":0,"gold_gain":0,"player_choice":"Stole Relic","damage_taken":0,"relics_obtained":["Self Forming Clay"],"max_hp_gain":0,"max_hp_loss":0,"event_name":"Addict","floor":20,"gold_loss":0,"cards_obtained":["Shame"]},{"damage_healed":0,"gold_gain":0,"player_choice":"Ignored","damage_taken":0,"max_hp_gain":0,"max_hp_loss":0,"event_name":"Vampires","floor":21,"gold_loss":0},{"damage_healed":0,"gold_gain":0,"player_choice":"Read","damage_taken":0,"max_hp_gain":0,"max_hp_loss":0,"event_name":"The Library","floor":22,"gold_loss":0,"cards_obtained":["Uppercut"]}],"is_beta":true,"boss_relics":[{"not_picked":["Empty Cage","Orrery"],"picked":"Velvet Choker"}],"items_purged_floors":[],"is_endless":false,"potions_floor_spawned":[1,8,16,24],"killed_by":"Gremlin Leader","ascension_level":20}