{"gold_per_floor":[19,32,32,42,42,42,57,83,152,152,172,172,189,205,205,305,305,324,336,352,365,92,92,109,121,203,203,214,214,214,231,231,231],"floor_reached":33,"playtime":2879,"items_purged":["Strike_G"],"score":355,"play_id":"44f4fde0-1b94-42be-9639-9de2f44e7f4e","local_time":"20180708171409","is_ascension_mode":true,"campfire_choices":[{"data":"Footwork","floor":6,"key":"SMITH"},{"data":"A Thousand Cuts","floor":10,"key":"SMITH"},{"floor":12,"key":"REST"},{"floor":15,"key":"REST"},{"data":"Cloak And Dagger","floor":23,"key":"SMITH"},{"floor":27,"key":"REST"},{"floor":32,"key":"REST"}],"neow_cost":"NO_GOLD","seed_source_timestamp":2143431639186460,"circlet_count":0,"master_deck":["Defend_G","Defend_G","Defend_G","Defend_G","Strike_G","Strike_G","Strike_G","Strike_G","Survivor","Neutralize+1","Dodge and Roll","Footwork+1","Crippling Poison","Slice","A Thousand Cuts+1","Dodge and Roll","Deflect","Dagger Spray","Bullet Time","Leg Sweep+1","Dodge and Roll+1","PiercingWail","Cloak And Dagger+1","Footwork+1","Malaise+1","Malaise+1","Ghostly","Ghostly","Ghostly","Ghostly","Ghostly","Well Laid Plans"],"relics":["Ring of the Snake","Tingsha","Dodecahedron","Runic Dome","DollysMirror","Question Card"],"potions_floor_usage":[7,16,19,21,24,24,30],"damage_taken":[{"damage":3,"enemies":"Cultist","floor":1,"turns":5},{"damage":2,"enemies":"2 Louse","floor":2,"turns":4},{"damage":10,"enemies":"Small Slimes","floor":4,"turns":6},{"damage":3,"enemies":"Exordium Wildlife","floor":7,"turns":5},{"damage":2,"enemies":"3 Sentries","floor":8,"turns":14},{"damage":6,"enemies":"Looter","floor":11,"turns":4},{"damage":15,"enemies":"Exordium Thugs","floor":13,"turns":6},{"damage":7,"enemies":"Lots of Slimes","floor":14,"turns":3},{"damage":37,"enemies":"Slime Boss","floor":16,"turns":10},{"damage":15,"enemies":"Spheric Guardian","floor":18,"turns":6},{"damage":8,"enemies":"Chosen","floor":19,"turns":6},{"damage":13,"enemies":"Snake Plant","floor":20,"turns":8},{"damage":5,"enemies":"Cultist and Chosen","floor":21,"turns":7},{"damage":0,"enemies":"3 Cultists","floor":24,"turns":4},{"damage":8,"enemies":"Snecko","floor":25,"turns":8},{"damage":28,"enemies":"Cultist and Chosen","floor":28,"turns":9},{"damage":0,"enemies":"Gremlin Leader","floor":30,"turns":1},{"damage":3,"enemies":"3 Cultists","floor":31,"turns":7},{"damage":52,"enemies":"Champ","floor":33,"turns":18}],"seed_played":"7051862490172982504","potions_obtained":[{"floor":2,"key":"SmokeBomb"},{"floor":4,"key":"Poison Potion"},{"floor":13,"key":"SmokeBomb"},{"floor":14,"key":"PowerPotion"},{"floor":16,"key":"PowerPotion"},{"floor":18,"key":"Strength Potion"},{"floor":19,"key":"Explosive Potion"},{"floor":21,"key":"AttackPotion"}],"is_trial":false,"path_per_floor":["M","M","?","M","?","R","M","E","T","R","M","R","M","M","R","B",null,"M","M","M","M","$","R","M","M","T","R","M","?","E","M","R"],"character_chosen":"THE_SILENT","items_purchased":["DollysMirror"],"campfire_rested":4,"item_purchase_floors":[22],"current_hp_per_floor":[81,79,72,62,62,62,59,57,57,57,51,76,61,54,79,42,84,69,61,48,43,43,43,43,35,35,60,32,32,32,29,41,0],"gold":231,"neow_bonus":"TWENTY_PERCENT_HP_BONUS","is_prod":false,"is_daily":false,"chose_seed":false,"campfire_upgraded":3,"win_rate":0,"timestamp":1531084449,"path_taken":["M","M","?","M","?","R","?","E","T","R","M","R","?","M","R","BOSS","M","M","M","?","$","R","M","M","T","R","M","?","E","M","R","BOSS"],"build_version":"2018-07-05","purchased_purges":1,"victory":false,"max_hp_per_floor":[84,84,84,84,84,84,84,84,84,84,84,84,84,84,84,84,84,84,84,84,84,84,84,84,84,84,84,84,42,42,42,42,42],"card_choices":[{"not_picked":["Poisoned Stab","Underhanded Strike"],"picked":"Dodge and Roll","floor":1},{"not_picked":["Expertise","Dagger Throw"],"picked":"Footwork","floor":2},{"not_picked":["Backstab","Cloak And Dagger"],"picked":"Crippling Poison","floor":4},{"not_picked":["Terror","Expertise"],"picked":"Slice","floor":7},{"not_picked":["Catalyst","Prepared"],"picked":"A Thousand Cuts","floor":8},{"not_picked":["Underhanded Strike","Quick Slash"],"picked":"Dodge and Roll","floor":11},{"not_picked":["Caltrops","After Image"],"picked":"Deflect","floor":13},{"not_picked":["Sucker Punch","Blade Dance"],"picked":"Dagger Spray","floor":14},{"not_picked":["Night Terror","Unload"],"picked":"Bullet Time","floor":16},{"not_picked":["Underhanded Strike","Dodge and Roll"],"picked":"Leg Sweep+1","floor":18},{"not_picked":["Choke","Catalyst"],"picked":"Dodge and Roll+1","floor":19},{"not_picked":["Terror+1","Poisoned Stab"],"picked":"PiercingWail","floor":20},{"not_picked":["Outmaneuver+1","Calculated Gamble"],"picked":"Cloak And Dagger","floor":21},{"not_picked":["Underhanded Strike","Grand Finale","Dodge and Roll"],"picked":"SKIP","floor":24},{"not_picked":["Slice","Bouncing Flask+1"],"picked":"Malaise+1","floor":25},{"not_picked":["Bane+1","PiercingWail","Underhanded Strike"],"picked":"Malaise+1","floor":28},{"not_picked":["Dagger Spray","Underhanded Strike","All Out Attack"],"picked":"Well Laid Plans","floor":31}],"player_experience":239423,"relics_obtained":[{"floor":8,"key":"Tingsha"},{"floor":9,"key":"Dodecahedron"},{"floor":26,"key":"Question Card"}],"event_choices":[{"event_name":"Golden Wing","player_choice":"Card Removal","floor":3,"damage_taken":0},{"event_name":"Living Wall","player_choice":"Grow","floor":5,"damage_taken":0},{"event_name":"Ghosts","player_choice":"Became a Ghost","floor":29,"damage_taken":0}],"boss_relics":[{"not_picked":["Eternal Feather","Velvet Choker"],"picked":"Runic Dome"}],"items_purged_floors":[22],"is_endless":false,"potions_floor_spawned":[2,4,13,14,16,18,19,21],"killed_by":"Champ","ascension_level":2}