{"gold_per_floor":[114,114,114,39,49,49,77,77,186,221,236,5,21,40,40,112,112,126,126,126,144,160,160,77,112,112,143,143,170,170,33,33,33],"floor_reached":33,"playtime":978,"items_purged":["Strike_R","Decay"],"score":657,"play_id":"06ae990d-d480-4b72-84b5-bbce789a8661","local_time":"20190328013010","is_ascension_mode":true,"campfire_choices":[{"data":"Metallicize","floor":6.0,"key":"SMITH"},{"data":"Ghostly Armor","floor":8.0,"key":"SMITH"},{"data":"Flame Barrier","floor":15.0,"key":"SMITH"},{"data":"Immolate","floor":23.0,"key":"SMITH"},{"data":"True Grit","floor":28.0,"key":"SMITH"},{"floor":32,"key":"REST"}],"neow_cost":"NONE","seed_source_timestamp":46309711150723,"circlet_count":0,"master_deck":["AscendersBane","Strike_R+1","Defend_R","Defend_R","Defend_R","Bash+1","Ghostly Armor+1","Metallicize+1","Twin Strike","Shrug It Off","Shrug It Off","Anger","Feel No Pain","Flame Barrier+1","Shrug It Off","Immolate+1","Havoc+1","Shrug It Off","Twin Strike","Spot Weakness","Corruption","Shrug It Off+1","Doubt","True Grit+1","Impervious","Decay","Shockwave"],"special_seed":0,"relics":["Burning Blood","NeowsBlessing","Matryoshka","Tiny Chest","Sundial","Ancient Tea Set","Cursed Key","Red Skull","Blood Vial","Anchor","Red Mask","Ornamental Fan","Centennial Puzzle"],"potions_floor_usage":[],"damage_taken":[{"damage":0.0,"enemies":"Jaw Worm","floor":1.0,"turns":1.0},{"damage":0.0,"enemies":"Small Slimes","floor":5.0,"turns":1.0},{"damage":0.0,"enemies":"Gremlin Nob","floor":7.0,"turns":1.0},{"damage":13.0,"enemies":"3 Sentries","floor":10.0,"turns":12.0},{"damage":0.0,"enemies":"2 Louse","floor":11.0,"turns":3.0},{"damage":2.0,"enemies":"Exordium Wildlife","floor":13.0,"turns":6.0},{"damage":0.0,"enemies":"2 Fungi Beasts","floor":14.0,"turns":5.0},{"damage":34.0,"enemies":"The Guardian","floor":16.0,"turns":13.0},{"damage":12.0,"enemies":"3 Byrds","floor":18.0,"turns":3.0},{"damage":0.0,"enemies":"Shell Parasite","floor":21.0,"turns":5.0},{"damage":23.0,"enemies":"Centurion and Healer","floor":22.0,"turns":7.0},{"damage":12.0,"enemies":"Book of Stabbing","floor":25.0,"turns":5.0},{"damage":13.0,"enemies":"Masked Bandits","floor":27.0,"turns":4.0},{"damage":37,"enemies":"Gremlin Leader","floor":29,"turns":6},{"damage":42,"enemies":"Collector","floor":33,"turns":8}],"seed_played":"5316477941926581321","potions_obtained":[{"floor":1.0,"key":"Block Potion"},{"floor":7.0,"key":"Strength Potion"},{"floor":10.0,"key":"SpeedPotion"},{"floor":11.0,"key":"Block Potion"},{"floor":21.0,"key":"SteroidPotion"},{"floor":22.0,"key":"SpeedPotion"}],"is_trial":false,"path_per_floor":["M","?","?","?","M","R","E","R","T","E","M","$","M","M","R","B",null,"M","?","?","M","M","R","$","E","T","?","R","E","T","$","R","B"],"character_chosen":"IRONCLAD","items_purchased":["Shrug It Off","Anger","Feel No Pain","Corruption","Shockwave"],"campfire_rested":1,"item_purchase_floors":[12,12,12,24,31],"current_hp_per_floor":[74,67,44,44,50,50,56,56,56,49,55,55,59,65,65,37,66,60,60,60,66,49,49,49,43,43,38,38,9,9,9,31,0],"gold":33,"neow_bonus":"THREE_ENEMY_KILL","is_prod":false,"is_daily":false,"chose_seed":false,"campfire_upgraded":5,"win_rate":0,"timestamp":1553761810,"path_taken":["M","?","?","?","M","R","E","R","T","E","M","$","M","?","R","BOSS","M","?","?","M","M","R","$","E","T","?","R","E","?","$","R","BOSS"],"build_version":"2019-03-15","purchased_purges":2,"victory":false,"max_hp_per_floor":[75,75,75,75,75,75,75,75,75,75,75,75,75,75,75,75,75,75,75,75,75,75,75,75,75,75,75,75,75,75,75,75,75],"card_choices":[{"not_picked":["Headbutt","Rage"],"picked":"Ghostly Armor","floor":1.0},{"not_picked":["Second Wind","Sentinel"],"picked":"Metallicize","floor":5.0},{"not_picked":["Sentinel","Brutality"],"picked":"Twin Strike","floor":10.0},{"not_picked":["Headbutt","Cleave"],"picked":"Shrug It Off","floor":11.0},{"not_picked":["Bloodletting","Sentinel"],"picked":"Flame Barrier","floor":13.0},{"not_picked":["Headbutt","Iron Wave"],"picked":"Shrug It Off","floor":14.0},{"not_picked":["Barricade","Demon Form"],"picked":"Immolate","floor":16.0},{"not_picked":["Wild Strike","Whirlwind"],"picked":"Havoc+1","floor":18.0},{"not_picked":["Clash","Perfected Strike"],"picked":"Spot Weakness","floor":21.0},{"not_picked":["Body Slam","Juggernaut"],"picked":"Shrug It Off+1","floor":25.0},{"not_picked":["Perfected Strike","Flex"],"picked":"True Grit","floor":27.0},{"not_picked":["Dual Wield","Havoc"],"picked":"Impervious","floor":29}],"player_experience":1376389,"relics_obtained":[{"floor":7.0,"key":"Matryoshka"},{"floor":9.0,"key":"Tiny Chest"},{"floor":9.0,"key":"Sundial"},{"floor":10.0,"key":"Ancient Tea Set"},{"floor":25.0,"key":"Red Skull"},{"floor":26.0,"key":"Blood Vial"},{"floor":26.0,"key":"Anchor"},{"floor":27.0,"key":"Red Mask"},{"floor":29,"key":"Ornamental Fan"},{"floor":30,"key":"Centennial Puzzle"}],"event_choices":[{"cards_removed":["Defend_R"],"damage_healed":0.0,"max_hp_gain":0.0,"max_hp_loss":0.0,"gold_gain":0.0,"event_name":"Golden Wing","player_choice":"Card Removal","floor":2.0,"gold_loss":0.0,"damage_taken":7.0},{"damage_healed":0.0,"max_hp_gain":0.0,"max_hp_loss":0.0,"gold_gain":0.0,"event_name":"Shining Light","player_choice":"Entered Light","floor":3.0,"gold_loss":0.0,"damage_taken":23.0,"cards_upgraded":["Bash","Strike_R"]},{"cards_removed":["Strike_R"],"damage_healed":0.0,"max_hp_gain":0.0,"max_hp_loss":0.0,"gold_gain":0.0,"event_name":"The Cleric","player_choice":"Card Removal","floor":4.0,"gold_loss":75.0,"damage_taken":0.0},{"damage_healed":0.0,"max_hp_gain":0.0,"max_hp_loss":0.0,"gold_gain":0.0,"event_name":"Forgotten Altar","player_choice":"Smashed Altar","floor":19.0,"gold_loss":0.0,"damage_taken":0.0,"cards_obtained":["Decay"]},{"damage_healed":0.0,"max_hp_gain":0.0,"max_hp_loss":0.0,"gold_gain":0.0,"cards_transformed":["Strike_R","Strike_R"],"event_name":"Drug Dealer","player_choice":"Became Test Subject","floor":20.0,"gold_loss":0.0,"damage_taken":0.0,"cards_obtained":["Shrug It Off","Twin Strike"]},{"damage_healed":0.0,"max_hp_gain":0.0,"max_hp_loss":0.0,"gold_gain":0.0,"event_name":"Masked Bandits","player_choice":"Fought Bandits","floor":27.0,"gold_loss":0.0,"damage_taken":0.0}],"is_beta":true,"boss_relics":[{"not_picked":["Fusion Hammer","Pandora\u0027s Box"],"picked":"Cursed Key"}],"items_purged_floors":[12,31],"is_endless":false,"potions_floor_spawned":[1,7,10,11,21,22],"killed_by":"Collector","ascension_level":20}