{"path_per_floor":["M","M","M","M","M","R","M","E","T","R","M","?","?","M","R"],"character_chosen":"THE_SILENT","items_purchased":[],"gold_per_floor":[111,128,144,159,173,173,186,220,220,220,234,234,234,245,245,245],"floor_reached":16,"campfire_rested":1,"playtime":987,"item_purchase_floors":[],"current_hp_per_floor":[68,65,65,65,62,62,52,31,31,52,51,51,70,61,61,0],"items_purged":[],"gold":245,"score":106,"play_id":"cc780d87-f030-4af6-8fe7-8195906dd4b3","local_time":"20180617133641","is_prod":false,"is_daily":false,"chose_seed":false,"is_ascension_mode":false,"campfire_upgraded":2,"win_rate":0.0,"timestamp":1529257001,"campfire_choices":[{"data":"Dagger Throw","floor":6,"key":"SMITH"},{"floor":10,"key":"REST"},{"data":"Dagger Spray","floor":15,"key":"SMITH"}],"path_taken":["M","M","M","M","M","R","M","E","T","R","M","?","?","M","R","BOSS"],"build_version":"2018-06-14v2","seed_source_timestamp":317860186849704,"purchased_purges":0,"victory":false,"master_deck":["Defend_G","Defend_G","Defend_G","Defend_G","Defend_G","Strike_G","Strike_G","Strike_G","Strike_G","Strike_G","Survivor","Neutralize","Prepared","Dagger Throw+1","Underhanded Strike","Outmaneuver","Prepared","Bullet Time","Dagger Throw","Dagger Spray+1"],"max_hp_per_floor":[70,70,70,70,70,70,70,70,70,70,70,70,70,70,70,70],"relics":["Runic Pyramid","Meat on the Bone","The Specimen"],"card_choices":[{"not_picked":["Cloak And Dagger","Well Laid Plans"],"picked":"Prepared","floor":1},{"not_picked":["Blur","Dodge and Roll"],"picked":"Dagger Throw","floor":2},{"not_picked":["Bane","Slice","Sucker Punch"],"picked":"SKIP","floor":3},{"not_picked":["Prepared","Terror"],"picked":"Underhanded Strike","floor":4},{"not_picked":["Dash","Cloak And Dagger"],"picked":"Outmaneuver","floor":5},{"not_picked":["Sucker Punch","Flying Knee"],"picked":"Prepared","floor":7},{"not_picked":["Dagger Spray","Deflect"],"picked":"Bullet Time","floor":8},{"not_picked":["Deflect","Endless Agony"],"picked":"Dagger Throw","floor":11},{"not_picked":["Prepared","Choke"],"picked":"Dagger Spray","floor":14}],"player_experience":118661,"potions_floor_usage":[16,16],"damage_taken":[{"damage":2,"enemies":"2 Louse","floor":1,"turns":3},{"damage":3,"enemies":"Jaw Worm","floor":2,"turns":4},{"damage":0,"enemies":"Small Slimes","floor":3,"turns":4},{"damage":0,"enemies":"2 Fungi Beasts","floor":4,"turns":4},{"damage":3,"enemies":"Exordium Wildlife","floor":5,"turns":5},{"damage":10,"enemies":"Looter","floor":7,"turns":3},{"damage":21,"enemies":"Lagavulin","floor":8,"turns":6},{"damage":1,"enemies":"2 Fungi Beasts","floor":11,"turns":4},{"damage":9,"enemies":"Blue Slaver","floor":14,"turns":3},{"damage":62,"enemies":"The Guardian","floor":16,"turns":10}],"relics_obtained":[{"floor":8,"key":"Meat on the Bone"},{"floor":9,"key":"The Specimen"}],"event_choices":[{"event_name":"Liars Game","player_choice":"disagreed","floor":12,"damage_taken":0},{"event_name":"Big Fish","player_choice":"Banana","floor":13,"damage_taken":0}],"boss_relics":[],"items_purged_floors":[],"is_endless":false,"potions_floor_spawned":[4,5,8,11],"seed_played":"354273978237430488","killed_by":"The Guardian","ascension_level":0,"potions_obtained":[{"floor":4,"key":"Strength Potion"},{"floor":5,"key":"LiquidBronze"},{"floor":8,"key":"Poison Potion"},{"floor":11,"key":"SkillPotion"}],"is_trial":false}