{"gold_per_floor":[114,130,130,12,12,12,43,43,122,138,138,148,160,172,172,243,243,257,87,106,122,222,222,256,273,273,289,289,309,309,335,335,409,409,422,49,68,27,43,43,76,88,88,98,98,114,114],"floor_reached":47,"playtime":1614,"items_purged":["Pain"],"score":1077,"play_id":"53b3c428-9522-4fc4-95ff-450abd52a23d","local_time":"20190419004151","is_ascension_mode":true,"campfire_choices":[{"floor":6.0,"key":"REST"},{"floor":11.0,"key":"REST"},{"floor":15.0,"key":"REST"},{"floor":23.0,"key":"DIG"},{"floor":30.0,"key":"REST"},{"floor":32.0,"key":"DIG"},{"floor":40.0,"key":"REST"},{"floor":45,"key":"REST"}],"neow_cost":"NONE","seed_source_timestamp":81201691721400,"circlet_count":0,"master_deck":["AscendersBane","Strike_R","Strike_R","Strike_R","Strike_R","Strike_R","Defend_R","Defend_R","Defend_R+1","Defend_R","Bash","Ghostly Armor","Flame Barrier+1","Inflame","Carnage","Metallicize","Headbutt","Armaments","Dual Wield","Feed","Immolate","Shrug It Off","Metallicize","Shrug It Off","Pommel Strike","Limit Break","Disarm","Power Through","Shrug It Off","Disarm","Demon Form","Immolate","Whirlwind","Armaments","Metallicize","Shrug It Off","Armaments+1","Parasite","True Grit+1"],"special_seed":0,"relics":["Fusion Hammer","Bag of Marbles","WarpedTongs","Anchor","Question Card","Philosopher\u0027s Stone","Shovel","Singing Bowl","War Paint","StoneCalendar","Ginger","Red Skull","Blue Candle","Black Star","Ice Cream","Centennial Puzzle","Toxic Egg 2","Self Forming Clay"],"potions_floor_usage":[44],"damage_taken":[{"damage":1.0,"enemies":"Small Slimes","floor":1.0,"turns":3.0},{"damage":0.0,"enemies":"Cultist","floor":2.0,"turns":3.0},{"damage":9.0,"enemies":"3 Sentries","floor":7.0,"turns":6.0},{"damage":3.0,"enemies":"2 Louse","floor":10.0,"turns":1.0},{"damage":2.0,"enemies":"Exordium Thugs","floor":12.0,"turns":4.0},{"damage":7.0,"enemies":"Lots of Slimes","floor":13.0,"turns":5.0},{"damage":0.0,"enemies":"3 Louse","floor":14.0,"turns":2.0},{"damage":56.0,"enemies":"Hexaghost","floor":16.0,"turns":11.0},{"damage":0.0,"enemies":"Shell Parasite","floor":18.0,"turns":3.0},{"damage":0.0,"enemies":"Chosen","floor":20.0,"turns":3.0},{"damage":7.0,"enemies":"Snecko","floor":21.0,"turns":5.0},{"damage":0.0,"enemies":"Colosseum Slavers","floor":22.0,"turns":1.0},{"damage":0.0,"enemies":"Colosseum Nobs","floor":22.0,"turns":2.0},{"damage":28.0,"enemies":"Slavers","floor":24.0,"turns":5.0},{"damage":13.0,"enemies":"Shelled Parasite and Fungi","floor":25.0,"turns":5.0},{"damage":5.0,"enemies":"Centurion and Healer","floor":27.0,"turns":5.0},{"damage":0.0,"enemies":"3 Cultists","floor":29.0,"turns":4.0},{"damage":14.0,"enemies":"Book of Stabbing","floor":31.0,"turns":7.0},{"damage":31.0,"enemies":"Collector","floor":33.0,"turns":8.0},{"damage":0.0,"enemies":"3 Shapes","floor":35.0,"turns":4.0},{"damage":31.0,"enemies":"3 Darklings","floor":37.0,"turns":5.0},{"damage":10.0,"enemies":"Maw","floor":39.0,"turns":6.0},{"damage":46.0,"enemies":"Reptomancer","floor":41.0,"turns":7.0},{"damage":2.0,"enemies":"Spire Growth","floor":42.0,"turns":5.0},{"damage":0,"enemies":"Writhing Mass","floor":44,"turns":4},{"damage":24,"enemies":"3 Darklings","floor":46,"turns":3},{"damage":22,"enemies":"Giant Head","floor":47,"turns":7}],"seed_played":"1387490572725979052","potions_obtained":[{"floor":1.0,"key":"Explosive Potion"},{"floor":2.0,"key":"Strength Potion"},{"floor":14.0,"key":"FearPotion"},{"floor":16.0,"key":"PowerPotion"},{"floor":18.0,"key":"GamblersBrew"},{"floor":22.0,"key":"Fire Potion"},{"floor":24.0,"key":"Ancient Potion"},{"floor":25.0,"key":"Weak Potion"},{"floor":39.0,"key":"FearPotion"},{"floor":41.0,"key":"Fire Potion"},{"floor":42.0,"key":"Dexterity Potion"}],"is_trial":false,"path_per_floor":["M","M","?","$","?","R","E","$","T","M","R","M","M","M","R","B",null,"M","$","M","M","?","R","E","M","T","M","?","M","R","E","R","B",null,"M","$","M","$","M","R","E","M","T","M","R","M","E"],"character_chosen":"IRONCLAD","items_purchased":["Inflame","Carnage","Metallicize","Shrug It Off","Ice Cream","Armaments","Metallicize"],"campfire_rested":6,"item_purchase_floors":[4,4,19,19,36,36,38],"current_hp_per_floor":[67,67,67,67,67,75,66,66,66,63,75,73,66,66,75,22,64,64,64,64,57,62,62,38,25,25,23,23,28,56,42,42,11,74,77,77,48,48,38,68,24,22,22,24,55,31,9],"gold":114,"neow_bonus":"BOSS_RELIC","is_prod":false,"is_daily":false,"chose_seed":false,"campfire_upgraded":0,"win_rate":0,"timestamp":1555659711,"path_taken":["M","M","?","?","?","R","E","$","T","?","R","M","M","M","R","BOSS","M","$","?","M","?","R","E","M","T","M","?","M","R","E","R","BOSS","M","?","M","$","M","R","E","?","T","M","R","M","E"],"build_version":"2019-04-04","purchased_purges":1,"victory":false,"max_hp_per_floor":[75,75,75,75,75,75,75,75,75,75,75,75,75,75,75,78,78,78,78,78,78,83,83,87,87,87,90,90,95,95,95,95,95,95,98,98,100,100,100,100,102,102,102,104,104,104,104],"card_choices":[{"not_picked":["Sever Soul","Flex"],"picked":"Ghostly Armor","floor":1.0},{"not_picked":["Entrench","Clash"],"picked":"Flame Barrier","floor":2.0},{"not_picked":["Iron Wave","Uppercut"],"picked":"Metallicize","floor":7.0},{"not_picked":["Sword Boomerang","True Grit","Heavy Blade"],"picked":"Headbutt","floor":10.0},{"not_picked":["Flex","Second Wind","Feel No Pain"],"picked":"Armaments","floor":12.0},{"not_picked":["Bloodletting","Reckless Charge","Sword Boomerang"],"picked":"Dual Wield","floor":13.0},{"not_picked":["Armaments","Heavy Blade","Pommel Strike"],"picked":"Feed","floor":14.0},{"not_picked":["Berserk","Impervious","Limit Break"],"picked":"Immolate","floor":16.0},{"not_picked":["Sword Boomerang","Pommel Strike","Dropkick+1"],"picked":"Shrug It Off","floor":18.0},{"not_picked":["Iron Wave","Blood for Blood","Flex"],"picked":"Pommel Strike","floor":20.0},{"not_picked":["Sword Boomerang","Iron Wave","Second Wind"],"picked":"Limit Break","floor":21.0},{"not_picked":["Perfected Strike","Clothesline","Infernal Blade","Iron Wave"],"picked":"Singing Bowl","floor":22.0},{"not_picked":["Perfected Strike","Inflame","Cleave+1"],"picked":"Disarm","floor":24.0},{"not_picked":["Combust","Heavy Blade","Perfected Strike"],"picked":"Power Through","floor":25.0},{"not_picked":["Twin Strike","Corruption+1","True Grit"],"picked":"Shrug It Off","floor":27.0},{"not_picked":["Corruption","Fire Breathing","Burning Pact","Heavy Blade"],"picked":"Singing Bowl","floor":29.0},{"not_picked":["Dual Wield","Pommel Strike","Clothesline"],"picked":"Demon Form","floor":31.0},{"not_picked":["Barricade","Demon Form","Dark Embrace"],"picked":"Immolate","floor":33.0},{"not_picked":["Second Wind","Sentinel","Flex"],"picked":"Whirlwind","floor":35.0},{"not_picked":["Havoc","Inflame","Blood for Blood","Flex+1"],"picked":"Singing Bowl","floor":37.0},{"not_picked":["Whirlwind","Body Slam","Anger+1"],"picked":"Shrug It Off","floor":39.0},{"not_picked":["Twin Strike","Bloodletting+1","Pommel Strike+1","Inflame"],"picked":"Singing Bowl","floor":41.0},{"not_picked":["Headbutt","Infernal Blade+1","Whirlwind+1"],"picked":"Armaments+1","floor":42.0},{"not_picked":["Anger","Rupture+1","Wild Strike+1","Bludgeon"],"picked":"Singing Bowl","floor":44},{"not_picked":["Seeing Red+1","Perfected Strike","Rampage"],"picked":"True Grit+1","floor":46}],"player_experience":1425140,"relics_obtained":[{"floor":7.0,"key":"Anchor"},{"floor":9.0,"key":"Question Card"},{"floor":22.0,"key":"Shovel"},{"floor":22.0,"key":"Singing Bowl"},{"floor":23.0,"key":"War Paint"},{"floor":24.0,"key":"StoneCalendar"},{"floor":26.0,"key":"Ginger"},{"floor":31.0,"key":"Red Skull"},{"floor":32.0,"key":"Blue Candle"},{"floor":41.0,"key":"Centennial Puzzle"},{"floor":41.0,"key":"Toxic Egg 2"},{"floor":43.0,"key":"Self Forming Clay"}],"event_choices":[{"damage_healed":0.0,"max_hp_gain":0.0,"max_hp_loss":0.0,"gold_gain":0.0,"event_name":"WeMeetAgain","player_choice":"Gave Potion","floor":3.0,"gold_loss":0.0,"damage_taken":0.0,"relics_obtained":["Bag of Marbles"]},{"damage_healed":0.0,"max_hp_gain":0.0,"max_hp_loss":0.0,"gold_gain":0.0,"event_name":"Accursed Blacksmith","player_choice":"Rummage","floor":5.0,"gold_loss":0.0,"damage_taken":0.0,"relics_obtained":["WarpedTongs"],"cards_obtained":["Pain"]},{"damage_healed":0.0,"max_hp_gain":0.0,"max_hp_loss":0.0,"gold_gain":0.0,"event_name":"Colosseum","player_choice":"Fight","floor":22.0,"gold_loss":0.0,"damage_taken":0.0},{"damage_healed":0.0,"max_hp_gain":0.0,"max_hp_loss":0.0,"gold_gain":0.0,"event_name":"Colosseum","player_choice":"Fought Nobs","floor":22.0,"gold_loss":0.0,"damage_taken":0.0},{"damage_healed":0.0,"max_hp_gain":0.0,"max_hp_loss":0.0,"gold_gain":0.0,"event_name":"Duplicator","player_choice":"Copied","floor":28.0,"gold_loss":0.0,"damage_taken":0.0,"cards_obtained":["Disarm"]}],"is_beta":true,"boss_relics":[{"not_picked":["Lizard Tail","Orrery"],"picked":"Philosopher\u0027s Stone"},{"not_picked":["White Beast Statue","Coffee Dripper"],"picked":"Black Star"}],"items_purged_floors":[19],"is_endless":false,"potions_floor_spawned":[1,2,14,16,18,22,24,25,39,41,42],"killed_by":"Giant Head","ascension_level":20}