{"gold_per_floor":[109,128,146,162,2,2,37,48,93,93,93,93,124,10,10,10],"floor_reached":16,"playtime":335,"items_purged":["Strike_G"],"score":220,"play_id":"3d7093d8-571e-4193-ba1b-4774e29bc006","local_time":"20190103153339","is_ascension_mode":true,"campfire_choices":[{"data":"Catalyst","floor":6,"key":"SMITH"},{"data":"Neutralize","floor":10,"key":"SMITH"},{"data":"All Out Attack","floor":15,"key":"SMITH"}],"neow_cost":"NONE","seed_source_timestamp":47499027389551,"circlet_count":0,"master_deck":["AscendersBane","Defend_G","Defend_G","Defend_G","Defend_G","Defend_G","Strike_G","Strike_G","Strike_G","Strike_G","Survivor","Neutralize+1","Deadly Poison","Catalyst+1","Dash","All Out Attack+1","Crippling Poison","Deflect","Adrenaline","Dagger Throw","Riddle With Holes"],"relics":["Ring of the Snake","NeowsBlessing","Ancient Tea Set","Regal Pillow","Pantograph"],"potions_floor_usage":[4,13],"damage_taken":[{"damage":0,"enemies":"Small Slimes","floor":1,"turns":1},{"damage":0,"enemies":"2 Louse","floor":2,"turns":1},{"damage":0,"enemies":"Cultist","floor":3,"turns":1},{"damage":14,"enemies":"Gremlin Gang","floor":4,"turns":11},{"damage":13,"enemies":"Lagavulin","floor":7,"turns":7},{"damage":7,"enemies":"Blue Slaver","floor":8,"turns":5},{"damage":22,"enemies":"Gremlin Nob","floor":13,"turns":4},{"damage":0,"enemies":"Slime Boss","floor":16,"turns":2}],"seed_played":"-700962961849629316","potions_obtained":[{"floor":3,"key":"Block Potion"},{"floor":7,"key":"LiquidBronze"},{"floor":8,"key":"PowerPotion"}],"is_trial":false,"path_per_floor":["M","M","M","M","$","R","E","M","T","R","?","?","E","$","R","B"],"character_chosen":"THE_SILENT","items_purchased":["All Out Attack","Dagger Throw","Riddle With Holes"],"campfire_rested":0,"item_purchase_floors":[5,14,14],"current_hp_per_floor":[59,59,59,45,45,45,32,25,25,25,41,41,19,19,19,44],"gold":10,"neow_bonus":"THREE_ENEMY_KILL","is_prod":false,"is_daily":false,"chose_seed":false,"campfire_upgraded":3,"win_rate":0,"timestamp":1546558419,"path_taken":["M","M","M","M","$","R","E","M","T","R","?","?","E","$","R","BOSS"],"build_version":"2019-01-02","purchased_purges":1,"victory":false,"max_hp_per_floor":[66,66,66,66,66,66,66,66,66,66,66,63,63,63,63,63],"card_choices":[{"not_picked":["Caltrops","Sucker Punch"],"picked":"Deadly Poison","floor":1},{"not_picked":["Masterful Stab","Sucker Punch"],"picked":"Catalyst","floor":2},{"not_picked":["Underhanded Strike","Slice"],"picked":"Dash","floor":3},{"not_picked":["Slice","Distraction"],"picked":"Crippling Poison","floor":7},{"not_picked":["Outmaneuver","Choke"],"picked":"Deflect","floor":8},{"not_picked":["Backflip","Dagger Spray"],"picked":"Adrenaline","floor":13}],"player_experience":1000476,"relics_obtained":[{"floor":7,"key":"Ancient Tea Set"},{"floor":9,"key":"Regal Pillow"},{"floor":13,"key":"Pantograph"}],"event_choices":[{"damage_healed":16,"gold_gain":0,"player_choice":"Healed and dodged fight","damage_taken":0,"max_hp_gain":0,"max_hp_loss":0,"event_name":"Mushrooms","floor":11,"gold_loss":0,"cards_obtained":["Parasite"]},{"cards_removed":["Parasite"],"damage_healed":0,"gold_gain":0,"player_choice":"Removed Curses","damage_taken":0,"max_hp_gain":0,"max_hp_loss":0,"event_name":"Fountain of Cleansing","floor":12,"gold_loss":0}],"is_beta":true,"boss_relics":[],"items_purged_floors":[5],"is_endless":false,"potions_floor_spawned":[3,7,8],"killed_by":"Slime Boss","ascension_level":20}