{"gold_per_floor":[118,118,193,118,118,118,159,1,1,1,34,53,68,101,101,197,197,221,146,169,190,37,37,37,37,37,37,37,51,66,107,107,198,198,218,233,256,40,61,61,104,53,53,0,31,31,31,71,71,71,71,71,71,18,59,59],"floor_reached":56,"playtime":3056,"items_purged":["Strike_B"],"score":2348,"play_id":"5c07c43e-8f1f-4a8a-af6e-60f9531c7baa","local_time":"20181206225513","is_ascension_mode":true,"campfire_choices":[{"data":"Zap","floor":6.0,"key":"SMITH"},{"data":"Capacitor","floor":10.0,"key":"SMITH"},{"data":"Redo","floor":15.0,"key":"SMITH"},{"data":"Defragment","floor":23.0,"key":"SMITH"},{"data":"Echo Form","floor":25.0,"key":"SMITH"},{"floor":28.0,"key":"REST"},{"floor":32.0,"key":"REST"},{"floor":40.0,"key":"RECALL"},{"data":"Seek","floor":47.0,"key":"SMITH"},{"data":"Defragment","floor":49,"key":"SMITH"},{"data":"Defragment","floor":53,"key":"SMITH"}],"neow_cost":"NONE","seed_source_timestamp":46717468904502,"circlet_count":0,"master_deck":["AscendersBane","Strike_B+1","Strike_B","Defend_B","Defend_B","Defend_B","Defend_B","Zap+1","Dualcast","Glacier+1","Leap","Capacitor+1","Leap","Streamline","Stack","Redo+1","Echo Form+1","FTL","Conserve Battery+1","Defragment+1","Defragment+1","Force Field","Reinforced Body","Seek+1","Turbo+1","Chill+1","Conserve Battery","Defragment+1","Glacier","Leap","Steam+1","Defragment+1","Coolheaded","Glacier","Darkness","Stack"],"special_seed":0,"relics":["Cracked Core","NeowsBlessing","Golden Idol","Mercury Hourglass","Symbiotic Virus","Orichalcum","Blood Vial","Inserter","Vajra","Pocketwatch","Oddly Smooth Stone","Coffee Dripper","Bottled Lightning","Red Mask","Thread and Needle","Pantograph","Pear"],"potions_floor_usage":[56,56],"damage_taken":[{"damage":0.0,"enemies":"Jaw Worm","floor":1.0,"turns":1.0},{"damage":0.0,"enemies":"3 Sentries","floor":7.0,"turns":1.0},{"damage":0.0,"enemies":"Lagavulin","floor":11.0,"turns":1.0},{"damage":0.0,"enemies":"Small Slimes","floor":12.0,"turns":2.0},{"damage":0.0,"enemies":"2 Louse","floor":13.0,"turns":2.0},{"damage":1.0,"enemies":"3 Sentries","floor":14.0,"turns":8.0},{"damage":6.0,"enemies":"The Guardian","floor":16.0,"turns":11.0},{"damage":2.0,"enemies":"Chosen","floor":18.0,"turns":5.0},{"damage":13.0,"enemies":"3 Byrds","floor":20.0,"turns":5.0},{"damage":12.0,"enemies":"Cultist and Chosen","floor":21.0,"turns":7.0},{"damage":0.0,"enemies":"Snecko","floor":29.0,"turns":5.0},{"damage":21.0,"enemies":"Shelled Parasite and Fungi","floor":30.0,"turns":6.0},{"damage":9.0,"enemies":"Gremlin Leader","floor":31.0,"turns":10.0},{"damage":24.0,"enemies":"Automaton","floor":33.0,"turns":11.0},{"damage":1.0,"enemies":"3 Shapes","floor":35.0,"turns":5.0},{"damage":18.0,"enemies":"3 Darklings","floor":36.0,"turns":7.0},{"damage":25.0,"enemies":"Spire Growth","floor":37.0,"turns":8.0},{"damage":1.0,"enemies":"4 Shapes","floor":39.0,"turns":9.0},{"damage":0.0,"enemies":"Nemesis","floor":41.0,"turns":11.0},{"damage":0.0,"enemies":"Giant Head","floor":45.0,"turns":10.0},{"damage":14,"enemies":"Reptomancer","floor":48,"turns":11},{"damage":31,"enemies":"Time Eater","floor":50,"turns":16},{"damage":0,"enemies":"Donu and Deca","floor":51,"turns":27},{"damage":42,"enemies":"Shield and Spear","floor":55,"turns":17},{"damage":55,"enemies":"The Heart","floor":56,"turns":8}],"seed_played":"9058311986497993033","potions_obtained":[{"floor":1.0,"key":"Block Potion"},{"floor":13.0,"key":"Strength Potion"},{"floor":20.0,"key":"Explosive Potion"},{"floor":30.0,"key":"Block Potion"},{"floor":39.0,"key":"Weak Potion"},{"floor":48,"key":"Poison Potion"},{"floor":55,"key":"EssenceOfSteel"}],"is_trial":false,"path_per_floor":["M","?","?","?","?","R","E","$","T","R","E","M","M","E","R","B",null,"M","?","M","M","$","R","?","R","T","$","R","M","M","E","R","B",null,"M","M","M","$","M","R","E","$","T","?","E","?","R","E","R","B","B",null,"R","$","E","B"],"character_chosen":"DEFECT","items_purchased":["Capacitor","Defragment","Force Field","Defragment","Glacier","Leap","Coolheaded","Stack"],"campfire_rested":2,"item_purchase_floors":[8,22,22,38,38,38,42,54],"current_hp_per_floor":[64,64,53,53,34,34,34,34,34,34,34,34,34,33,33,29,55,55,55,44,34,34,34,34,34,34,34,53,55,36,29,48,26,55,56,40,17,17,18,18,20,20,20,20,22,22,22,10,10,6,33,56,56,56,26,0],"gold":59,"neow_bonus":"THREE_ENEMY_KILL","is_prod":false,"is_daily":false,"chose_seed":false,"campfire_upgraded":8,"win_rate":0,"timestamp":1544165713,"path_taken":["M","?","?","?","?","R","E","?","T","R","E","M","M","E","R","BOSS","M","?","M","?","$","R","?","R","T","?","R","M","M","E","R","BOSS","M","M","M","$","M","R","E","$","T","?","E","?","R","E","R","BOSS","BOSS","R","$","E","BOSS"],"build_version":"2018-12-06","purchased_purges":1,"victory":false,"max_hp_per_floor":[71,64,64,64,64,64,64,64,64,64,64,64,64,64,64,64,64,64,64,64,64,64,64,64,64,64,64,64,64,64,64,64,64,64,64,64,64,64,64,64,64,64,64,64,64,64,64,64,64,64,64,64,64,64,74,74],"card_choices":[{"not_picked":["Double Energy","Rebound"],"picked":"Glacier","floor":1.0},{"not_picked":["Chill","Ball Lightning"],"picked":"Leap","floor":7.0},{"not_picked":["Steam","Gash"],"picked":"Leap","floor":11.0},{"not_picked":["Turbo","Heatsinks"],"picked":"Streamline","floor":12.0},{"not_picked":["Hologram","Ball Lightning"],"picked":"Stack","floor":13.0},{"not_picked":["Barrage","Biased Cognition"],"picked":"Redo","floor":14.0},{"not_picked":["Rainbow","Fission"],"picked":"Echo Form","floor":16.0},{"not_picked":["Aggregate+1","Genetic Algorithm"],"picked":"FTL","floor":18.0},{"not_picked":["Cold Snap+1","Auto Shields"],"picked":"Conserve Battery+1","floor":20.0},{"not_picked":["Rebound","Storm"],"picked":"Defragment+1","floor":21.0},{"not_picked":["Rebound","Genetic Algorithm"],"picked":"Reinforced Body","floor":30.0},{"not_picked":["Meteor Strike","Machine Learning"],"picked":"Seek","floor":33.0},{"not_picked":["Recycle","Gash+1"],"picked":"Turbo+1","floor":35.0},{"not_picked":["Ball Lightning","Tempest+1"],"picked":"Chill+1","floor":36.0},{"not_picked":["Melter","Gash"],"picked":"Conserve Battery","floor":37.0},{"not_picked":["Storm","Streamline"],"picked":"Steam+1","floor":39.0},{"not_picked":["Rip and Tear+1","Blizzard"],"picked":"Defragment","floor":41.0},{"not_picked":["Turbo","Chaos"],"picked":"Glacier","floor":45.0},{"not_picked":["Turbo","Auto Shields"],"picked":"Darkness","floor":48},{"not_picked":["Skim","Doom and Gloom","Compile Driver"],"picked":"SKIP","floor":55}],"player_experience":974950,"relics_obtained":[{"floor":7.0,"key":"Mercury Hourglass"},{"floor":9.0,"key":"Symbiotic Virus"},{"floor":11.0,"key":"Orichalcum"},{"floor":14.0,"key":"Blood Vial"},{"floor":26.0,"key":"Pocketwatch"},{"floor":31.0,"key":"Oddly Smooth Stone"},{"floor":41.0,"key":"Bottled Lightning"},{"floor":45.0,"key":"Thread and Needle"},{"floor":48,"key":"Pantograph"},{"floor":55,"key":"Pear"}],"event_choices":[{"damage_healed":0.0,"max_hp_gain":0.0,"max_hp_loss":7.0,"gold_gain":0.0,"event_name":"Golden Idol","player_choice":"Lose Max HP","floor":2.0,"gold_loss":0.0,"damage_taken":0.0,"relics_obtained":["Golden Idol"]},{"damage_healed":0.0,"max_hp_gain":0.0,"max_hp_loss":0.0,"gold_gain":75.0,"event_name":"World of Goop","player_choice":"Gather Gold","floor":3.0,"gold_loss":0.0,"damage_taken":11.0},{"cards_removed":["Strike_B"],"damage_healed":0.0,"max_hp_gain":0.0,"max_hp_loss":0.0,"gold_gain":0.0,"event_name":"The Cleric","player_choice":"Card Removal","floor":4.0,"gold_loss":75.0,"damage_taken":0.0},{"damage_healed":0.0,"max_hp_gain":0.0,"max_hp_loss":0.0,"gold_gain":0.0,"event_name":"Shining Light","player_choice":"Entered Light","floor":5.0,"gold_loss":0.0,"damage_taken":19.0,"cards_upgraded":["Glacier","Strike_B"]},{"damage_healed":0.0,"max_hp_gain":0.0,"max_hp_loss":0.0,"gold_gain":0.0,"event_name":"WeMeetAgain","player_choice":"Paid Gold","floor":19.0,"gold_loss":75.0,"damage_taken":0.0,"relics_obtained":["Vajra"]},{"damage_healed":0.0,"max_hp_gain":0.0,"max_hp_loss":0.0,"gold_gain":0.0,"event_name":"N\u0027loth","player_choice":"Ignored","floor":24.0,"gold_loss":0.0,"damage_taken":0.0},{"damage_healed":0.0,"max_hp_gain":0.0,"max_hp_loss":0.0,"gold_gain":0.0,"event_name":"Tomb of Lord Red Mask","player_choice":"Paid","floor":44.0,"gold_loss":53.0,"damage_taken":0.0,"relics_obtained":["Red Mask"]},{"damage_healed":0.0,"max_hp_gain":0.0,"max_hp_loss":0.0,"gold_gain":0.0,"event_name":"Mysterious Sphere","player_choice":"Ignored","floor":46.0,"gold_loss":0.0,"damage_taken":0.0}],"is_beta":true,"boss_relics":[{"not_picked":["FrozenCore","Tiny House"],"picked":"Inserter"},{"not_picked":["Eternal Feather","Black Star"],"picked":"Coffee Dripper"}],"items_purged_floors":[8],"is_endless":false,"potions_floor_spawned":[1,13,14,20,30,39,48,55],"killed_by":"The Heart","ascension_level":20}