{"gold_per_floor":[118,128,53,53,53,53,64,64,87,87,100,50,81,81,81,157,157,175,175,187,87,87,87,112,112,112,112],"floor_reached":27,"playtime":487,"items_purged":["Defend_B","Dualcast"],"score":504,"play_id":"9df9d057-4bd0-4b8e-85f1-cc09b66d41f6","local_time":"20190223104824","is_ascension_mode":true,"campfire_choices":[{"data":"Beam Cell","floor":6,"key":"SMITH"},{"data":"Ball Lightning","floor":8,"key":"SMITH"},{"data":"Strike_B","floor":10,"key":"SMITH"},{"data":"Compile Driver","floor":15,"key":"SMITH"},{"data":"Cold Snap","floor":23,"key":"SMITH"},{"data":"Cold Snap","floor":25,"key":"SMITH"}],"neow_cost":"NONE","seed_source_timestamp":910450930552,"circlet_count":0,"master_deck":["AscendersBane","Strike_B+1","Strike_B","Strike_B","Strike_B","Beam Cell+1","Ball Lightning+1","Compile Driver+1","Cold Snap+1","Thunder Strike","Rebound","Cold Snap+1","Sunder+1"],"relics":["Coffee Dripper","DataDisk","Happy Flower","Omamori","Empty Cage","Oddly Smooth Stone","Singing Bowl"],"potions_floor_usage":[16,24,24],"damage_taken":[{"damage":0,"enemies":"Cultist","floor":1,"turns":3},{"damage":0,"enemies":"Small Slimes","floor":2,"turns":4},{"damage":7,"enemies":"Jaw Worm","floor":7,"turns":3},{"damage":8,"enemies":"3 Louse","floor":11,"turns":3},{"damage":5,"enemies":"Gremlin Nob","floor":13,"turns":3},{"damage":23,"enemies":"The Guardian","floor":16,"turns":7},{"damage":19,"enemies":"2 Thieves","floor":18,"turns":3},{"damage":8,"enemies":"Spheric Guardian","floor":20,"turns":3},{"damage":0,"enemies":"Gremlin Leader","floor":24,"turns":4},{"damage":35,"enemies":"Slavers","floor":27,"turns":2}],"seed_played":"153395869187797627","potions_obtained":[{"floor":1,"key":"Energy Potion"},{"floor":13,"key":"FocusPotion"},{"floor":20,"key":"PowerPotion"}],"is_trial":false,"path_per_floor":["M","M","$","T","?","R","M","R","T","R","M","$","E","?","R","B",null,"M","?","M","$","?","R","E","R","T","E"],"character_chosen":"DEFECT","items_purchased":["Cold Snap"],"campfire_rested":0,"item_purchase_floors":[12],"current_hp_per_floor":[64,64,64,64,64,64,57,57,57,57,49,49,44,44,44,21,59,40,40,32,32,32,32,32,32,32,0],"gold":112,"neow_bonus":"BOSS_RELIC","is_prod":false,"is_daily":false,"chose_seed":false,"campfire_upgraded":6,"win_rate":0,"timestamp":1550947704,"path_taken":["M","M","$","?","?","R","M","R","T","R","M","$","E","?","R","BOSS","M","?","M","$","?","R","E","R","T","E"],"build_version":"2019-02-06","purchased_purges":2,"victory":false,"max_hp_per_floor":[71,71,71,71,71,71,71,71,71,71,71,71,71,71,71,71,71,71,71,71,71,71,71,71,71,71,71],"card_choices":[{"not_picked":["Reinforced Body","Darkness"],"picked":"Beam Cell","floor":1},{"not_picked":["Gash","Hologram"],"picked":"Ball Lightning","floor":2},{"not_picked":["Beam Cell","Recycle"],"picked":"Compile Driver","floor":11},{"not_picked":["Fission","Amplify"],"picked":"Thunder Strike","floor":16},{"not_picked":["Conserve Battery","Genetic Algorithm"],"picked":"Rebound","floor":18},{"not_picked":["Reprogram","Doom and Gloom"],"picked":"Sunder+1","floor":24}],"player_experience":1202982,"relics_obtained":[{"floor":4,"key":"DataDisk"},{"floor":9,"key":"Happy Flower"},{"floor":13,"key":"Omamori"},{"floor":24,"key":"Oddly Smooth Stone"},{"floor":26,"key":"Singing Bowl"}],"event_choices":[{"damage_healed":0,"gold_gain":0,"player_choice":"Ignored","damage_taken":0,"max_hp_gain":0,"max_hp_loss":0,"event_name":"Liars Game","floor":5,"gold_loss":0},{"cards_removed":["Defend_B"],"damage_healed":0,"gold_gain":0,"player_choice":"Forget","damage_taken":0,"max_hp_gain":0,"max_hp_loss":0,"event_name":"Living Wall","floor":14,"gold_loss":0},{"cards_removed":["Zap"],"damage_healed":0,"gold_gain":0,"player_choice":"Elegance","damage_taken":0,"max_hp_gain":0,"max_hp_loss":0,"event_name":"Back to Basics","floor":19,"gold_loss":0},{"damage_healed":0,"gold_gain":0,"player_choice":"Copied","damage_taken":0,"max_hp_gain":0,"max_hp_loss":0,"event_name":"Duplicator","floor":22,"gold_loss":0,"cards_obtained":["Cold Snap"]}],"is_beta":true,"boss_relics":[{"not_picked":["Sozu","Nuclear Battery"],"picked":"Empty Cage"}],"items_purged_floors":[3,21],"is_endless":false,"potions_floor_spawned":[1,13,20],"killed_by":"Slavers","ascension_level":20}