{"gold_per_floor":[219,20,30,30,30,30,43,71,71,71,82,82,257,272,272,370,370,390,390,410,310,325,325],"floor_reached":23,"playtime":1221,"items_purged":["Strike_G","Strike_G"],"score":191,"play_id":"9ee9c9bd-5abe-45d1-86fa-2844ff14c842","local_time":"20190610210920","is_ascension_mode":false,"campfire_choices":[{"data":"Neutralize","floor":6,"key":"SMITH"},{"floor":10,"key":"RECALL"},{"data":"Leg Sweep","floor":12,"key":"SMITH"},{"data":"Dagger Spray","floor":15,"key":"SMITH"}],"neow_cost":"NONE","seed_source_timestamp":1941357852612266,"circlet_count":0,"master_deck":["Defend_G","Defend_G","Defend_G","Defend_G","Defend_G","Strike_G","Strike_G","Strike_G","Survivor","Neutralize+1","Dagger Spray+1","Poisoned Stab","Noxious Fumes","Footwork+1","Leg Sweep+1","Doubt","Bullet Time","Backstab","Poisoned Stab"],"relics":["Ring of the Snake","Blue Candle","Eternal Feather"],"potions_floor_usage":[8,8],"damage_taken":[{"damage":0,"enemies":"Cultist","floor":1,"turns":3},{"damage":3,"enemies":"Jaw Worm","floor":3,"turns":3},{"damage":0,"enemies":"2 Louse","floor":7,"turns":2},{"damage":10,"enemies":"Lagavulin","floor":8,"turns":8},{"damage":2,"enemies":"Looter","floor":11,"turns":4},{"damage":2,"enemies":"Blue Slaver","floor":14,"turns":4},{"damage":21,"enemies":"The Guardian","floor":16,"turns":12},{"damage":6,"enemies":"Shell Parasite","floor":18,"turns":9},{"damage":17,"enemies":"2 Thieves","floor":20,"turns":5},{"damage":26,"enemies":"Sentry and Sphere","floor":22,"turns":7},{"damage":8,"enemies":"Gremlin Leader","floor":23,"turns":2}],"seed_played":"-1780885346285933008","potions_obtained":[{"floor":3,"key":"Poison Potion"},{"floor":7,"key":"Weak Potion"},{"floor":20,"key":"SpeedPotion"},{"floor":22,"key":"LiquidBronze"}],"is_trial":false,"path_per_floor":["M","$","M","$","?","R","M","E","T","R","M","R","?","M","R","B",null,"M","?","M","$","M","E"],"character_chosen":"THE_SILENT","items_purchased":["Poisoned Stab","Noxious Fumes"],"campfire_rested":0,"item_purchase_floors":[2,2],"current_hp_per_floor":[70,70,67,67,67,67,67,57,57,57,55,55,55,53,53,32,70,64,51,34,34,8,0],"gold":325,"neow_bonus":"HUNDRED_GOLD","is_prod":false,"is_daily":false,"chose_seed":false,"campfire_upgraded":3,"win_rate":0,"timestamp":1560218960,"path_taken":["M","?","M","$","?","R","M","E","T","R","?","R","?","M","R","BOSS","M","?","M","$","M","E"],"build_version":"2019-01-23","purchased_purges":2,"victory":false,"max_hp_per_floor":[70,70,70,70,70,70,70,70,70,70,70,70,70,70,70,70,70,70,75,75,75,75,75],"card_choices":[{"not_picked":["Outmaneuver","Concentrate"],"picked":"Dagger Spray","floor":1},{"not_picked":["Predator","Cloak And Dagger"],"picked":"Footwork","floor":3},{"not_picked":["Heel Hook","All Out Attack","Concentrate"],"picked":"SKIP","floor":7},{"not_picked":["Infinite Blades","Acrobatics","Endless Agony"],"picked":"SKIP","floor":8},{"not_picked":["Escape Plan","A Thousand Cuts"],"picked":"Leg Sweep","floor":11},{"not_picked":["Prepared","Setup","Crippling Poison"],"picked":"SKIP","floor":14},{"not_picked":["A Thousand Cuts","Doppelganger"],"picked":"Bullet Time","floor":16},{"not_picked":["Cloak And Dagger","Tactician"],"picked":"Backstab","floor":18},{"not_picked":["Sucker Punch","Infinite Blades+1","Masterful Stab+1"],"picked":"SKIP","floor":20},{"not_picked":["Deadly Poison+1","Blade Dance"],"picked":"Poisoned Stab","floor":22}],"player_experience":756521,"relics_obtained":[{"floor":8,"key":"Blue Candle"}],"event_choices":[{"damage_healed":0,"gold_gain":0,"player_choice":"Upgraded","damage_taken":0,"max_hp_gain":0,"max_hp_loss":0,"event_name":"Upgrade Shrine","floor":5,"gold_loss":0,"cards_upgraded":["Footwork"]},{"damage_healed":0,"gold_gain":175,"player_choice":"AGREE","damage_taken":0,"max_hp_gain":0,"max_hp_loss":0,"event_name":"Liars Game","floor":13,"gold_loss":0,"cards_obtained":["Doubt"]},{"damage_healed":0,"gold_gain":0,"player_choice":"Shed Blood","damage_taken":18,"max_hp_gain":5,"max_hp_loss":0,"event_name":"Forgotten Altar","floor":19,"gold_loss":0}],"is_beta":false,"boss_relics":[{"not_picked":["Lizard Tail","Busted Crown"],"picked":"Eternal Feather"}],"items_purged_floors":[2,21],"is_endless":false,"potions_floor_spawned":[3,7,20,22],"killed_by":"Gremlin Leader","ascension_level":0}