{"gold_per_floor":[114,114,114,128,78,112,14,14,37,47,47,0,33,45,57,170,182,213,70,70,90,101,101,135,135,135,135,135,35,35,35,35,139,139,157,170,17,17,37,37,137,137,209,2,16,16,16,16,16,16],"floor_reached":51,"playtime":4037,"items_purged":["Strike_G","Strike_G"],"score":640,"play_id":"21c3d525-ca03-4551-b912-c405d446f0e4","local_time":"20190528161147","is_ascension_mode":false,"campfire_choices":[{"floor":8,"key":"REST"},{"floor":11,"key":"REST"},{"data":"Flechettes","floor":15,"key":"SMITH"},{"data":"Footwork","floor":23,"key":"SMITH"},{"data":"Leg Sweep","floor":25,"key":"SMITH"},{"floor":30,"key":"REST"},{"data":"Neutralize","floor":32,"key":"SMITH"},{"data":"After Image","floor":40,"key":"SMITH"},{"data":"Crippling Poison","floor":42,"key":"SMITH"},{"data":"PiercingWail","floor":47,"key":"SMITH"},{"data":"Sadistic Nature","floor":49,"key":"SMITH"}],"neow_cost":"NONE","seed_source_timestamp":1102650334921541,"circlet_count":0,"master_deck":["Defend_G+1","Defend_G","Defend_G","Defend_G+1","Defend_G","Strike_G","Strike_G","Survivor+1","Neutralize+1","Tools of the Trade+1","Cloak And Dagger","Flechettes+1","Cloak And Dagger","Deadly Poison","Bane+1","PiercingWail+1","Footwork+1","Crippling Poison+1","Sucker Punch+1","Choke+1","Leg Sweep+1","RitualDagger+1","After Image+1","Bane+1","Prepared+1","Writhe","Footwork+1","Bane+1","Sadistic Nature+1"],"relics":["Ring of the Snake","War Paint","Molten Egg 2","Pen Nib","MawBank","Sozu","Paper Crane","Torii","Orichalcum","Runic Pyramid","Regal Pillow","Gremlin Horn","DollysMirror"],"potions_floor_usage":[22,35],"damage_taken":[{"damage":0,"enemies":"Small Slimes","floor":1,"turns":6},{"damage":0,"enemies":"2 Louse","floor":4,"turns":3},{"damage":35,"enemies":"Gremlin Nob","floor":6,"turns":6},{"damage":3,"enemies":"Jaw Worm","floor":10,"turns":4},{"damage":22,"enemies":"3 Sentries","floor":13,"turns":10},{"damage":13,"enemies":"Hexaghost","floor":16,"turns":11},{"damage":0,"enemies":"2 Thieves","floor":18,"turns":4},{"damage":3,"enemies":"3 Byrds","floor":21,"turns":8},{"damage":1,"enemies":"Centurion and Healer","floor":22,"turns":8},{"damage":24,"enemies":"Slavers","floor":24,"turns":6},{"damage":32,"enemies":"Champ","floor":33,"turns":17},{"damage":10,"enemies":"3 Darklings","floor":35,"turns":9},{"damage":1,"enemies":"Orb Walker","floor":36,"turns":4},{"damage":0,"enemies":"Transient","floor":39,"turns":5},{"damage":5,"enemies":"4 Shapes","floor":45,"turns":5},{"damage":16,"enemies":"Time Eater","floor":50,"turns":15}],"seed_played":"-72027873163584553","potions_obtained":[{"floor":6,"key":"FearPotion"},{"floor":16,"key":"Energy Potion"}],"is_trial":false,"path_per_floor":["M","?","?","M","?","E","$","R","T","M","R","$","E","$","R","B",null,"M","$","?","M","M","R","E","R","T","?","?","$","R","?","R","B",null,"M","M","$","?","M","R","?","R","T","$","M","$","R","?","R","B",null],"character_chosen":"THE_SILENT","items_purchased":["Cloak And Dagger","Explosive Potion","Bane+1","Footwork","Regal Pillow","DollysMirror"],"campfire_rested":3,"item_purchase_floors":[7,7,12,19,37,44],"current_hp_per_floor":[70,67,53,53,53,18,18,39,39,36,57,57,35,35,35,22,70,70,70,70,67,66,66,42,42,42,36,36,36,57,70,70,38,70,60,59,59,70,70,70,70,70,70,70,65,65,65,65,65,49],"gold":16,"neow_bonus":"ONE_RANDOM_RARE_CARD","is_prod":false,"is_daily":false,"chose_seed":false,"campfire_upgraded":8,"win_rate":0.0,"timestamp":1559074307,"path_taken":["M","?","?","M","?","E","$","R","T","M","R","$","E","?","R","BOSS","M","$","?","M","?","R","E","R","T","?","?","?","R","?","R","BOSS","M","M","$","?","M","R","?","R","T","$","?","?","R","?","R","BOSS"],"build_version":"2019-01-23","purchased_purges":2,"victory":true,"max_hp_per_floor":[70,70,70,70,70,70,70,70,70,70,70,70,70,70,70,70,70,70,70,70,70,70,70,70,70,70,70,70,70,70,70,70,70,70,70,70,70,70,70,70,70,70,70,70,70,70,70,70,70,70],"card_choices":[{"not_picked":["Infinite Blades","Catalyst"],"picked":"Cloak And Dagger","floor":1},{"not_picked":["Riddle With Holes","Quick Slash"],"picked":"Flechettes","floor":4},{"not_picked":["Bane","Storm of Steel"],"picked":"Bullet Time","floor":6},{"not_picked":["Prepared","Slice+1"],"picked":"Deadly Poison","floor":10},{"not_picked":["Outmaneuver","Flying Knee+1","Blade Dance"],"picked":"SKIP","floor":13},{"not_picked":["Blur","Catalyst+1"],"picked":"PiercingWail","floor":18},{"not_picked":["Bouncing Flask","Backflip"],"picked":"Sucker Punch+1","floor":21},{"not_picked":["Deflect+1","Caltrops"],"picked":"Choke+1","floor":22},{"not_picked":["Deadly Poison","Distraction"],"picked":"Leg Sweep","floor":24},{"not_picked":["Die Die Die+1","Wraith Form v2"],"picked":"After Image","floor":33},{"not_picked":["Poisoned Stab+1","Backflip"],"picked":"Bane+1","floor":35},{"not_picked":["Tools of the Trade","Riddle With Holes+1"],"picked":"Prepared+1","floor":36},{"not_picked":["Dagger Throw+1","Outmaneuver","Deadly Poison"],"picked":"SKIP","floor":39},{"not_picked":["Catalyst+1","Underhanded Strike+1"],"picked":"Bane+1","floor":45},{"not_picked":["Flash of Steel+1","Jack Of All Trades"],"picked":"Sadistic Nature","floor":48}],"player_experience":33053,"relics_obtained":[{"floor":6,"key":"Molten Egg 2"},{"floor":9,"key":"Pen Nib"},{"floor":13,"key":"MawBank"},{"floor":24,"key":"Paper Crane"},{"floor":26,"key":"Torii"},{"floor":43,"key":"Gremlin Horn"}],"event_choices":[{"damage_healed":0,"gold_gain":0,"player_choice":"Success","damage_taken":3,"relics_obtained":["War Paint"],"max_hp_gain":0,"max_hp_loss":0,"event_name":"Scrap Ooze","floor":2,"gold_loss":0},{"damage_healed":0,"gold_gain":0,"player_choice":"Entered Light","damage_taken":14,"max_hp_gain":0,"max_hp_loss":0,"event_name":"Shining Light","floor":3,"gold_loss":0,"cards_upgraded":["Tools of the Trade","Defend_G"]},{"cards_removed":["Strike_G"],"damage_healed":0,"gold_gain":0,"player_choice":"Card Removal","damage_taken":0,"max_hp_gain":0,"max_hp_loss":0,"event_name":"The Cleric","floor":5,"gold_loss":50},{"cards_removed":["Bullet Time"],"damage_healed":0,"gold_gain":0,"player_choice":"Took Card","damage_taken":0,"max_hp_gain":0,"max_hp_loss":0,"event_name":"NoteForYourself","floor":20,"gold_loss":0,"cards_obtained":["Crippling Poison"]},{"damage_healed":0,"gold_gain":0,"player_choice":"Joined the Cult","damage_taken":6,"max_hp_gain":0,"max_hp_loss":0,"event_name":"Nest","floor":27,"gold_loss":0,"cards_obtained":["RitualDagger"]},{"damage_healed":0,"gold_gain":0,"player_choice":"Opened","damage_taken":0,"relics_obtained":["Orichalcum"],"max_hp_gain":0,"max_hp_loss":0,"event_name":"The Mausoleum","floor":28,"gold_loss":0},{"damage_healed":23,"gold_gain":0,"player_choice":"Heal","damage_taken":0,"max_hp_gain":0,"max_hp_loss":0,"event_name":"The Library","floor":31,"gold_loss":0},{"damage_healed":18,"gold_gain":0,"player_choice":"Writhe","damage_taken":0,"max_hp_gain":0,"max_hp_loss":0,"event_name":"Winding Halls","floor":38,"gold_loss":0,"cards_obtained":["Writhe"]},{"damage_healed":0,"gold_gain":100,"player_choice":"Pray","damage_taken":0,"max_hp_gain":0,"max_hp_loss":0,"event_name":"Golden Shrine","floor":41,"gold_loss":0},{"damage_healed":0,"gold_gain":0,"player_choice":"Memory 1","damage_taken":0,"max_hp_gain":0,"max_hp_loss":0,"event_name":"SensoryStone","floor":48,"gold_loss":0}],"is_beta":false,"boss_relics":[{"not_picked":["Lizard Tail","Calling Bell"],"picked":"Sozu"},{"not_picked":["Snecko Eye","Ring of the Serpent"],"picked":"Runic Pyramid"}],"items_purged_floors":[19,29],"is_endless":false,"potions_floor_spawned":[6,16,21,35,39],"ascension_level":0}