{"path_per_floor":["M","?","M","?","?","E","$","R","T","E","R","?","R","M","R","B",null,"M","?","M","$","M","R","?","R","T","E","M","?","R","M","R","B",null,"M","M","?","$","M","R","M","R","T","M","M","E","R","M","R","B"],"character_chosen":"THE_SILENT","items_purchased":["Acrobatics","Sucker Punch","Slice","Noxious Fumes","Bird Faced Urn"],"gold_per_floor":[118,88,99,174,174,209,89,89,89,124,124,124,124,149,149,274,274,289,289,283,35,54,54,54,54,54,87,110,110,110,129,129,253,253,278,301,301,9,29,29,54,54,54,79,100,131,131,146,146,146],"floor_reached":51,"campfire_rested":2,"playtime":9605,"current_hp_per_floor":[70,70,70,59,52,52,52,52,52,53,53,53,53,53,53,44,69,68,68,54,54,53,53,53,53,53,28,28,51,51,13,33,31,69,62,50,50,50,46,67,71,71,71,73,59,80,80,78,78,65],"items_purged":["Strike_G","Strike_G"],"gold":146,"score":807,"play_id":"17f65990-5775-4ead-bcf1-5f2325fe118e","local_time":"20180515010945","is_prod":false,"is_daily":false,"chose_seed":false,"is_ascension_mode":true,"campfire_upgraded":10,"timestamp":1526339385,"path_taken":["M","?","?","?","?","E","$","R","T","E","R","?","R","M","R","BOSS","M","?","M","$","M","R","?","R","T","E","?","?","R","M","R","BOSS","M","M","?","$","M","R","M","R","T","?","M","E","R","M","R","BOSS"],"build_version":"2018-05-10","seed_source_timestamp":476713802760704,"purchased_purges":4,"victory":true,"master_deck":["Defend_G","Defend_G","Defend_G","Defend_G","Defend_G","Strike_G","Strike_G","Survivor","Neutralize+1","Escape Plan","Well Laid Plans+1","Outmaneuver+1","Acrobatics+1","Skewer+1","Dagger Spray","Tools of the Trade+1","Dodge and Roll+1","Underhanded Strike","Sucker Punch+1","Slice","Noxious Fumes+1","Acrobatics+1","Writhe","Backflip+1","Dagger Spray+1","Adrenaline+1","Die Die Die","Footwork+1","Deflect+1","Underhanded Strike+1","PiercingWail+1","After Image+1","Finisher+1"],"max_hp_per_floor":[70,70,70,70,70,70,70,70,70,75,75,69,69,69,69,69,69,69,69,69,69,69,69,69,69,69,69,69,69,69,69,69,69,69,69,69,69,69,71,71,71,71,71,73,73,87,87,87,87,87],"relics":["Ring of the Snake","NeowsBlessing","Torii","Matryoshka","Paper Crane","Golden Idol","Lantern","Toxic Egg 2","Gremlin Horn","Singing Bowl","Sozu","Bird Faced Urn","Omamori","Pen Nib","Mango"],"card_choices":[{"not_picked":["Sucker Punch","Deflect"],"picked":"Escape Plan","floor":1},{"not_picked":["Bane","Underhanded Strike"],"picked":"Well Laid Plans","floor":3},{"not_picked":["Quick Slash","Poisoned Stab"],"picked":"Outmaneuver","floor":6},{"not_picked":["Backflip","Acrobatics"],"picked":"Skewer","floor":10},{"not_picked":["PiercingWail","Venomology"],"picked":"Dagger Spray","floor":14},{"not_picked":["Unload","Wraith Form v2"],"picked":"Tools of the Trade","floor":16},{"not_picked":["Setup","Catalyst"],"picked":"Dodge and Roll","floor":18},{"not_picked":["Quick Slash","Cloak And Dagger"],"picked":"Underhanded Strike","floor":20},{"not_picked":["Reflex","Slice"],"picked":"Acrobatics","floor":22},{"not_picked":["Crippling Poison","Riddle With Holes"],"picked":"Backflip","floor":27},{"not_picked":["Grand Finale","Slice"],"picked":"Dagger Spray","floor":28},{"not_picked":["Prepared","Deflect"],"picked":"Adrenaline","floor":31},{"not_picked":["Wraith Form v2","Tools of the Trade"],"picked":"Die Die Die","floor":33},{"not_picked":["Heel Hook","Flechettes"],"picked":"Footwork","floor":35},{"not_picked":["Quick Slash","Dagger Throw"],"picked":"Deflect","floor":36},{"not_picked":["Crippling Poison","Slice"],"picked":"Underhanded Strike","floor":41},{"not_picked":["Slice","Outmaneuver"],"picked":"PiercingWail","floor":45},{"not_picked":["Choke","Dodge and Roll"],"picked":"After Image","floor":46},{"not_picked":["Bane","Quick Slash"],"picked":"Finisher","floor":48}],"player_experience":186162,"potions_floor_usage":[10,10,16,16,22,31],"damage_taken":[{"damage":0,"enemies":"Jaw Worm","floor":1,"turns":1},{"damage":0,"enemies":"Cultist","floor":3,"turns":1},{"damage":0,"enemies":"Gremlin Nob","floor":6,"turns":1},{"damage":4,"enemies":"3 Sentries","floor":10,"turns":15},{"damage":0,"enemies":"2 Louse","floor":14,"turns":2},{"damage":9,"enemies":"The Guardian","floor":16,"turns":12},{"damage":1,"enemies":"Chosen","floor":18,"turns":6},{"damage":14,"enemies":"2 Thieves","floor":20,"turns":4},{"damage":1,"enemies":"Snake Plant","floor":22,"turns":7},{"damage":25,"enemies":"Book of Stabbing","floor":27,"turns":12},{"damage":0,"enemies":"Snecko","floor":28,"turns":5},{"damage":38,"enemies":"Cultist and Chosen","floor":31,"turns":7},{"damage":2,"enemies":"Automaton","floor":33,"turns":12},{"damage":7,"enemies":"3 Darklings","floor":35,"turns":4},{"damage":12,"enemies":"3 Shapes","floor":36,"turns":3},{"damage":14,"enemies":"3 Darklings","floor":39,"turns":5},{"damage":0,"enemies":"Maw","floor":41,"turns":9},{"damage":0,"enemies":"Sphere and 2 Shapes","floor":44,"turns":3},{"damage":18,"enemies":"4 Shapes","floor":45,"turns":4},{"damage":1,"enemies":"Nemesis","floor":46,"turns":9},{"damage":12,"enemies":"Maw","floor":48,"turns":9},{"damage":22,"enemies":"Time Eater","floor":50,"turns":16}],"event_choices":[{"event_name":"The Woman in Blue","player_choice":"Bought 2 Potions","floor":2,"damage_taken":0},{"event_name":"World of Goop","player_choice":"Gather Gold","floor":4,"damage_taken":0},{"event_name":"Golden Wing","player_choice":"Card Removal","floor":5,"damage_taken":0},{"event_name":"Golden Idol","player_choice":"Lose Max HP","floor":12,"damage_taken":0},{"event_name":"Cursed Tome","player_choice":"Ignored","floor":19,"damage_taken":0},{"event_name":"The Mausoleum","player_choice":"Yes","floor":24,"damage_taken":0},{"event_name":"The Library","player_choice":"Heal","floor":29,"damage_taken":0},{"event_name":"Mysterious Sphere","player_choice":"Ignore","floor":37,"damage_taken":0}],"boss_relics":[{"not_picked":["Calling Bell","Snecko Eye","Runic Pyramid"]},{"not_picked":["Lizard Tail","Velvet Choker"],"picked":"Sozu"}],"potions_floor_spawned":[1,3,14,20,28,36,46,48],"seed_played":"-4222724336483872242","ascension_level":3,"is_trial":false}