{"gold_per_floor":[112,13,23,23,40,65,65,99,99,113,113,146,146,167,167,266,266,285,50,50,50,15,53,53,87,87,112,126,126,164,185,185,185],"floor_reached":33,"playtime":1168,"items_purged":[],"score":565,"play_id":"a51f544c-bcbb-4022-952d-bebf9162d328","local_time":"20180709090858","is_ascension_mode":true,"campfire_choices":[{"data":"True Grit","floor":7,"key":"SMITH"},{"floor":13,"key":"DIG"},{"floor":15,"key":"DIG"},{"data":"Uppercut","floor":24,"key":"SMITH"},{"data":"Metallicize","floor":29,"key":"SMITH"},{"floor":32,"key":"DIG"}],"neow_cost":"","seed_source_timestamp":0,"circlet_count":0,"master_deck":["Strike_R+1","Strike_R+1","Strike_R+1","Strike_R+1","Strike_R+1","Defend_R+1","Defend_R+1","Defend_R+1","Bash","AscendersBane","True Grit+1","Cleave","Clothesline","Infernal Blade","Intimidate","Shrug It Off","Metallicize+1","Uppercut+1","Pommel Strike","Clothesline"],"special_seed":0,"relics":["Busted Crown","Thread and Needle","Bottled Lightning","Pantograph","Golden Idol","Shovel","Boot","Peace Pipe","Snecko Eye","Orichalcum","Enchiridion","Pear","Blood Vial","Dead Branch","Smiling Mask","Ice Cream"],"potions_floor_usage":[6,16,23,33,33],"damage_taken":[{"damage":0.0,"enemies":"Small Slimes","floor":1.0,"turns":3.0},{"damage":2,"enemies":"Jaw Worm","floor":3,"turns":3},{"damage":0,"enemies":"Cultist","floor":5,"turns":3},{"damage":13,"enemies":"3 Sentries","floor":6,"turns":5},{"damage":3,"enemies":"Lagavulin","floor":8,"turns":7},{"damage":0,"enemies":"Looter","floor":10,"turns":2},{"damage":4,"enemies":"3 Sentries","floor":12,"turns":6},{"damage":2,"enemies":"Exordium Wildlife","floor":14,"turns":3},{"damage":11,"enemies":"Slime Boss","floor":16,"turns":8},{"damage":0,"enemies":"Spheric Guardian","floor":18,"turns":3},{"damage":16,"enemies":"Gremlin Leader","floor":23,"turns":7},{"damage":6,"enemies":"Book of Stabbing","floor":25,"turns":4},{"damage":0,"enemies":"Chosen","floor":27,"turns":3},{"damage":10,"enemies":"Snake Plant","floor":28,"turns":4},{"damage":6,"enemies":"Gremlin Leader","floor":30,"turns":4},{"damage":0,"enemies":"3 Cultists","floor":31,"turns":2},{"damage":58,"enemies":"Collector","floor":33,"turns":11}],"seed_played":"-1102559122142116110","potions_obtained":[{"floor":1.0,"key":"Fire Potion"},{"floor":12,"key":"SkillPotion"},{"floor":16,"key":"BloodPotion"},{"floor":18,"key":"Strength Potion"},{"floor":30,"key":"Poison Potion"}],"is_trial":false,"path_per_floor":["M","$","M","?","M","E","R","E","T","M","?","E","R","M","R","B",null,"M","$","?","?","$","E","R","E","T","M","M","R","E","M","R"],"character_chosen":"IRONCLAD","items_purchased":["True Grit","Cleave","Metallicize","Orichalcum","Uppercut"],"campfire_rested":0,"item_purchase_floors":[2,2,19,19,22],"current_hp_per_floor":[68,68,66,59,59,46,46,43,43,43,43,39,39,37,37,51,64,64,64,64,43,43,43,43,37,37,39,31,31,27,29,29,0],"gold":185,"neow_bonus":"","is_prod":false,"is_daily":false,"chose_seed":false,"campfire_upgraded":3,"win_rate":0,"timestamp":1531152538,"path_taken":["M","$","M","?","?","E","R","E","T","M","?","E","R","?","R","BOSS","M","$","?","?","?","E","R","E","T","?","M","R","E","M","R","BOSS"],"build_version":"2018-07-05","purchased_purges":0,"victory":false,"max_hp_per_floor":[75,75,75,75,75,75,75,75,75,75,68,68,68,68,68,68,68,68,68,68,68,68,78,78,78,78,78,78,78,78,78,78,78],"card_choices":[{"not_picked":[],"picked":"Clothesline","floor":5},{"not_picked":[],"picked":"Infernal Blade","floor":6},{"not_picked":["Reckless Charge"],"picked":"SKIP","floor":8},{"not_picked":["Wild Strike"],"picked":"SKIP","floor":12},{"not_picked":[],"picked":"Intimidate","floor":14},{"not_picked":[],"picked":"Shrug It Off","floor":18},{"not_picked":[],"picked":"Pommel Strike","floor":23},{"not_picked":[],"picked":"Clothesline","floor":27}],"player_experience":534997,"relics_obtained":[{"floor":6,"key":"Thread and Needle"},{"floor":8,"key":"Bottled Lightning"},{"floor":9,"key":"Pantograph"},{"floor":12,"key":"Shovel"},{"floor":13,"key":"Boot"},{"floor":15,"key":"Peace Pipe"},{"floor":21,"key":"Enchiridion"},{"floor":23,"key":"Pear"},{"floor":25,"key":"Blood Vial"},{"floor":26,"key":"Dead Branch"},{"floor":30,"key":"Smiling Mask"},{"floor":32,"key":"Ice Cream"}],"event_choices":[{"event_name":"Golden Wing","player_choice":"Card Removal","floor":4,"damage_taken":0},{"event_name":"Golden Idol","player_choice":"Lose Max HP","floor":11,"damage_taken":0},{"event_name":"Back to Basics","player_choice":"Simplicity","floor":20,"damage_taken":0},{"event_name":"Cursed Tome","player_choice":"Obtained Book","floor":21,"damage_taken":0}],"boss_relics":[{"not_picked":["Runic Cube","Empty Cage"],"picked":"Snecko Eye"}],"items_purged_floors":[],"is_endless":false,"potions_floor_spawned":[1,12,16,18,30],"killed_by":"Collector","ascension_level":15}