{"gold_per_floor":[109,120,70,70,45,45,79,79,103,115,127,145,156,256,256,256],"floor_reached":16,"playtime":1013,"items_purged":[],"score":117,"play_id":"59e71d69-802f-4e50-95b8-2c33cfdfcbf3","local_time":"20180713133326","is_ascension_mode":true,"campfire_choices":[{"data":"Clothesline","floor":6,"key":"SMITH"},{"floor":8,"key":"REST"},{"data":"Bash","floor":15,"key":"SMITH"}],"neow_cost":"NONE","seed_source_timestamp":145135814768237,"circlet_count":0,"master_deck":["Strike_R","Strike_R","Strike_R","Strike_R","Defend_R","Defend_R","Defend_R","Defend_R","Bash+1","Clothesline+1","True Grit","Shrug It Off","Battle Trance","Bloodletting","Perfected Strike"],"relics":["Burning Blood","Paper Frog","Regal Pillow"],"potions_floor_usage":[16,16],"damage_taken":[{"damage":1,"enemies":"Cultist","floor":1,"turns":4},{"damage":1,"enemies":"Small Slimes","floor":2,"turns":4},{"damage":40,"enemies":"Lagavulin","floor":7,"turns":11},{"damage":7,"enemies":"2 Louse","floor":10,"turns":4},{"damage":5,"enemies":"Large Slime","floor":11,"turns":7},{"damage":14,"enemies":"2 Fungi Beasts","floor":12,"turns":5},{"damage":6,"enemies":"Exordium Wildlife","floor":13,"turns":5},{"damage":78,"enemies":"Slime Boss","floor":16,"turns":15}],"seed_played":"-8447234686540062443","potions_obtained":[{"floor":7,"key":"Ancient Potion"},{"floor":12,"key":"GamblersBrew"}],"is_trial":false,"path_per_floor":["M","M","?","?","$","R","E","R","T","M","M","M","M","?","R"],"character_chosen":"IRONCLAD","items_purchased":["Shrug It Off"],"campfire_rested":1,"item_purchase_floors":[5],"current_hp_per_floor":[88,88,88,93,93,93,59,86,86,85,86,78,78,78,78,0],"gold":256,"neow_bonus":"TEN_PERCENT_HP_BONUS","is_prod":false,"is_daily":false,"chose_seed":false,"campfire_upgraded":2,"win_rate":0,"timestamp":1531503206,"path_taken":["M","M","?","?","$","R","E","R","T","M","?","M","M","?","R","BOSS"],"build_version":"2018-07-12","purchased_purges":0,"victory":false,"max_hp_per_floor":[88,88,88,93,93,93,93,93,93,93,93,93,93,93,93,93],"card_choices":[{"not_picked":["True Grit","Fire Breathing"],"picked":"Clothesline","floor":1},{"not_picked":["Warcry","Anger"],"picked":"True Grit","floor":2},{"not_picked":["True Grit","Infernal Blade"],"picked":"Battle Trance","floor":7},{"not_picked":["Juggernaut","Wild Strike","Sever Soul"],"picked":"SKIP","floor":10},{"not_picked":["Body Slam","Battle Trance"],"picked":"Bloodletting","floor":11},{"not_picked":["Havoc","Sentinel","Bloodletting"],"picked":"SKIP","floor":12},{"not_picked":["Wild Strike","Rage"],"picked":"Perfected Strike","floor":13}],"player_experience":271719,"relics_obtained":[{"floor":7,"key":"Paper Frog"},{"floor":9,"key":"Regal Pillow"}],"event_choices":[{"event_name":"The Cleric","player_choice":"Card Removal","floor":3,"damage_taken":0},{"event_name":"Big Fish","player_choice":"Donut","floor":4,"damage_taken":0},{"event_name":"Golden Shrine","player_choice":"Pray","floor":14,"damage_taken":0}],"boss_relics":[],"items_purged_floors":[],"is_endless":false,"potions_floor_spawned":[7,12],"killed_by":"Slime Boss","ascension_level":3}