{"gold_per_floor":[111,128,128,21,171,211,211,57,57,57,57,57,57,73,73,163,163],"floor_reached":17,"playtime":240,"items_purged":[],"score":352,"play_id":"363d09c1-150c-4f20-af7f-e44478a3129c","local_time":"20190118002021","is_ascension_mode":true,"campfire_choices":[{"data":"Beam Cell","floor":7,"key":"SMITH"},{"data":"Zap","floor":10,"key":"SMITH"},{"data":"Dualcast","floor":13,"key":"SMITH"},{"data":"Compile Driver","floor":15,"key":"SMITH"}],"neow_cost":"NONE","seed_source_timestamp":173515439209612,"circlet_count":0,"master_deck":["AscendersBane","Strike_B","Strike_B","Strike_B","Strike_B","Defend_B","Defend_B","Defend_B","Defend_B","Zap+1","Dualcast+1","Coolheaded","Beam Cell+1","Leap","Compile Driver+1","Doubt","Cold Snap","Electrodynamics","Coolheaded","Meteor Strike"],"relics":["Cracked Core","NeowsBlessing","Golden Idol","Blue Candle","Matryoshka","Happy Flower","Fusion Hammer"],"potions_floor_usage":[16],"damage_taken":[{"damage":0,"enemies":"Jaw Worm","floor":1,"turns":1},{"damage":0,"enemies":"Small Slimes","floor":2,"turns":1},{"damage":0,"enemies":"3 Sentries","floor":6,"turns":1},{"damage":0,"enemies":"Cultist","floor":14,"turns":2},{"damage":10,"enemies":"Slime Boss","floor":16,"turns":12}],"seed_played":"-6705508926761610902","potions_obtained":[{"floor":2,"key":"EssenceOfSteel"}],"is_trial":false,"path_per_floor":["M","M","?","$","?","E","R","$","T","R","$","?","R","M","R","B",null],"character_chosen":"DEFECT","items_purchased":["Leap","Compile Driver","Electrodynamics"],"campfire_rested":0,"item_purchase_floors":[4,4,8],"current_hp_per_floor":[64,64,64,64,64,64,64,64,64,64,64,59,59,59,59,49,49],"gold":163,"neow_bonus":"THREE_ENEMY_KILL","is_prod":false,"is_daily":false,"chose_seed":false,"campfire_upgraded":4,"win_rate":0,"timestamp":1547799621,"path_taken":["M","M","?","$","?","E","R","$","T","R","$","?","R","?","R","BOSS"],"build_version":"2019-01-16","purchased_purges":0,"victory":false,"max_hp_per_floor":[71,71,64,64,64,64,64,64,64,64,64,64,64,64,64,64,64],"card_choices":[{"not_picked":["Leap","Stack"],"picked":"Coolheaded","floor":1},{"not_picked":["Undo","Compile Driver"],"picked":"Beam Cell","floor":2},{"not_picked":["Self Repair","Tempest"],"picked":"Cold Snap","floor":6},{"not_picked":["Reprogram","Compile Driver"],"picked":"Coolheaded","floor":14},{"not_picked":["Echo Form","Amplify"],"picked":"Meteor Strike","floor":16}],"player_experience":1028299,"relics_obtained":[{"floor":6,"key":"Blue Candle"},{"floor":9,"key":"Matryoshka"}],"event_choices":[{"damage_healed":0,"gold_gain":0,"player_choice":"Lose Max HP","damage_taken":0,"relics_obtained":["Golden Idol"],"max_hp_gain":0,"max_hp_loss":7,"event_name":"Golden Idol","floor":3,"gold_loss":0},{"damage_healed":0,"gold_gain":150,"player_choice":"AGREE","damage_taken":0,"max_hp_gain":0,"max_hp_loss":0,"event_name":"Liars Game","floor":5,"gold_loss":0,"cards_obtained":["Doubt"]},{"damage_healed":0,"gold_gain":0,"player_choice":"Success","damage_taken":5,"relics_obtained":["Happy Flower"],"max_hp_gain":0,"max_hp_loss":0,"event_name":"Scrap Ooze","floor":12,"gold_loss":0}],"is_beta":true,"boss_relics":[{"not_picked":["Coffee Dripper","Inserter"],"picked":"Fusion Hammer"}],"items_purged_floors":[],"is_endless":false,"potions_floor_spawned":[2],"ascension_level":20}