{"gold_per_floor":[114,131,150,162,162,162,162,162,232,30,50,109,109,122,122,196,196,212,227,245,170,170],"floor_reached":22,"playtime":561,"items_purged":["Defend_G"],"score":329,"play_id":"a0bbc573-c40b-446d-934f-fb1aa2db9518","local_time":"20180715000438","is_ascension_mode":true,"campfire_choices":[{"data":"Neutralize","floor":6,"key":"SMITH"},{"data":"Cloak And Dagger","floor":8,"key":"SMITH"},{"data":"Cloak And Dagger","floor":13,"key":"SMITH"},{"data":"Crippling Poison","floor":15,"key":"SMITH"}],"neow_cost":"NONE","seed_source_timestamp":327123891521962,"circlet_count":0,"master_deck":["Defend_G+1","Defend_G+1","Defend_G","Defend_G","Strike_G","Strike_G","Strike_G","Strike_G","Survivor","Neutralize+1","AscendersBane","Backflip","Dagger Spray","Cloak And Dagger+1","Crippling Poison+1","Slice+1","Escape Plan","Cloak And Dagger+1","Backstab+1","Poisoned Stab+1","Envenom","Quick Slash+1","Deflect","Escape Plan"],"relics":["Sozu","Molten Egg 2","Tiny Chest","Cursed Key"],"potions_floor_usage":[],"damage_taken":[{"damage":1,"enemies":"Cultist","floor":1,"turns":5},{"damage":1,"enemies":"Jaw Worm","floor":2,"turns":4},{"damage":0,"enemies":"Small Slimes","floor":3,"turns":3},{"damage":0,"enemies":"Exordium Wildlife","floor":4,"turns":3},{"damage":2,"enemies":"Blue Slaver","floor":11,"turns":3},{"damage":7,"enemies":"Lagavulin","floor":12,"turns":7},{"damage":5,"enemies":"Exordium Thugs","floor":14,"turns":4},{"damage":20,"enemies":"Hexaghost","floor":16,"turns":10},{"damage":8,"enemies":"2 Thieves","floor":18,"turns":4},{"damage":12,"enemies":"Spheric Guardian","floor":19,"turns":4},{"damage":29,"enemies":"Snake Plant","floor":20,"turns":4},{"damage":0,"enemies":"Slaver and Parasite","floor":22,"turns":1}],"seed_played":"7789957777792623012","potions_obtained":[],"is_trial":false,"path_per_floor":["M","M","M","M","?","R","?","R","T","$","M","E","R","M","R","B",null,"M","M","M","?"],"character_chosen":"THE_SILENT","items_purchased":["Slice+1","Escape Plan"],"campfire_rested":0,"item_purchase_floors":[10,10],"current_hp_per_floor":[58,57,57,57,62,62,41,41,41,41,39,32,32,27,27,7,55,47,35,6,6,6],"gold":170,"neow_bonus":"BOSS_RELIC","is_prod":false,"is_daily":false,"chose_seed":false,"campfire_upgraded":4,"win_rate":0,"timestamp":1531638278,"path_taken":["M","M","M","M","?","R","?","R","T","$","M","E","R","?","R","BOSS","M","M","M","?","M"],"build_version":"2018-07-13","purchased_purges":1,"victory":false,"max_hp_per_floor":[66,66,66,66,71,71,71,71,71,71,71,71,71,71,71,71,71,71,71,71,71,71],"card_choices":[{"not_picked":["Sucker Punch","Outmaneuver"],"picked":"Backflip","floor":1},{"not_picked":["Deadly Poison","Masterful Stab"],"picked":"Dagger Spray","floor":2},{"not_picked":["Setup","Night Terror"],"picked":"Cloak And Dagger","floor":3},{"not_picked":["Quick Slash","Sucker Punch"],"picked":"Crippling Poison","floor":4},{"not_picked":["Eviscerate+1","Bane+1"],"picked":"Cloak And Dagger","floor":11},{"not_picked":["Acrobatics","Poisoned Stab+1"],"picked":"Backstab+1","floor":12},{"not_picked":["Blade Dance","Prepared"],"picked":"Poisoned Stab+1","floor":14},{"not_picked":["Die Die Die+1","Night Terror"],"picked":"Envenom","floor":16},{"not_picked":["Blur","Slice+1"],"picked":"Quick Slash+1","floor":18},{"not_picked":["Quick Slash+1","Accuracy"],"picked":"Deflect","floor":19},{"not_picked":["Venomology","Acrobatics"],"picked":"Escape Plan","floor":20}],"player_experience":652751,"relics_obtained":[{"floor":9,"key":"Molten Egg 2"},{"floor":12,"key":"Tiny Chest"}],"event_choices":[{"event_name":"Big Fish","player_choice":"Donut","floor":5,"damage_taken":0},{"event_name":"Shining Light","player_choice":"Entered Light","floor":7,"damage_taken":0},{"event_name":"Beggar","player_choice":"Gave Gold","floor":21,"damage_taken":0}],"boss_relics":[{"not_picked":["Busted Crown","White Beast Statue"],"picked":"Cursed Key"}],"items_purged_floors":[10],"is_endless":false,"potions_floor_spawned":[2,4,18,19,20],"killed_by":"Slaver and Parasite","ascension_level":15}