{"gold_per_floor":[19,31,44,57,69,69,69,94,118,193,193,213,213,213,213,338,338,308,329,109,124,55,80,80,80,80,80,80,80],"floor_reached":29,"playtime":1643,"items_purged":[],"score":217,"play_id":"bbcf71d1-33bb-49e6-bac4-3fef25923b52","local_time":"20190707142115","is_ascension_mode":false,"campfire_choices":[{"data":"Neutralize","floor":6,"key":"SMITH"},{"floor":13,"key":"RECALL"},{"data":"Dash","floor":15,"key":"SMITH"},{"floor":25,"key":"REST"}],"neow_cost":"NO_GOLD","seed_source_timestamp":521315502789232,"circlet_count":0,"master_deck":["Strike_G+1","Strike_G+1","Strike_G+1","Defend_G+1","Defend_G+1","Defend_G+1","Defend_G+1","Defend_G+1","Survivor+1","Neutralize+1","Dagger Throw","Well Laid Plans","Outmaneuver","Dagger Spray","Noxious Fumes","Dodge and Roll","Dagger Spray","Dash+1","Searing Blow","Bullet Time","All Out Attack+1","Deadly Poison","Dark Shackles","PiercingWail","Caltrops","Prepared","Tactician","Dodge and Roll","Pain","Writhe"],"relics":["Ring of the Snake","Golden Idol","War Paint","Dodecahedron","Cursed Key","Anchor"],"potions_floor_usage":[4,8,16,29],"damage_taken":[{"damage":1,"enemies":"Cultist","floor":1,"turns":4},{"damage":0,"enemies":"2 Louse","floor":2,"turns":3},{"damage":0,"enemies":"Small Slimes","floor":3,"turns":3},{"damage":0,"enemies":"Looter","floor":4,"turns":4},{"damage":1,"enemies":"2 Fungi Beasts","floor":5,"turns":4},{"damage":2,"enemies":"Exordium Thugs","floor":8,"turns":4},{"damage":3,"enemies":"Blue Slaver","floor":12,"turns":4},{"damage":9,"enemies":"Hexaghost","floor":16,"turns":13},{"damage":22,"enemies":"2 Thieves","floor":18,"turns":5},{"damage":0,"enemies":"3 Byrds","floor":19,"turns":3},{"damage":1,"enemies":"Snake Plant","floor":21,"turns":6},{"damage":28,"enemies":"Chosen and Byrds","floor":23,"turns":7},{"damage":42,"enemies":"Gremlin Leader","floor":29,"turns":8}],"seed_played":"-590467770129584219","potions_obtained":[{"floor":2,"key":"Explosive Potion"},{"floor":3,"key":"Dexterity Potion"},{"floor":4,"key":"Explosive Potion"},{"floor":16,"key":"PowerPotion"},{"floor":19,"key":"Swift Potion"}],"is_trial":false,"path_per_floor":["M","M","M","M","M","R","?","M","T","?","?","M","R","?","R","B",null,"M","M","$","M","$","M","?","R","T","?","?","E"],"character_chosen":"THE_SILENT","items_purchased":["Dark Shackles","PiercingWail","Caltrops","Tactician"],"campfire_rested":1,"item_purchase_floors":[20,20,20,22],"current_hp_per_floor":[69,69,69,69,68,68,51,49,49,38,38,35,35,35,35,26,70,48,48,48,47,47,19,19,40,40,40,40,0],"gold":80,"neow_bonus":"TRANSFORM_TWO_CARDS","is_prod":false,"is_daily":false,"chose_seed":false,"campfire_upgraded":2,"win_rate":0,"timestamp":1562476875,"path_taken":["M","M","M","M","M","R","?","M","T","?","?","M","R","?","R","BOSS","M","M","$","M","$","M","?","R","T","?","?","E"],"build_version":"2019-07-05","purchased_purges":0,"victory":false,"max_hp_per_floor":[70,70,70,70,70,70,70,70,70,70,70,70,70,70,70,70,70,70,70,70,70,70,70,70,70,70,70,70,70],"card_choices":[{"not_picked":["Cloak And Dagger","Skewer"],"picked":"Outmaneuver","floor":1},{"not_picked":["Flechettes","Slice"],"picked":"Dagger Spray","floor":2},{"not_picked":["Quick Slash","Unload"],"picked":"Noxious Fumes","floor":3},{"not_picked":["Deflect","Quick Slash"],"picked":"Dodge and Roll","floor":4},{"not_picked":["Quick Slash","Flechettes","Outmaneuver"],"picked":"SKIP","floor":5},{"not_picked":["Flechettes","Accuracy"],"picked":"Dagger Spray","floor":8},{"not_picked":["Heel Hook","Accuracy"],"picked":"Dash","floor":12},{"not_picked":["Phantasmal Killer","Night Terror"],"picked":"Bullet Time","floor":16},{"not_picked":["Cloak And Dagger","Bane"],"picked":"All Out Attack+1","floor":18},{"not_picked":["Eviscerate","Quick Slash"],"picked":"Deadly Poison","floor":19},{"not_picked":["Deadly Poison","Dagger Spray"],"picked":"Prepared","floor":21},{"not_picked":["Accuracy","Well Laid Plans"],"picked":"Dodge and Roll","floor":23}],"player_experience":70313,"relics_obtained":[{"floor":9,"key":"War Paint"}],"event_choices":[{"damage_healed":0,"gold_gain":0,"player_choice":"Take Damage","damage_taken":17,"relics_obtained":["Golden Idol"],"max_hp_gain":0,"max_hp_loss":0,"event_name":"Golden Idol","floor":7,"gold_loss":0},{"damage_healed":0,"gold_gain":75,"player_choice":"Gather Gold","damage_taken":11,"max_hp_gain":0,"max_hp_loss":0,"event_name":"World of Goop","floor":10,"gold_loss":0},{"damage_healed":0,"gold_gain":0,"player_choice":"Box","damage_taken":0,"relics_obtained":["Dodecahedron"],"max_hp_gain":0,"max_hp_loss":0,"event_name":"Big Fish","floor":11,"gold_loss":0,"cards_obtained":["Regret"]},{"cards_removed":["Regret"],"damage_healed":0,"gold_gain":0,"player_choice":"Took Card","damage_taken":0,"max_hp_gain":0,"max_hp_loss":0,"event_name":"NoteForYourself","floor":14,"gold_loss":0,"cards_obtained":["Searing Blow"]},{"damage_healed":0,"gold_gain":0,"player_choice":"Ignored","damage_taken":0,"max_hp_gain":0,"max_hp_loss":0,"event_name":"Vampires","floor":24,"gold_loss":0},{"damage_healed":0,"gold_gain":0,"player_choice":"Opened","damage_taken":0,"relics_obtained":["Anchor"],"max_hp_gain":0,"max_hp_loss":0,"event_name":"The Mausoleum","floor":27,"gold_loss":0,"cards_obtained":["Writhe"]},{"damage_healed":0,"gold_gain":0,"player_choice":"Simplicity","damage_taken":0,"max_hp_gain":0,"max_hp_loss":0,"event_name":"Back to Basics","floor":28,"gold_loss":0,"cards_upgraded":["Strike_G","Strike_G","Strike_G","Defend_G","Defend_G","Defend_G","Defend_G"]}],"is_beta":false,"boss_relics":[{"not_picked":["HoveringKite","Orrery"],"picked":"Cursed Key"}],"items_purged_floors":[],"is_endless":false,"potions_floor_spawned":[2,3,4,16,19],"killed_by":"Gremlin Leader","ascension_level":0}