{"gold_per_floor":[112,8,28,46,46,46,31,31,31,31,31,31,66,80,80,158,158,178,64,64,81,6,6,35,52,52,52,70,70,120,149,149,221,221,233,233,195,209,209,209,219,219,242,4,23,23,40,69,69,69],"floor_reached":50,"playtime":2387,"items_purged":[],"score":1220,"play_id":"eaec2cd2-8d58-4bb4-a6d0-9da2159d6e9a","local_time":"20180716142448","is_ascension_mode":true,"campfire_choices":[{"data":"Defragment","floor":6.0,"key":"SMITH"},{"data":"Blizzard","floor":8.0,"key":"SMITH"},{"data":"Chill","floor":10.0,"key":"SMITH"},{"data":"Loop","floor":15.0,"key":"SMITH"},{"data":"Defragment","floor":23.0,"key":"SMITH"},{"data":"Creative AI","floor":29.0,"key":"SMITH"},{"floor":32,"key":"REST"},{"data":"Creative AI","floor":40,"key":"SMITH"},{"floor":42,"key":"REST"},{"data":"Hologram","floor":46,"key":"SMITH"},{"floor":49,"key":"REST"}],"neow_cost":"NONE","seed_source_timestamp":355589509689727,"circlet_count":0,"master_deck":["Strike_B","Strike_B","Strike_B","Strike_B","Defend_B","Defend_B","Defend_B","Zap","Dualcast","AscendersBane","Reboot","Chill+1","Loop+1","Go for the Eyes","Reinforced Body","Gash","Cold Snap","Leap","Defragment+1","Blizzard+1","Streamline","Compile Driver","Streamline","Creative AI+1","Static Discharge+1","Leap","Chaos","Redo","Defragment+1","Hologram+1","Gash","Decay","Redo","Creative AI+1","Leap+1","Hologram","White Noise","Capacitor","Aggregate+1","Skim","Loop","Gash+1","Cold Snap+1","Stack"],"special_seed":0,"relics":["Orrery","Bottled Tornado","Symbiotic Virus","Eternal Feather","Centennial Puzzle","The Courier","Omamori","Gambling Chip","Cursed Key","Ice Cream","Oddly Smooth Stone","Ancient Tea Set","Matryoshka"],"potions_floor_usage":[33,39,41,47,50],"damage_taken":[{"damage":5.0,"enemies":"Cultist","floor":1.0,"turns":5.0},{"damage":5.0,"enemies":"Small Slimes","floor":3.0,"turns":6.0},{"damage":0.0,"enemies":"2 Louse","floor":4.0,"turns":4.0},{"damage":10.0,"enemies":"Exordium Thugs","floor":7.0,"turns":5.0},{"damage":4.0,"enemies":"3 Sentries","floor":13.0,"turns":6.0},{"damage":1.0,"enemies":"3 Louse","floor":14.0,"turns":4.0},{"damage":29.0,"enemies":"Slime Boss","floor":16.0,"turns":11.0},{"damage":3.0,"enemies":"3 Byrds","floor":18.0,"turns":8.0},{"damage":8.0,"enemies":"Shell Parasite","floor":21.0,"turns":5.0},{"damage":14.0,"enemies":"Slavers","floor":24.0,"turns":8.0},{"damage":15.0,"enemies":"Cultist and Chosen","floor":25.0,"turns":7.0},{"damage":5.0,"enemies":"Sentry and Sphere","floor":28.0,"turns":8.0},{"damage":8,"enemies":"Gremlin Leader","floor":31,"turns":12},{"damage":36,"enemies":"Collector","floor":33,"turns":13},{"damage":4,"enemies":"3 Shapes","floor":35,"turns":4},{"damage":12,"enemies":"3 Darklings","floor":38,"turns":7},{"damage":12,"floor":39,"turns":7},{"damage":37,"enemies":"Flame Bruiser 2 Orb","floor":41,"turns":11},{"damage":0,"enemies":"Sphere and 2 Shapes","floor":45,"turns":7},{"damage":14,"enemies":"4 Shapes","floor":47,"turns":3},{"damage":27,"enemies":"2 Orb Walkers","floor":48,"turns":5},{"damage":60,"enemies":"Awakened One","floor":50,"turns":10}],"seed_played":"-5058385189872411223","potions_obtained":[{"floor":1.0,"key":"GamblersBrew"},{"floor":7.0,"key":"EssenceOfSteel"},{"floor":24.0,"key":"SkillPotion"},{"floor":28.0,"key":"FocusPotion"},{"floor":33,"key":"Poison Potion"},{"floor":39,"key":"EssenceOfSteel"},{"floor":41,"key":"SpeedPotion"},{"floor":45,"key":"AttackPotion"}],"is_trial":false,"path_per_floor":["M","$","M","M","?","R","M","R","T","R","$","?","E","M","R","B",null,"M","$","?","M","$","R","E","M","T","?","M","R","T","E","R","B",null,"M","?","$","M","?","R","M","R","T","$","M","R","M","E","R"],"character_chosen":"DEFECT","items_purchased":["Cold Snap","Leap","Leap","Chaos","Defragment","Hologram","Skim","Loop","Ancient Tea Set"],"campfire_rested":3,"item_purchase_floors":[2,2,19,19,22,37,44,44,44],"current_hp_per_floor":[59,59,54,54,54,54,44,44,44,44,44,37,33,32,32,3,54,51,51,51,43,43,53,39,24,24,24,19,31,31,23,56,20,58,54,54,54,42,30,44,7,42,42,42,42,58,44,17,54,0],"gold":69,"neow_bonus":"BOSS_RELIC","is_prod":false,"is_daily":false,"chose_seed":false,"campfire_upgraded":8,"win_rate":0,"timestamp":1531776288,"path_taken":["M","?","M","M","?","R","M","R","T","R","$","?","E","M","R","BOSS","M","$","?","M","$","R","E","M","T","?","M","R","?","E","R","BOSS","M","?","$","M","?","R","M","R","T","$","M","R","M","E","R","BOSS"],"build_version":"2018-07-13","purchased_purges":0,"victory":false,"max_hp_per_floor":[71,71,71,71,71,71,71,71,71,71,71,71,71,71,71,71,71,71,71,71,71,71,71,71,71,71,71,71,71,71,71,71,71,71,71,71,71,71,71,71,71,71,71,71,71,71,71,71,71,71],"card_choices":[{"not_picked":["BootSequence","Redo"],"picked":"Reboot","floor":0.0},{"not_picked":["Steam","Turbo"],"picked":"Chill","floor":0.0},{"not_picked":["Melter","Redo"],"picked":"Loop","floor":0.0},{"not_picked":["Steam","Beam Cell"],"picked":"Go for the Eyes","floor":0.0},{"not_picked":["Barrage","Rebound"],"picked":"Reinforced Body","floor":0.0},{"not_picked":["Stack","Leap"],"picked":"Gash","floor":1.0},{"not_picked":["Hologram","Turbo"],"picked":"Defragment","floor":3.0},{"not_picked":["Gash","Chill"],"picked":"Blizzard","floor":4.0},{"not_picked":["FTL","BootSequence"],"picked":"Streamline","floor":7.0},{"not_picked":["Barrage","Fusion"],"picked":"Compile Driver","floor":13.0},{"not_picked":["Rip and Tear","Static Discharge"],"picked":"Streamline","floor":14.0},{"not_picked":["Electrodynamics","All For One"],"picked":"Creative AI","floor":16.0},{"not_picked":["Compile Driver","Steam"],"picked":"Static Discharge+1","floor":18.0},{"not_picked":["Rip and Tear","Gash"],"picked":"Redo","floor":21.0},{"not_picked":["Steam","Darkness"],"picked":"Hologram","floor":24.0},{"not_picked":["Steam","FTL"],"picked":"Gash","floor":25.0},{"not_picked":["Auto Shields","Streamline"],"picked":"Redo","floor":28.0},{"not_picked":["Seek","Rainbow"],"picked":"Creative AI","floor":33},{"not_picked":["Steam","Conserve Battery"],"picked":"Leap+1","floor":35},{"not_picked":["Leap","Streamline"],"picked":"White Noise","floor":38},{"not_picked":["Scrape","Sunder"],"picked":"Capacitor","floor":39},{"not_picked":["Undo+1","Compile Driver"],"picked":"Aggregate+1","floor":41},{"not_picked":["Undo","Conserve Battery+1"],"picked":"Gash+1","floor":45},{"not_picked":["Static Discharge","Streamline"],"picked":"Cold Snap+1","floor":47},{"not_picked":["Barrage","Reboot"],"picked":"Stack","floor":48}],"player_experience":666266,"relics_obtained":[{"floor":9.0,"key":"Bottled Tornado"},{"floor":13.0,"key":"Symbiotic Virus"},{"floor":24.0,"key":"Centennial Puzzle"},{"floor":26.0,"key":"The Courier"},{"floor":30,"key":"Omamori"},{"floor":31,"key":"Gambling Chip"},{"floor":39,"key":"Ice Cream"},{"floor":43,"key":"Oddly Smooth Stone"},{"floor":48,"key":"Matryoshka"}],"event_choices":[{"event_name":"Liars Game","player_choice":"disagreed","floor":5.0,"damage_taken":0.0},{"event_name":"Golden Wing","player_choice":"Card Removal","floor":12.0,"damage_taken":0.0},{"event_name":"Addict","player_choice":"Ignored","floor":20.0,"damage_taken":0.0},{"event_name":"Forgotten Altar","player_choice":"Smashed Altar","floor":27.0,"damage_taken":0.0},{"event_name":"Tomb of Lord Red Mask","player_choice":"Ignored","floor":36,"damage_taken":0},{"event_name":"MindBloom","player_choice":"Fight","floor":39,"damage_taken":0}],"boss_relics":[{"not_picked":["Tiny House","White Beast Statue"],"picked":"Eternal Feather"},{"not_picked":["Velvet Choker","Nuclear Battery"],"picked":"Cursed Key"}],"items_purged_floors":[],"is_endless":false,"potions_floor_spawned":[1,7,13,24,28,33,39,41,45],"killed_by":"Awakened One","ascension_level":15}