{"gold_per_floor":[362,57,57,20,91,91,124,71,71,71,91,115,115,154,154,253,253,271,171,184,184,184,222,222,241,264,264,264,305,305,305],"floor_reached":31,"playtime":635,"items_purged":["Pain","Strike_R"],"score":554,"play_id":"b0a7586c-a3a9-4683-9d9c-f1adc97329ba","local_time":"20190806171351","is_ascension_mode":true,"campfire_choices":[{"data":"Bash","floor":6.0,"key":"SMITH"},{"data":"Armaments","floor":10.0,"key":"SMITH"},{"data":"Carnage","floor":13.0,"key":"SMITH"},{"data":"Clothesline","floor":15.0,"key":"SMITH"},{"data":"Demon Form","floor":24,"key":"SMITH"},{"floor":27,"key":"REST"},{"floor":30,"key":"REST"}],"neow_cost":"CURSE","seed_source_timestamp":0,"circlet_count":0,"master_deck":["AscendersBane","Strike_R","Strike_R","Strike_R","Strike_R","Defend_R","Defend_R","Defend_R","Defend_R","Bash+1","Clothesline+1","Carnage+1","Armaments+1","Rampage","Demon Form+1","Anger+1","Pommel Strike+1","Shrug It Off","Disarm+1"],"special_seed":0,"relics":["Burning Blood","ClockworkSouvenir","Golden Idol","FossilizedHelix","Bottled Lightning","Bronze Scales","Sozu","MutagenicStrength","Frozen Egg 2","Juzu Bracelet","Toxic Egg 2"],"potions_floor_usage":[],"damage_taken":[{"damage":23.0,"enemies":"Cultist","floor":1.0,"turns":5.0},{"damage":10.0,"enemies":"Gremlin Nob","floor":7.0,"turns":3.0},{"damage":0.0,"enemies":"Small Slimes","floor":11.0,"turns":3.0},{"damage":2.0,"enemies":"Jaw Worm","floor":12.0,"turns":3.0},{"damage":10.0,"enemies":"Lagavulin","floor":14.0,"turns":5.0},{"damage":2.0,"enemies":"Slime Boss","floor":16.0,"turns":9.0},{"damage":4.0,"enemies":"3 Byrds","floor":18.0,"turns":2.0},{"damage":8.0,"enemies":"Shell Parasite","floor":20.0,"turns":5.0},{"damage":22,"enemies":"Slavers","floor":23,"turns":5},{"damage":19,"enemies":"Snake Plant","floor":25,"turns":3},{"damage":40,"enemies":"Book of Stabbing","floor":29,"turns":5},{"damage":0,"enemies":"Slavers","floor":31,"turns":2}],"seed_played":"-5642399538960592088","potions_obtained":[{"floor":7.0,"key":"SteroidPotion"},{"floor":11.0,"key":"Swift Potion"},{"floor":16.0,"key":"BloodPotion"}],"is_trial":false,"path_per_floor":["M","$","?","$","?","R","E","$","T","R","M","M","R","E","R","B",null,"M","$","M","?","?","E","R","M","T","R","?","E","R","E"],"character_chosen":"IRONCLAD","items_purchased":["ClockworkSouvenir","Carnage","Armaments"],"campfire_rested":2,"item_purchase_floors":[2,4,8],"current_hp_per_floor":[51,51,51,51,51,51,47,47,47,47,53,57,57,53,53,57,65,67,67,65,65,65,49,49,36,36,56,56,22,42,42],"gold":305,"neow_bonus":"TWO_FIFTY_GOLD","is_prod":false,"is_daily":false,"chose_seed":false,"campfire_upgraded":5,"win_rate":0,"timestamp":1565136831,"path_taken":["M","$","?","$","?","R","E","$","T","R","M","M","R","E","R","BOSS","M","$","M","?","?","E","R","M","T","R","?","E","R","E"],"build_version":"2019-07-18","purchased_purges":2,"victory":false,"max_hp_per_floor":[75,75,68,68,68,68,68,68,68,68,68,68,68,68,68,68,68,68,68,68,68,68,68,68,68,68,68,68,68,68,68],"card_choices":[{"not_picked":["Power Through","Headbutt"],"picked":"Clothesline","floor":1.0},{"not_picked":["Sever Soul","Perfected Strike","Dual Wield"],"picked":"SKIP","floor":7.0},{"not_picked":["Iron Wave","Armaments"],"picked":"Rampage","floor":11.0},{"not_picked":["Brutality","Exhume"],"picked":"Demon Form","floor":16.0},{"not_picked":["True Grit","Wild Strike"],"picked":"Anger+1","floor":18.0},{"not_picked":["Dual Wield","Body Slam"],"picked":"Pommel Strike+1","floor":20.0},{"not_picked":["Twin Strike","Dual Wield","Carnage"],"picked":"SKIP","floor":23},{"not_picked":["Flex","Feel No Pain+1"],"picked":"Shrug It Off","floor":25},{"not_picked":["Berserk+1","Sentinel"],"picked":"Disarm","floor":29}],"player_experience":1376030,"relics_obtained":[{"floor":7.0,"key":"FossilizedHelix"},{"floor":9.0,"key":"Bottled Lightning"},{"floor":14.0,"key":"Bronze Scales"},{"floor":23,"key":"Frozen Egg 2"},{"floor":26,"key":"Juzu Bracelet"},{"floor":29,"key":"Toxic Egg 2"}],"event_choices":[{"damage_healed":0.0,"max_hp_gain":0.0,"max_hp_loss":7.0,"gold_gain":0.0,"event_name":"Golden Idol","player_choice":"Lose Max HP","floor":3.0,"gold_loss":0.0,"damage_taken":0.0,"relics_obtained":["Golden Idol"]},{"damage_healed":0.0,"max_hp_gain":0.0,"max_hp_loss":0.0,"gold_gain":71.0,"event_name":"Golden Wing","player_choice":"Gained Gold","floor":5.0,"gold_loss":0.0,"damage_taken":0.0},{"damage_healed":0.0,"max_hp_gain":0.0,"max_hp_loss":0.0,"gold_gain":0.0,"event_name":"Drug Dealer","player_choice":"Inject Mutagens","floor":21.0,"gold_loss":0.0,"damage_taken":0.0,"relics_obtained":["MutagenicStrength"]},{"damage_healed":0,"gold_gain":0,"player_choice":"Ignored","damage_taken":0,"max_hp_gain":0,"max_hp_loss":0,"event_name":"The Mausoleum","floor":22,"gold_loss":0},{"damage_healed":0,"gold_gain":0,"player_choice":"Ignored","damage_taken":0,"max_hp_gain":0,"max_hp_loss":0,"event_name":"Ghosts","floor":28,"gold_loss":0}],"is_beta":true,"boss_relics":[{"not_picked":["Runic Dome","Busted Crown"],"picked":"Sozu"}],"items_purged_floors":[2,19],"is_endless":false,"potions_floor_spawned":[7,11,16,20,29],"killed_by":"Slavers","ascension_level":20}