{"gold_per_floor":[119,294,173,191,206,206,237,237,310,310,310,310,188,203,203,303,303,315,315,325,336,352,352,352],"floor_reached":24,"playtime":304,"items_purged":["Doubt","Defend_R"],"score":196,"play_id":"e6403ccb-184e-4f59-a82d-c8aec7c21c4a","local_time":"20180703013224","is_ascension_mode":false,"campfire_choices":[{"data":"Bash","floor":6,"key":"SMITH"},{"data":"Perfected Strike","floor":10,"key":"SMITH"},{"data":"Inflame","floor":15,"key":"SMITH"},{"data":"Double Tap","floor":23,"key":"SMITH"}],"neow_cost":"NONE","seed_source_timestamp":21828794479941,"circlet_count":0,"master_deck":["Strike_R","Strike_R","Strike_R","Strike_R","Strike_R","Defend_R+1","Defend_R+1","Bash+1","Flex","Inflame+1","Perfected Strike+1","Shrug It Off","Flex","Double Tap+1","Pommel Strike"],"relics":["Burning Blood","NeowsBlessing","War Paint","Centennial Puzzle","Pear","Kunai","Cursed Key","Champion Belt"],"potions_floor_usage":[7],"damage_taken":[{"damage":0,"enemies":"Jaw Worm","floor":1,"turns":1},{"damage":0,"enemies":"Small Slimes","floor":4,"turns":1},{"damage":0,"enemies":"Cultist","floor":5,"turns":1},{"damage":24,"enemies":"3 Sentries","floor":7,"turns":6},{"damage":7,"enemies":"Blue Slaver","floor":14,"turns":2},{"damage":66,"enemies":"The Guardian","floor":16,"turns":8},{"damage":12,"enemies":"Shell Parasite","floor":18,"turns":2},{"damage":0,"enemies":"Spheric Guardian","floor":20,"turns":3},{"damage":15,"enemies":"Snecko","floor":21,"turns":3},{"damage":23,"enemies":"Centurion and Healer","floor":22,"turns":4},{"damage":0,"enemies":"Sentry and Sphere","floor":24,"turns":1}],"seed_played":"8573584341832375030","potions_obtained":[{"floor":5,"key":"Explosive Potion"},{"floor":18,"key":"PowerPotion"}],"is_trial":false,"path_per_floor":["M","?","$","M","M","R","E","?","T","R","T","?","$","M","R","B",null,"M","?","M","M","M","R"],"character_chosen":"IRONCLAD","items_purchased":["Flex","Flex"],"campfire_rested":0,"item_purchase_floors":[3,13],"current_hp_per_floor":[80,80,80,80,80,80,62,59,69,69,69,69,69,68,68,8,90,84,84,90,81,64,64,64],"gold":352,"neow_bonus":"THREE_ENEMY_KILL","is_prod":false,"is_daily":false,"chose_seed":false,"campfire_upgraded":4,"win_rate":0,"timestamp":1530606744,"path_taken":["M","?","$","M","?","R","E","?","T","R","?","?","$","M","R","BOSS","M","?","?","M","M","R","M"],"build_version":"2018-06-29","purchased_purges":2,"victory":false,"max_hp_per_floor":[80,80,80,80,80,80,80,80,90,90,90,90,90,90,90,90,90,90,90,90,90,90,90,90],"card_choices":[{"not_picked":["Thunderclap","Body Slam"],"picked":"Inflame","floor":5},{"not_picked":["Brutality","Headbutt"],"picked":"Perfected Strike","floor":7},{"not_picked":["Dark Embrace","Exhume"],"picked":"Double Tap","floor":16},{"not_picked":["Feel No Pain+1","Wild Strike"],"picked":"Pommel Strike","floor":21}],"player_experience":466952,"relics_obtained":[{"floor":7,"key":"War Paint"},{"floor":9,"key":"Pear"},{"floor":11,"key":"Kunai"}],"event_choices":[{"event_name":"Liars Game","player_choice":"agreed","floor":2,"damage_taken":0},{"event_name":"Scrap Ooze","player_choice":"success","floor":8,"damage_taken":3},{"event_name":"Transmorgrifier","player_choice":"Transform","floor":12,"damage_taken":0},{"event_name":"The Mausoleum","player_choice":"Yes","floor":19,"damage_taken":0}],"boss_relics":[{"not_picked":["Philosopher\u0027s Stone","Runic Cube"],"picked":"Cursed Key"}],"items_purged_floors":[3,13],"is_endless":false,"potions_floor_spawned":[5,18],"killed_by":"Sentry and Sphere","ascension_level":0}