{"gold_per_floor":[109,109,38,58,77,77,109,122,122,122,1,328,328,346,346,423,423,437,44,60,60,13,45,45,45,119,119,131,149,149,162,162,236,236,253,67,67,367,382,382,416,416],"floor_reached":42,"playtime":2116,"items_purged":["Strike_B"],"score":954,"play_id":"5b60f2b0-b7c1-46d7-99b6-93767fd7b843","local_time":"20180809160436","is_ascension_mode":true,"campfire_choices":[{"data":"Zap","floor":6.0,"key":"SMITH"},{"data":"Go for the Eyes","floor":10.0,"key":"SMITH"},{"data":"Recycle","floor":15.0,"key":"SMITH"},{"data":"Rainbow","floor":24.0,"key":"SMITH"},{"data":"Hologram","floor":27.0,"key":"SMITH"},{"floor":30.0,"key":"REST"},{"data":"Buffer","floor":32,"key":"SMITH"},{"data":"Loop","floor":40,"key":"SMITH"}],"neow_cost":"NONE","seed_source_timestamp":0,"circlet_count":0,"master_deck":["Strike_B+1","Strike_B+1","Defend_B+1","Defend_B+1","Defend_B+1","Zap+1","Dualcast","AscendersBane","Coolheaded","Conserve Battery","Turbo","Leap","Cold Snap","Go for the Eyes+1","Ball Lightning","Gash","Recycle+1","Gash","Coolheaded","Multi-Cast","Buffer+1","Conserve Battery","White Noise","Glacier","Reboot","Rainbow+1","Glacier","Hologram+1","Cold Snap","Loop+1"],"special_seed":0,"relics":["Runic Pyramid","Omamori","Singing Bowl","Old Coin","Orrery","Shuriken","Cables","Busted Crown","Oddly Smooth Stone","Regal Pillow"],"potions_floor_usage":[41],"damage_taken":[{"damage":2.0,"enemies":"Jaw Worm","floor":1.0,"turns":3.0},{"damage":0.0,"enemies":"Cultist","floor":3.0,"turns":4.0},{"damage":0.0,"enemies":"Cultist","floor":4.0,"turns":4.0},{"damage":0.0,"enemies":"2 Louse","floor":5.0,"turns":3.0},{"damage":23.0,"enemies":"Gremlin Nob","floor":7.0,"turns":5.0},{"damage":1.0,"enemies":"Red Slaver","floor":8.0,"turns":3.0},{"damage":0.0,"enemies":"Lagavulin","floor":12.0,"turns":7.0},{"damage":11.0,"enemies":"Lots of Slimes","floor":14.0,"turns":5.0},{"damage":0.0,"enemies":"The Guardian","floor":16.0,"turns":12.0},{"damage":7.0,"enemies":"Shell Parasite","floor":18.0,"turns":9.0},{"damage":0.0,"enemies":"Spheric Guardian","floor":20.0,"turns":4.0},{"damage":25.0,"enemies":"Slavers","floor":23.0,"turns":9.0},{"damage":5.0,"enemies":"Snake Plant","floor":28.0,"turns":5.0},{"damage":1.0,"enemies":"Snecko","floor":29.0,"turns":5.0},{"damage":9,"enemies":"Centurion and Healer","floor":31,"turns":11},{"damage":16,"enemies":"Automaton","floor":33,"turns":14},{"damage":0,"enemies":"3 Shapes","floor":35,"turns":6},{"damage":0,"enemies":"Flame Bruiser 1 Orb","floor":39,"turns":18},{"damage":56,"enemies":"2 Orb Walkers","floor":41,"turns":12},{"damage":26,"enemies":"Jaw Worm Horde","floor":42,"turns":1}],"seed_played":"7678569602255162729","potions_obtained":[{"floor":5.0,"key":"FocusPotion"},{"floor":23.0,"key":"Dexterity Potion"},{"floor":28.0,"key":"Dexterity Potion"}],"is_trial":false,"path_per_floor":["M","?","$","M","M","R","E","M","T","R","$","E","?","M","R","B",null,"M","$","M","?","$","E","R","?","T","R","M","M","R","M","R","B",null,"M","$","?","?","M","R","E"],"character_chosen":"DEFECT","items_purchased":["Conserve Battery","Turbo","Gash","Recycle","Reboot","Rainbow","Hologram","Loop","Oddly Smooth Stone"],"campfire_rested":1,"item_purchase_floors":[3,3,11,11,19,19,22,36,36],"current_hp_per_floor":[62,62,62,62,62,62,39,38,38,38,38,38,31,20,20,20,62,55,55,55,55,55,30,30,30,30,30,27,28,51,44,44,28,68,70,70,70,70,72,72,25,0],"gold":416,"neow_bonus":"BOSS_RELIC","is_prod":false,"is_daily":false,"chose_seed":false,"campfire_upgraded":7,"win_rate":0,"timestamp":1533855876,"path_taken":["M","?","?","M","?","R","E","M","T","R","$","E","?","?","R","BOSS","M","$","M","?","$","E","R","?","T","R","M","M","R","M","R","BOSS","M","$","?","?","?","R","E","M"],"build_version":"2018-08-08","purchased_purges":1,"victory":false,"max_hp_per_floor":[71,71,71,71,71,71,71,71,71,71,71,71,71,71,71,71,75,75,75,75,75,75,75,75,75,75,75,77,79,79,81,81,81,81,83,83,83,83,85,85,87,87],"card_choices":[{"not_picked":["Redo","Compile Driver"],"picked":"Coolheaded","floor":1.0},{"not_picked":["Go for the Eyes","Redo"],"picked":"Leap","floor":4.0},{"not_picked":["Gash","Steam"],"picked":"Cold Snap","floor":5.0},{"not_picked":["Amplify","Stack"],"picked":"Go for the Eyes","floor":7.0},{"not_picked":["Skim","Reinforced Body"],"picked":"Ball Lightning","floor":8.0},{"not_picked":["Sweeping Beam","Turbo"],"picked":"Gash","floor":12.0},{"not_picked":["Blizzard","Rebound"],"picked":"Coolheaded","floor":14.0},{"not_picked":["Meteor Strike","Buffer"],"picked":"Multi-Cast","floor":16.0},{"not_picked":["Self Repair","Beam Cell"],"picked":"Buffer","floor":17.0},{"not_picked":["Stack","Ball Lightning"],"picked":"Conserve Battery","floor":17.0},{"not_picked":["Hello World","BootSequence"],"picked":"White Noise","floor":17.0},{"not_picked":["Steam","Barrage","Hello World"],"picked":"Singing Bowl","floor":17.0},{"not_picked":["Fusion","Barrage","Sweeping Beam"],"picked":"Singing Bowl","floor":17.0},{"not_picked":["Rebound","Turbo"],"picked":"Glacier","floor":18.0},{"not_picked":["Reprogram+1","Go for the Eyes"],"picked":"Glacier","floor":20.0},{"not_picked":["Streamline","Stack"],"picked":"Cold Snap","floor":23.0},{"not_picked":["Stack","Sweeping Beam","Rip and Tear+1"],"picked":"Singing Bowl","floor":28.0},{"not_picked":["Steam","Redo","Darkness"],"picked":"Singing Bowl","floor":29.0},{"not_picked":["Compile Driver","Sweeping Beam","Barrage"],"picked":"Singing Bowl","floor":31},{"not_picked":["Rainbow","Electrodynamics"],"picked":"Creative AI","floor":33},{"not_picked":["Reprogram"],"picked":"Singing Bowl","floor":35},{"not_picked":["Cold Snap"],"picked":"Singing Bowl","floor":39},{"not_picked":["Cold Snap"],"picked":"Singing Bowl","floor":41}],"player_experience":778732,"relics_obtained":[{"floor":7.0,"key":"Omamori"},{"floor":9.0,"key":"Singing Bowl"},{"floor":12.0,"key":"Old Coin"},{"floor":23.0,"key":"Shuriken"},{"floor":26.0,"key":"Cables"},{"floor":41,"key":"Regal Pillow"}],"event_choices":[{"event_name":"Bonfire Elementals","player_choice":"BASIC","floor":2.0,"damage_taken":0.0},{"event_name":"Golden Wing","player_choice":"Card Removal","floor":13.0,"damage_taken":0.0},{"event_name":"Addict","player_choice":"Ignored","floor":21.0,"damage_taken":0.0},{"event_name":"Back to Basics","player_choice":"Simplicity","floor":25.0,"damage_taken":0.0},{"event_name":"Falling","player_choice":"Removed Power","floor":37,"damage_taken":0},{"event_name":"Wheel of Change","player_choice":"Gold","floor":38,"damage_taken":0}],"is_beta":true,"boss_relics":[{"not_picked":["Black Star","Fusion Hammer"],"picked":"Orrery"},{"not_picked":["White Beast Statue","Calling Bell"],"picked":"Busted Crown"}],"items_purged_floors":[19],"is_endless":false,"potions_floor_spawned":[3,5,23,28,29,33,35],"killed_by":"Jaw Worm Horde","ascension_level":15}