{"path_per_floor":["M","M","M","?","?","E","R","E","T","R","$","M","E","M","R","B",null,"M","M","$","?","?","E","R","E","T","M","M","$","R","M","R"],"character_chosen":"IRONCLAD","items_purchased":["Lantern","Bottled Lightning"],"gold_per_floor":[111,131,143,143,143,176,176,239,292,292,143,155,184,197,197,301,301,321,338,96,96,96,127,127,154,208,223,236,161,161,177,177,177],"floor_reached":33,"campfire_rested":4,"playtime":2890,"item_purchase_floors":[11,20],"current_hp_per_floor":[80,80,80,73,65,37,61,58,58,58,58,54,47,49,73,45,80,62,61,61,61,61,54,78,60,60,64,56,56,56,44,68,0],"items_purged":["Defend_R"],"gold":177,"score":305,"play_id":"79f5b9ba-0688-49e8-90e6-a18798a7f5fd","local_time":"20180608093644","is_prod":false,"is_daily":false,"chose_seed":false,"is_ascension_mode":false,"campfire_upgraded":2,"win_rate":0,"timestamp":1528465004,"campfire_choices":[{"floor":7,"key":"REST"},{"data":"Searing Blow","floor":10,"key":"SMITH"},{"floor":15,"key":"REST"},{"floor":24,"key":"REST"},{"data":"Double Tap","floor":30,"key":"SMITH"},{"floor":32,"key":"REST"}],"path_taken":["M","M","?","?","?","E","R","E","T","R","$","M","E","M","R","BOSS","M","M","$","?","?","E","R","E","T","M","?","$","R","M","R","BOSS"],"build_version":"2018-06-07","seed_source_timestamp":723030732937,"purchased_purges":1,"victory":false,"master_deck":["Strike_R+1","Strike_R+1","Strike_R","Strike_R","Defend_R","Defend_R","Defend_R","Bash","Battle Trance","Headbutt","Dual Wield","Searing Blow+1","Metallicize","Double Tap+1","Immolate","Rage","Intimidate","Metallicize+1","Shockwave+1","Shrug It Off+1","Armaments+1"],"max_hp_per_floor":[80,80,80,80,80,80,80,80,80,80,80,80,80,80,80,80,80,80,80,80,80,80,80,80,80,80,80,80,80,80,80,80,80],"relics":["Burning Blood","NeowsBlessing","Toolbox","Tiny Chest","Omamori","Lantern","Bag of Preparation","Orrery","Bottled Lightning","Mummified Hand","Frozen Egg 2","Toxic Egg 2","Whetstone"],"card_choices":[{"not_picked":["Clash","Seeing Red"],"picked":"Battle Trance","floor":1},{"not_picked":["Cleave","Power Through"],"picked":"Headbutt","floor":2},{"not_picked":["Clothesline","Armaments"],"picked":"Dual Wield","floor":3},{"not_picked":["Evolve","Anger"],"picked":"Searing Blow","floor":6},{"not_picked":["Seeing Red","Sever Soul","Ghostly Armor"],"picked":"SKIP","floor":8},{"not_picked":["Perfected Strike","Clash"],"picked":"Metallicize","floor":12},{"not_picked":["Spot Weakness","Anger"],"picked":"Double Tap","floor":13},{"not_picked":["Body Slam","Perfected Strike","Cleave"],"picked":"SKIP","floor":14},{"not_picked":["Dark Embrace","Reaper"],"picked":"Immolate","floor":16},{"not_picked":["Blood for Blood","Dual Wield"],"picked":"Rage","floor":17},{"not_picked":["Shockwave","Metallicize"],"picked":"Intimidate","floor":17},{"not_picked":["Clash+1","Sword Boomerang","Inflame+1"],"picked":"SKIP","floor":18},{"not_picked":["Heavy Blade+1","Wild Strike","Pommel Strike+1"],"picked":"SKIP","floor":19},{"not_picked":["Heavy Blade","Perfected Strike"],"picked":"Metallicize","floor":23},{"not_picked":["Reaper","Body Slam"],"picked":"Shockwave","floor":25},{"not_picked":["Flex+1","Clothesline"],"picked":"Shrug It Off+1","floor":27},{"not_picked":["Thunderclap","Warcry+1"],"picked":"Armaments+1","floor":28},{"not_picked":["Berserk+1","Burning Pact+1","Shrug It Off+1"],"picked":"SKIP","floor":31}],"player_experience":76754,"potions_floor_usage":[6,6,8,16,23,23,23,25,31],"damage_taken":[{"damage":0,"enemies":"Cultist","floor":1,"turns":1},{"damage":0,"enemies":"2 Louse","floor":2,"turns":1},{"damage":0,"enemies":"Jaw Worm","floor":3,"turns":1},{"damage":34,"enemies":"3 Sentries","floor":6,"turns":9},{"damage":21,"enemies":"Gremlin Nob","floor":8,"turns":4},{"damage":10,"enemies":"Exordium Thugs","floor":12,"turns":3},{"damage":13,"enemies":"3 Sentries","floor":13,"turns":6},{"damage":4,"enemies":"Blue Slaver","floor":14,"turns":3},{"damage":49,"enemies":"The Guardian","floor":16,"turns":11},{"damage":24,"enemies":"Spheric Guardian","floor":18,"turns":4},{"damage":7,"enemies":"Chosen","floor":19,"turns":4},{"damage":13,"enemies":"Gremlin Leader","floor":23,"turns":8},{"damage":24,"enemies":"Slavers","floor":25,"turns":7},{"damage":2,"enemies":"3 Cultists","floor":27,"turns":4},{"damage":14,"enemies":"Snecko","floor":28,"turns":5},{"damage":18,"enemies":"Slaver and Parasite","floor":31,"turns":7},{"damage":68,"enemies":"Collector","floor":33,"turns":10}],"relics_obtained":[{"floor":6,"key":"Toolbox"},{"floor":8,"key":"Tiny Chest"},{"floor":9,"key":"Omamori"},{"floor":13,"key":"Bag of Preparation"},{"floor":23,"key":"Frozen Egg 2"},{"floor":25,"key":"Toxic Egg 2"},{"floor":26,"key":"Whetstone"}],"event_choices":[{"event_name":"Golden Wing","player_choice":"Card Removal","floor":4,"damage_taken":0},{"event_name":"Wheel of Change","player_choice":"Damage","floor":5,"damage_taken":0},{"event_name":"The Woman in Blue","player_choice":"Bought 0 Potions","floor":21,"damage_taken":0},{"event_name":"The Mausoleum","player_choice":"Yes","floor":22,"damage_taken":0}],"boss_relics":[{"not_picked":["Velvet Choker","Cursed Key"],"picked":"Orrery"}],"items_purged_floors":[29],"potions_floor_spawned":[2,3,6,14,16,18,19,23,28],"seed_played":"-4427605514410958391","killed_by":"Collector","ascension_level":0,"potions_obtained":[{"floor":2,"key":"PowerPotion"},{"floor":3,"key":"EssenceOfSteel"},{"floor":6,"key":"Regen Potion"},{"floor":14,"key":"Regen Potion"},{"floor":16,"key":"Explosive Potion"},{"floor":18,"key":"PowerPotion"},{"floor":19,"key":"EssenceOfSteel"},{"floor":23,"key":"Explosive Potion"},{"floor":28,"key":"Explosive Potion"}],"is_trial":false}