{"gold_per_floor":[117,267,28,48,25,25,71,71,152,183,4,18,36,36,36,125,125,141,165,165,190,190,190,210,210,210,210,125,196,212,212,212,303,303,317,650,670,688,98,127,127,127,175,175,188,188,188,202,202,202],"floor_reached":51,"playtime":1919,"items_purged":["Doubt"],"score":1372,"play_id":"8afe4da1-2292-40cb-826d-5a375c790e07","local_time":"20180809225853","is_ascension_mode":true,"campfire_choices":[{"data":"Zap","floor":6.0,"key":"SMITH"},{"data":"Redo","floor":8.0,"key":"SMITH"},{"data":"Hologram","floor":15.0,"key":"SMITH"},{"floor":23.0,"key":"REST"},{"data":"Hologram","floor":25.0,"key":"SMITH"},{"data":"Ghostly","floor":32.0,"key":"SMITH"},{"data":"Ghostly","floor":41.0,"key":"SMITH"},{"data":"Ghostly","floor":44.0,"key":"SMITH"},{"data":"Ghostly","floor":46.0,"key":"SMITH"},{"data":"Ghostly","floor":49.0,"key":"SMITH"}],"neow_cost":"","seed_source_timestamp":53407060442197,"circlet_count":0,"master_deck":["Strike_B","Strike_B","Strike_B","Strike_B","Defend_B","Defend_B","Defend_B","Defend_B","Zap+1","Dualcast","AscendersBane","Redo+1","All For One","Gash","Hologram+1","Gash+1","Hologram+1","Doom and Gloom+1","Streamline+1","Steam","Turbo","Stack","All For One+1","Coolheaded","Go for the Eyes+1","Force Field","Ghostly+1","Ghostly+1","Ghostly+1","Ghostly+1","Ghostly+1","Leap","Leap","Hello World","Hologram","Core Surge+1","Reinforced Body","Discovery","Leap","Buffer","Stack","Defragment"],"special_seed":0,"relics":["Cracked Core","Lantern","Molten Egg 2","Gambling Chip","Snecko Eye","Du-Vu Doll","Symbiotic Virus","Runic Dome","Kunai","Toolbox","Omamori","Pen Nib"],"potions_floor_usage":[50],"damage_taken":[{"damage":0.0,"enemies":"Small Slimes","floor":1.0,"turns":2.0},{"damage":7.0,"enemies":"Jaw Worm","floor":4.0,"turns":3.0},{"damage":34.0,"enemies":"Gremlin Nob","floor":10.0,"turns":4.0},{"damage":0.0,"enemies":"Cultist","floor":12.0,"turns":1.0},{"damage":0.0,"enemies":"Red Slaver","floor":13.0,"turns":3.0},{"damage":6.0,"enemies":"Hexaghost","floor":16.0,"turns":5.0},{"damage":27.0,"enemies":"Shell Parasite","floor":18.0,"turns":6.0},{"damage":0.0,"enemies":"Chosen","floor":19.0,"turns":4.0},{"damage":24.0,"enemies":"Sentry and Sphere","floor":21.0,"turns":6.0},{"damage":0.0,"enemies":"Centurion and Healer","floor":24.0,"turns":1.0},{"damage":0.0,"enemies":"Chosen and Byrds","floor":30.0,"turns":6.0},{"damage":0.0,"enemies":"Collector","floor":33.0,"turns":2.0},{"damage":1.0,"enemies":"3 Shapes","floor":35.0,"turns":7.0},{"damage":0.0,"enemies":"Flame Bruiser 1 Orb","floor":37.0,"turns":4.0},{"damage":0.0,"enemies":"Sphere and 2 Shapes","floor":38.0,"turns":7.0},{"damage":6.0,"enemies":"2 Orb Walkers","floor":40.0,"turns":8.0},{"damage":0.0,"enemies":"Snecko and Mystics","floor":45.0,"turns":6.0},{"damage":0.0,"enemies":"4 Shapes","floor":48.0,"turns":3.0},{"damage":17,"enemies":"Awakened One","floor":50,"turns":7}],"seed_played":"-3781283708758761112","potions_obtained":[{"floor":4.0,"key":"Explosive Potion"},{"floor":12.0,"key":"Strength Potion"},{"floor":21.0,"key":"Weak Potion"}],"is_trial":false,"path_per_floor":["M","?","$","M","$","R","T","R","T","E","$","M","M","?","R","B",null,"M","M","?","M","?","R","M","R","T","?","$","T","M","?","R","B",null,"M","?","M","M","$","E","R","?","T","R","M","R","?","M","R","B"],"character_chosen":"DEFECT","items_purchased":["All For One","Hologram","Hologram","Doom and Gloom+1","Streamline+1","Steam","Leap","Hello World","Kunai","Discovery","Leap","Toolbox"],"campfire_rested":1,"item_purchase_floors":[3,5,11,11,11,11,28,28,39,39,39,39],"current_hp_per_floor":[64,64,64,57,57,57,57,57,57,23,23,23,23,23,23,17,52,25,25,25,1,1,10,10,10,10,10,10,10,10,10,10,10,27,26,26,26,26,26,20,20,26,26,26,26,26,26,26,26,9],"gold":202,"neow_bonus":"","is_prod":false,"is_daily":false,"chose_seed":false,"campfire_upgraded":9,"win_rate":0,"timestamp":1533880733,"path_taken":["M","?","$","?","?","R","?","R","T","E","$","M","M","?","R","BOSS","M","M","?","M","?","R","M","R","T","?","$","?","?","?","R","BOSS","M","?","?","M","$","E","R","?","T","R","?","R","?","M","R","BOSS"],"build_version":"2018-08-08","purchased_purges":1,"victory":true,"max_hp_per_floor":[71,71,71,71,71,71,71,71,71,71,71,71,71,64,64,64,64,64,64,64,64,32,32,32,32,32,32,32,32,32,32,32,32,32,32,32,32,32,32,32,32,32,32,32,32,32,32,32,32,32],"card_choices":[{"not_picked":["Steam","Stack"],"picked":"Redo","floor":1.0},{"not_picked":["Skim","Streamline"],"picked":"Gash","floor":4.0},{"not_picked":["Seek","Loop"],"picked":"Gash+1","floor":10.0},{"not_picked":["Hologram","Skim"],"picked":"Turbo","floor":12.0},{"not_picked":["Rebound+1","Sweeping Beam+1"],"picked":"Stack","floor":13.0},{"not_picked":["Creative AI","Echo Form"],"picked":"All For One+1","floor":16.0},{"not_picked":["Rebound+1","Sweeping Beam+1"],"picked":"Coolheaded","floor":18.0},{"not_picked":["Capacitor","Heatsinks+1"],"picked":"Go for the Eyes+1","floor":19.0},{"not_picked":["Reprogram","Redo"],"picked":"Force Field","floor":21.0},{"not_picked":["Sweeping Beam+1","Go for the Eyes+1"],"picked":"Leap","floor":24.0},{"not_picked":["Barrage+1","Creative AI"],"picked":"Hologram","floor":30.0},{"not_picked":["Electrodynamics","Creative AI"],"picked":"Core Surge+1","floor":33.0},{"not_picked":["Gash+1","Static Discharge+1"],"picked":"Reinforced Body","floor":38.0},{"not_picked":["Leap","Cold Snap+1"],"picked":"Buffer","floor":40.0},{"not_picked":["Compile Driver+1","Conserve Battery"],"picked":"Stack","floor":45.0},{"not_picked":["Skim+1","Scrape+1"],"picked":"Defragment","floor":48.0}],"player_experience":781305,"relics_obtained":[{"floor":7.0,"key":"Lantern"},{"floor":9.0,"key":"Molten Egg 2"},{"floor":10.0,"key":"Gambling Chip"},{"floor":26.0,"key":"Du-Vu Doll"},{"floor":29.0,"key":"Symbiotic Virus"},{"floor":40.0,"key":"Omamori"},{"floor":43.0,"key":"Pen Nib"}],"event_choices":[{"event_name":"Liars Game","player_choice":"agreed","floor":2.0,"damage_taken":0.0},{"event_name":"Golden Idol","player_choice":"Lose Max HP","floor":14.0,"damage_taken":0.0},{"event_name":"The Mausoleum","player_choice":"No","floor":20.0,"damage_taken":0.0},{"event_name":"Ghosts","player_choice":"Became a Ghost","floor":22.0,"damage_taken":0.0},{"event_name":"Cursed Tome","player_choice":"Ignored","floor":27.0,"damage_taken":0.0},{"event_name":"N\u0027loth","player_choice":"Ignored","floor":31.0,"damage_taken":0.0},{"event_name":"The Moai Head","player_choice":"Gave Idol","floor":36.0,"damage_taken":0.0},{"event_name":"Winding Halls","player_choice":"Writhe","floor":42.0,"damage_taken":0.0},{"event_name":"SensoryStone","player_choice":"Memory 1","floor":47.0,"damage_taken":0.0}],"is_beta":true,"boss_relics":[{"not_picked":["Cursed Key","Tiny House"],"picked":"Snecko Eye"},{"not_picked":["Eternal Feather","Black Star"],"picked":"Runic Dome"}],"items_purged_floors":[3],"is_endless":false,"potions_floor_spawned":[4,12,16,21,24,33,35,37,45],"ascension_level":15}