{"gold_per_floor":[119,136,211,229,243,243,275,289,289,289,305,39,39,51,51,153,153,167,67,85,113,113,113,142,158,158,158,158,158,158,173,173,270,270,288,305,318,318,540,540,566,393,393,7,58,58,75,90,90,90,90,90,42,74,74],"floor_reached":55,"playtime":4023,"items_purged":["Strike_G","Strike_G","Writhe"],"score":717,"play_id":"2c8d4f11-5259-43dc-bea3-8bf7ce88c019","local_time":"20190615232008","is_ascension_mode":false,"campfire_choices":[{"data":"Dagger Spray","floor":6,"key":"SMITH"},{"floor":10,"key":"RECALL"},{"data":"Blade Dance","floor":15,"key":"SMITH"},{"data":"Accuracy","floor":23,"key":"SMITH"},{"data":"Skewer","floor":30,"key":"SMITH"},{"data":"Malaise","floor":32,"key":"SMITH"},{"floor":40,"key":"REST"},{"floor":46,"key":"REST"},{"data":"Strike_G","floor":49,"key":"PURGE"},{"data":"After Image","floor":52,"key":"SMITH"}],"neow_cost":"NONE","seed_source_timestamp":342851804478070,"circlet_count":0,"master_deck":["Defend_G","Defend_G","Defend_G","Defend_G","Survivor","Neutralize+1","Impatience","Infinite Blades","Dagger Spray+1","Deflect","Escape Plan","Doppelganger","Backstab+1","PiercingWail","Backstab","Backflip","Footwork+1","Infinite Blades","Blade Dance+1","Malaise+1","Bullet Time+1","Crippling Poison+1","Die Die Die+1","Blade Dance","Cloak And Dagger","Accuracy+1","Skewer+1","Accuracy","Finisher","After Image+1","Blade Dance+1","Cloak And Dagger+1","Backstab","Master of Strategy","Adrenaline","Footwork","Escape Plan+1","PiercingWail+1","Backstab"],"relics":["Ring of the Snake","Prayer Wheel","Pen Nib","Chemical X","Astrolabe","Red Mask","Whetstone","Pantograph","WristBlade","Lantern","Pear","OrangePellets","Peace Pipe","Mercury Hourglass"],"potions_floor_usage":[7,7,24,31,36,41,41,50,54,55,55],"damage_taken":[{"damage":0,"enemies":"2 Louse","floor":1,"turns":2},{"damage":3,"enemies":"Jaw Worm","floor":2,"turns":3},{"damage":0,"enemies":"Small Slimes","floor":4,"turns":3},{"damage":1,"enemies":"2 Fungi Beasts","floor":5,"turns":4},{"damage":33,"enemies":"Lagavulin","floor":7,"turns":7},{"damage":3,"enemies":"Looter","floor":8,"turns":3},{"damage":0,"enemies":"Large Slime","floor":11,"turns":4},{"damage":0,"enemies":"Exordium Wildlife","floor":14,"turns":4},{"damage":12,"enemies":"Slime Boss","floor":16,"turns":11},{"damage":0,"enemies":"Spheric Guardian","floor":18,"turns":3},{"damage":14,"enemies":"Chosen","floor":20,"turns":5},{"damage":3,"enemies":"Masked Bandits","floor":21,"turns":5},{"damage":18,"enemies":"Slavers","floor":24,"turns":5},{"damage":7,"enemies":"Snecko","floor":25,"turns":4},{"damage":0,"enemies":"Shelled Parasite and Fungi","floor":31,"turns":3},{"damage":45,"enemies":"Automaton","floor":33,"turns":8},{"damage":13,"enemies":"3 Darklings","floor":35,"turns":4},{"damage":4,"enemies":"Orb Walker","floor":36,"turns":3},{"damage":12,"enemies":"3 Darklings","floor":37,"turns":4},{"damage":19,"enemies":"Reptomancer","floor":41,"turns":5},{"damage":19,"enemies":"2 Orb Walkers","floor":45,"turns":5},{"damage":0,"enemies":"Maw","floor":47,"turns":7},{"damage":0,"enemies":"Sphere and 2 Shapes","floor":48,"turns":3},{"damage":76,"enemies":"Time Eater","floor":50,"turns":12},{"damage":19,"enemies":"Shield and Spear","floor":54,"turns":5},{"damage":97,"enemies":"The Heart","floor":55,"turns":11}],"seed_played":"8280047301262452113","potions_obtained":[{"floor":2,"key":"Regen Potion"},{"floor":5,"key":"Poison Potion"},{"floor":8,"key":"Regen Potion"},{"floor":21,"key":"Dexterity Potion"},{"floor":24,"key":"Block Potion"},{"floor":31,"key":"Swift Potion"},{"floor":33,"key":"EssenceOfSteel"},{"floor":35,"key":"Fire Potion"},{"floor":36,"key":"Strength Potion"},{"floor":37,"key":"Dexterity Potion"},{"floor":47,"key":"Swift Potion"},{"floor":48,"key":"Dexterity Potion"}],"is_trial":false,"path_per_floor":["M","M","?","M","M","R","E","M","T","R","M","$","?","M","R","B",null,"M","$","M","?","?","R","E","M","T","?","?","?","R","M","R","B",null,"M","M","M","?","?","R","E","$","T","$","?","R","M","M","R","B",null,"R","$","E","B"],"character_chosen":"THE_SILENT","items_purchased":["Chemical X","Footwork","Cloak And Dagger","Adrenaline","OrangePellets","Footwork","SpeedPotion"],"campfire_rested":2,"item_purchase_floors":[12,12,19,42,44,44,53],"current_hp_per_floor":[70,67,56,56,55,55,37,34,34,34,34,34,34,34,34,22,70,70,70,56,53,53,53,49,42,42,42,42,42,42,42,42,22,70,57,53,41,41,41,62,43,43,53,53,34,58,58,58,58,4,80,80,80,61,0],"gold":74,"neow_bonus":"RANDOM_COLORLESS","is_prod":false,"is_daily":false,"chose_seed":false,"campfire_upgraded":6,"win_rate":0,"timestamp":1560658808,"path_taken":["M","M","?","M","M","R","E","M","T","R","M","$","?","M","R","BOSS","M","$","M","?","?","R","E","M","T","?","?","?","R","M","R","BOSS","M","M","M","?","?","R","E","$","T","$","?","R","M","M","R","BOSS","R","$","E","BOSS"],"build_version":"2019-01-23","purchased_purges":3,"victory":false,"max_hp_per_floor":[70,70,70,70,70,70,70,70,70,70,70,70,70,70,70,70,70,70,70,70,70,70,70,70,70,70,70,70,70,70,70,70,70,70,70,70,70,70,70,70,70,70,80,80,80,80,80,80,80,80,80,80,80,80,80],"card_choices":[{"not_picked":["Underhanded Strike","Bane"],"picked":"Infinite Blades","floor":1},{"not_picked":["Deflect","Quick Slash"],"picked":"Dagger Spray","floor":2},{"not_picked":["Outmaneuver","Dagger Spray"],"picked":"Deflect","floor":4},{"not_picked":["Bane","Flying Knee"],"picked":"Escape Plan","floor":5},{"not_picked":["Slice","Bane"],"picked":"Doppelganger","floor":7},{"not_picked":["Reflex","Quick Slash"],"picked":"Backstab","floor":8},{"not_picked":["Poisoned Stab","Quick Slash"],"picked":"PiercingWail","floor":8},{"not_picked":["Dagger Spray","PiercingWail"],"picked":"Backstab","floor":11},{"not_picked":["Poisoned Stab","Dodge and Roll"],"picked":"Backflip","floor":11},{"not_picked":["Sucker Punch","Venomology"],"picked":"Infinite Blades","floor":14},{"not_picked":["Sucker Punch","Dodge and Roll"],"picked":"Blade Dance","floor":14},{"not_picked":["Corpse Explosion","Tools of the Trade"],"picked":"Malaise","floor":16},{"not_picked":["Dagger Spray","Quick Slash"],"picked":"Blade Dance","floor":18},{"not_picked":["Sucker Punch","Terror","Slice"],"picked":"SKIP","floor":18},{"not_picked":["Burst","Escape Plan"],"picked":"Accuracy","floor":20},{"not_picked":["Distraction","Dodge and Roll"],"picked":"Skewer","floor":20},{"not_picked":["Tactician","Phantasmal Killer"],"picked":"Accuracy","floor":24},{"not_picked":["Leg Sweep","Acrobatics"],"picked":"Finisher","floor":25},{"not_picked":["Outmaneuver","Deflect","Quick Slash"],"picked":"SKIP","floor":25},{"not_picked":["Blade Dance","Underhanded Strike","Blur"],"picked":"SKIP","floor":31},{"not_picked":["Masterful Stab","Endless Agony","Dodge and Roll"],"picked":"SKIP","floor":31},{"not_picked":["Night Terror","A Thousand Cuts"],"picked":"After Image","floor":33},{"not_picked":["Sucker Punch","Caltrops"],"picked":"Blade Dance+1","floor":35},{"not_picked":["Crippling Poison+1","Slice"],"picked":"Cloak And Dagger+1","floor":35},{"not_picked":["Outmaneuver+1","Poisoned Stab+1"],"picked":"Backstab","floor":36},{"not_picked":["Poisoned Stab+1","Setup+1","Bane+1"],"picked":"SKIP","floor":36},{"not_picked":["Dodge and Roll+1","Outmaneuver","Deflect"],"picked":"SKIP","floor":37},{"not_picked":["Underhanded Strike+1","Blade Dance","Terror+1"],"picked":"SKIP","floor":37},{"not_picked":["Finesse","Swift Strike"],"picked":"Master of Strategy","floor":38},{"not_picked":["Finisher","PiercingWail+1","Well Laid Plans"],"picked":"SKIP","floor":41},{"not_picked":["Acrobatics","Flying Knee+1"],"picked":"Escape Plan+1","floor":47},{"not_picked":["Riddle With Holes","Backflip+1","Blade Dance+1"],"picked":"SKIP","floor":47},{"not_picked":["Die Die Die","Poisoned Stab"],"picked":"PiercingWail+1","floor":48},{"not_picked":["Poisoned Stab","Prepared+1","Deflect"],"picked":"SKIP","floor":48},{"not_picked":["Acrobatics","Noxious Fumes"],"picked":"Backstab","floor":54}],"player_experience":825106,"relics_obtained":[{"floor":7,"key":"Prayer Wheel"},{"floor":9,"key":"Pen Nib"},{"floor":21,"key":"Red Mask"},{"floor":24,"key":"Whetstone"},{"floor":41,"key":"Lantern"},{"floor":43,"key":"Pear"},{"floor":45,"key":"Peace Pipe"},{"floor":54,"key":"Mercury Hourglass"}],"event_choices":[{"damage_healed":0,"gold_gain":75,"player_choice":"Gather Gold","damage_taken":11,"max_hp_gain":0,"max_hp_loss":0,"event_name":"World of Goop","floor":3,"gold_loss":0},{"damage_healed":0,"gold_gain":0,"player_choice":"Grow","damage_taken":0,"max_hp_gain":0,"max_hp_loss":0,"event_name":"Living Wall","floor":13,"gold_loss":0,"cards_upgraded":["Footwork"]},{"damage_healed":0,"gold_gain":0,"player_choice":"Fought Bandits","damage_taken":0,"max_hp_gain":0,"max_hp_loss":0,"event_name":"Masked Bandits","floor":21,"gold_loss":0},{"damage_healed":0,"gold_gain":0,"player_choice":"Ignored","damage_taken":0,"max_hp_gain":0,"max_hp_loss":0,"event_name":"Vampires","floor":22,"gold_loss":0},{"damage_healed":0,"gold_gain":0,"player_choice":"Opened","damage_taken":0,"relics_obtained":["Pantograph"],"max_hp_gain":0,"max_hp_loss":0,"event_name":"The Mausoleum","floor":27,"gold_loss":0,"cards_obtained":["Writhe"]},{"damage_healed":0,"gold_gain":0,"player_choice":"Ignored","damage_taken":0,"max_hp_gain":0,"max_hp_loss":0,"event_name":"Ghosts","floor":28,"gold_loss":0},{"damage_healed":0,"gold_gain":0,"player_choice":"Ignored","damage_taken":0,"max_hp_gain":0,"max_hp_loss":0,"event_name":"Cursed Tome","floor":29,"gold_loss":0},{"damage_healed":0,"gold_gain":0,"player_choice":"Memory 1","damage_taken":0,"max_hp_gain":0,"max_hp_loss":0,"event_name":"SensoryStone","floor":38,"gold_loss":0},{"damage_healed":0,"gold_gain":222,"player_choice":"Wore Mask","damage_taken":0,"max_hp_gain":0,"max_hp_loss":0,"event_name":"Tomb of Lord Red Mask","floor":39,"gold_loss":0},{"damage_healed":0,"gold_gain":0,"player_choice":"Fight","damage_taken":0,"max_hp_gain":0,"max_hp_loss":0,"event_name":"Mysterious Sphere","floor":45,"gold_loss":0}],"is_beta":false,"boss_relics":[{"not_picked":["Snecko Eye","Coffee Dripper"],"picked":"Astrolabe"},{"not_picked":["Runic Pyramid","Sozu"],"picked":"WristBlade"}],"items_purged_floors":[19,42,44],"is_endless":false,"potions_floor_spawned":[2,5,8,21,24,31,33,35,36,37,47,48],"killed_by":"The Heart","ascension_level":0}