{"gold_per_floor":[109,127,127,127,127,127,167,167,167,167,190,270,345,361,361,454,454,475,36,36],"floor_reached":20,"playtime":399,"items_purged":["Strike_B"],"score":390,"play_id":"b4d845aa-71c8-482c-a0c3-9b5178fba6a0","local_time":"20190116002647","is_ascension_mode":true,"campfire_choices":[{"data":"Streamline","floor":6,"key":"SMITH"},{"data":"Zap","floor":8,"key":"SMITH"},{"data":"Strike_B","floor":10,"key":"PURGE"},{"data":"Strike_B","floor":15,"key":"PURGE"}],"neow_cost":"NONE","seed_source_timestamp":950541988297,"circlet_count":0,"master_deck":["AscendersBane","Strike_B","Defend_B","Defend_B","Defend_B","Defend_B","Zap+1","Dualcast","Streamline+1","Ball Lightning","Defragment","Leap","Thunder Strike","Redo","Steam","Defragment"],"relics":["Cracked Core","NeowsBlessing","Golden Idol","Juzu Bracelet","Peace Pipe","Boot","Inserter","OrangePellets"],"potions_floor_usage":[16,18,18],"damage_taken":[{"damage":0,"enemies":"Jaw Worm","floor":1,"turns":1},{"damage":0,"enemies":"Small Slimes","floor":2,"turns":1},{"damage":0,"enemies":"3 Sentries","floor":7,"turns":1},{"damage":7,"enemies":"2 Louse","floor":11,"turns":2},{"damage":8,"enemies":"Gremlin Nob","floor":12,"turns":3},{"damage":0,"enemies":"Large Slime","floor":14,"turns":4},{"damage":25,"enemies":"The Guardian","floor":16,"turns":9},{"damage":19,"enemies":"3 Byrds","floor":18,"turns":5},{"damage":24,"enemies":"Shell Parasite","floor":20,"turns":4}],"seed_played":"6864098219740569404","potions_obtained":[{"floor":1,"key":"Energy Potion"},{"floor":11,"key":"Explosive Potion"},{"floor":16,"key":"Swift Potion"},{"floor":18,"key":"SteroidPotion"}],"is_trial":false,"path_per_floor":["M","M","?","?","?","R","E","R","T","R","M","?","?","M","R","B",null,"M","$","M"],"character_chosen":"DEFECT","items_purchased":["OrangePellets","Steam","Defragment"],"campfire_rested":0,"item_purchase_floors":[19,19,19],"current_hp_per_floor":[64,64,64,69,69,69,69,69,69,69,62,54,43,43,43,18,56,37,37,13],"gold":36,"neow_bonus":"THREE_ENEMY_KILL","is_prod":false,"is_daily":false,"chose_seed":false,"campfire_upgraded":2,"win_rate":0,"timestamp":1547627207,"path_taken":["M","M","?","?","?","R","E","R","T","R","M","?","?","M","R","BOSS","M","$","M"],"build_version":"2019-01-14v2","purchased_purges":1,"victory":false,"max_hp_per_floor":[71,71,64,69,69,69,69,69,69,69,69,69,69,69,69,69,69,69,69,69],"card_choices":[{"not_picked":["Stack","Barrage"],"picked":"Streamline","floor":1},{"not_picked":["Gash","Stack"],"picked":"Ball Lightning","floor":2},{"not_picked":["Steam","Gash"],"picked":"Defragment","floor":11},{"not_picked":["Streamline","Ball Lightning"],"picked":"Leap","floor":14},{"not_picked":["Core Surge","Multi-Cast"],"picked":"Thunder Strike","floor":16},{"not_picked":["Barrage","Ball Lightning"],"picked":"Redo","floor":18}],"player_experience":1022957,"relics_obtained":[{"floor":7,"key":"Juzu Bracelet"},{"floor":9,"key":"Peace Pipe"},{"floor":12,"key":"Boot"}],"event_choices":[{"damage_healed":0,"gold_gain":0,"player_choice":"Lose Max HP","damage_taken":0,"relics_obtained":["Golden Idol"],"max_hp_gain":0,"max_hp_loss":7,"event_name":"Golden Idol","floor":3,"gold_loss":0},{"damage_healed":0,"gold_gain":0,"player_choice":"Donut","damage_taken":0,"max_hp_gain":5,"max_hp_loss":0,"event_name":"Big Fish","floor":4,"gold_loss":0},{"damage_healed":0,"gold_gain":0,"player_choice":"Ignored","damage_taken":0,"max_hp_gain":0,"max_hp_loss":0,"event_name":"Liars Game","floor":5,"gold_loss":0},{"damage_healed":0,"gold_gain":0,"player_choice":"Searched \u00271\u0027 times","damage_taken":0,"max_hp_gain":0,"max_hp_loss":0,"event_name":"Dead Adventurer","floor":12,"gold_loss":0},{"damage_healed":0,"gold_gain":75,"player_choice":"Gather Gold","damage_taken":11,"max_hp_gain":0,"max_hp_loss":0,"event_name":"World of Goop","floor":13,"gold_loss":0}],"is_beta":true,"boss_relics":[{"not_picked":["Orrery","Eternal Feather"],"picked":"Inserter"}],"items_purged_floors":[19],"is_endless":false,"potions_floor_spawned":[1,11,16,18],"killed_by":"Shell Parasite","ascension_level":20}