{"gold_per_floor":[113,124,124,46,71,71,103,103,129,129,160,160,191,191,191,269,269,283,283,18,18,28,28,28,62,110,70,86,86,86],"floor_reached":30,"playtime":835,"items_purged":[],"score":560,"play_id":"3444c047-e899-45a5-9fe6-3c107830194c","local_time":"20190323121013","is_ascension_mode":true,"campfire_choices":[{"data":"Zap","floor":6.0,"key":"SMITH"},{"floor":8.0,"key":"REST"},{"data":"Chill","floor":10.0,"key":"SMITH"},{"data":"Dualcast","floor":12.0,"key":"SMITH"},{"data":"Streamline","floor":15.0,"key":"SMITH"},{"floor":23.0,"key":"REST"}],"neow_cost":"NONE","seed_source_timestamp":2256108254479,"circlet_count":0,"master_deck":["AscendersBane","Strike_B","Strike_B","Strike_B","Strike_B","Defend_B+1","Defend_B+1","Defend_B","Defend_B","Zap+1","Dualcast+1","Conserve Battery","Ball Lightning","Cold Snap","Cold Snap","Leap","Streamline+1","Genetic Algorithm","Chill+1","Ball Lightning","Undo","Echo Form","Capacitor","Apotheosis","Cold Snap","Ball Lightning","White Noise+1","Blizzard"],"special_seed":0,"relics":["Orrery","Smiling Mask","Regal Pillow","War Paint","Potion Belt","Bronze Scales","Fusion Hammer","Darkstone Periapt","Centennial Puzzle"],"potions_floor_usage":[29],"damage_taken":[{"damage":3.0,"enemies":"Small Slimes","floor":1.0,"turns":3.0},{"damage":0.0,"enemies":"Cultist","floor":2.0,"turns":4.0},{"damage":49.0,"enemies":"Gremlin Nob","floor":7.0,"turns":5.0},{"damage":11.0,"enemies":"3 Sentries","floor":11.0,"turns":8.0},{"damage":6.0,"enemies":"Lagavulin","floor":13.0,"turns":6.0},{"damage":22.0,"enemies":"Slime Boss","floor":16.0,"turns":12.0},{"damage":14.0,"enemies":"Chosen","floor":18.0,"turns":6.0},{"damage":0.0,"enemies":"Spheric Guardian","floor":22.0,"turns":4.0},{"damage":54.0,"enemies":"Gremlin Leader","floor":25.0,"turns":9.0},{"damage":0.0,"enemies":"Centurion and Healer","floor":28.0,"turns":7.0},{"damage":0,"enemies":"Book of Stabbing","floor":29,"turns":1},{"damage":18,"enemies":"3 Cultists","floor":30,"turns":4}],"seed_played":"815631936200801683","potions_obtained":[{"floor":7.0,"key":"Poison Potion"},{"floor":16.0,"key":"PowerPotion"},{"floor":25.0,"key":"FocusPotion"},{"floor":27.0,"key":"AttackPotion"},{"floor":27.0,"key":"FocusPotion"},{"floor":27.0,"key":"SmokeBomb"}],"is_trial":false,"path_per_floor":["M","M","?","$","T","R","E","R","T","R","E","R","E","?","R","B",null,"M","?","$","?","M","R","$","E","T","?","M","E","M"],"character_chosen":"DEFECT","items_purchased":["Genetic Algorithm","Apotheosis","Cold Snap"],"campfire_rested":2,"item_purchase_floors":[4,20,20],"current_hp_per_floor":[61,61,66,66,66,66,17,53,53,53,42,42,36,36,36,14,57,43,43,43,43,43,71,71,17,17,17,17,17,0],"gold":86,"neow_bonus":"BOSS_RELIC","is_prod":false,"is_daily":false,"chose_seed":false,"campfire_upgraded":4,"win_rate":0,"timestamp":1553368213,"path_taken":["M","M","?","$","?","R","E","R","T","R","E","R","E","?","R","BOSS","M","?","$","?","M","R","$","E","T","?","M","E","M"],"build_version":"2019-03-15","purchased_purges":0,"victory":false,"max_hp_per_floor":[71,71,71,71,71,71,71,71,71,71,71,71,71,71,71,71,71,71,71,71,71,71,71,71,71,71,71,71,71,71],"card_choices":[{"not_picked":["Barrage","Stack"],"picked":"Conserve Battery","floor":0.0},{"not_picked":["Compile Driver","Reinforced Body"],"picked":"Ball Lightning","floor":0.0},{"not_picked":["Reinforced Body","Capacitor"],"picked":"Cold Snap","floor":0.0},{"not_picked":["Turbo","Stack"],"picked":"Cold Snap","floor":0.0},{"not_picked":["Steam","Recycle"],"picked":"Leap","floor":0.0},{"not_picked":["Consume","Chaos"],"picked":"Streamline","floor":1.0},{"not_picked":["Leap","Rip and Tear"],"picked":"Streamline","floor":2.0},{"not_picked":["Chaos","Undo"],"picked":"Chill","floor":7.0},{"not_picked":["Scrape","Recycle"],"picked":"Ball Lightning","floor":11.0},{"not_picked":["Rip and Tear","Meteor Strike"],"picked":"Undo","floor":13.0},{"not_picked":["Rainbow","All For One"],"picked":"Echo Form","floor":16.0},{"not_picked":["Cold Snap","Double Energy"],"picked":"Capacitor","floor":18.0},{"not_picked":["Go for the Eyes","Reprogram"],"picked":"Ball Lightning","floor":22.0},{"not_picked":["Echo Form","Coolheaded"],"picked":"White Noise+1","floor":25.0},{"not_picked":["Ball Lightning","Coolheaded"],"picked":"Blizzard","floor":28.0}],"player_experience":1351406,"relics_obtained":[{"floor":5.0,"key":"Smiling Mask"},{"floor":7.0,"key":"Regal Pillow"},{"floor":9.0,"key":"War Paint"},{"floor":11.0,"key":"Potion Belt"},{"floor":13.0,"key":"Bronze Scales"},{"floor":25.0,"key":"Darkstone Periapt"},{"floor":26.0,"key":"Centennial Puzzle"}],"event_choices":[{"cards_removed":["Streamline"],"damage_healed":5.0,"max_hp_gain":0.0,"max_hp_loss":0.0,"gold_gain":0.0,"event_name":"Bonfire Elementals","player_choice":"Offered Common","floor":3.0,"gold_loss":0.0,"damage_taken":0.0},{"cards_removed":["Streamline"],"damage_healed":5.0,"max_hp_gain":0.0,"max_hp_loss":0.0,"gold_gain":0.0,"event_name":"Bonfire Elementals","player_choice":"Offered Special","floor":3.0,"gold_loss":0.0,"damage_taken":0.0},{"damage_healed":0.0,"max_hp_gain":0.0,"max_hp_loss":0.0,"gold_gain":0.0,"event_name":"Liars Game","player_choice":"Ignored","floor":14.0,"gold_loss":0.0,"damage_taken":0.0},{"damage_healed":0.0,"max_hp_gain":0.0,"max_hp_loss":0.0,"gold_gain":0.0,"event_name":"Vampires","player_choice":"Ignored","floor":19.0,"gold_loss":0.0,"damage_taken":0.0},{"damage_healed":0.0,"max_hp_gain":0.0,"max_hp_loss":0.0,"gold_gain":0.0,"event_name":"The Woman in Blue","player_choice":"Bought 3 Potions","floor":27.0,"gold_loss":0.0,"damage_taken":0.0}],"is_beta":true,"boss_relics":[{"not_picked":["Astrolabe","Calling Bell"],"picked":"Fusion Hammer"}],"items_purged_floors":[],"is_endless":false,"potions_floor_spawned":[7,16,25],"killed_by":"3 Cultists","ascension_level":20}