{"gold_per_floor":[119,139,139,139,139,168,168,168,222,147,147,164,180,130,130,232,232,244,343,355,372,391,391,306,306,306,306,318,318,336,351,351,455,455,467,467,467,467,345,345,380,399,426,426,301,311,311,0,0,0],"floor_reached":50,"playtime":602,"items_purged":["Defend_R","Defend_R+1","Strike_R"],"score":518,"play_id":"cd889d66-fb7b-4389-9758-24b941cec2e2","local_time":"20180704225346","is_ascension_mode":false,"campfire_choices":[{"data":"Clash","floor":7,"key":"SMITH"},{"data":"Double Tap","floor":11,"key":"SMITH"},{"data":"Bash","floor":15,"key":"SMITH"},{"floor":23,"key":"REST"},{"floor":25,"key":"REST"},{"floor":29,"key":"REST"},{"floor":32,"key":"REST"},{"floor":40,"key":"REST"},{"floor":44,"key":"REST"},{"floor":47,"key":"REST"},{"floor":49,"key":"REST"}],"neow_cost":"NONE","seed_source_timestamp":13252656736191,"circlet_count":0,"master_deck":["Strike_R+1","Strike_R","Bash+1","Clash+1","Double Tap+1","Inflame+1","Clash+1","Flex"],"relics":["Burning Blood","NeowsBlessing","Frozen Egg 2","Omamori","Fusion Hammer","Bag of Marbles","Mercury Hourglass","Runic Dome","Singing Bowl","Art of War","Red Mask"],"potions_floor_usage":[33,50,50,50],"damage_taken":[{"damage":0,"enemies":"Small Slimes","floor":1,"turns":1},{"damage":0,"enemies":"Jaw Worm","floor":2,"turns":1},{"damage":0,"enemies":"Lagavulin","floor":6,"turns":1},{"damage":5,"enemies":"2 Louse","floor":12,"turns":2},{"damage":0,"enemies":"Exordium Wildlife","floor":13,"turns":2},{"damage":54,"enemies":"Hexaghost","floor":16,"turns":6},{"damage":10,"enemies":"3 Byrds","floor":18,"turns":4},{"damage":12,"enemies":"Shell Parasite","floor":20,"turns":2},{"damage":23,"enemies":"Chosen and Byrds","floor":21,"turns":5},{"damage":8,"enemies":"Centurion and Healer","floor":22,"turns":3},{"damage":0,"enemies":"Snake Plant","floor":28,"turns":1},{"damage":2,"enemies":"Chosen and Byrds","floor":30,"turns":3},{"damage":0,"enemies":"Centurion and Healer","floor":31,"turns":2},{"damage":30,"enemies":"Collector","floor":33,"turns":4},{"damage":9,"enemies":"Flame Bruiser 1 Orb","floor":35,"turns":2},{"damage":26,"enemies":"Giant Head","floor":41,"turns":5},{"damage":9,"enemies":"3 Darklings","floor":42,"turns":2},{"damage":24,"enemies":"Sphere and 2 Shapes","floor":46,"turns":4},{"damage":110,"enemies":"Donu and Deca","floor":50,"turns":4}],"seed_played":"-8085505244763073790","potions_obtained":[{"floor":1,"key":"Swift Potion"},{"floor":6,"key":"GamblersBrew"},{"floor":13,"key":"BloodPotion"},{"floor":22,"key":"Explosive Potion"},{"floor":35,"key":"LiquidBronze"}],"is_trial":false,"path_per_floor":["M","M","?","?","?","E","R","?","T","$","R","M","M","?","R","B",null,"M","?","M","M","M","R","?","R","T","?","M","R","M","M","R","B",null,"M","?","?","?","$","R","E","M","T","R","$","M","R","?","R"],"character_chosen":"IRONCLAD","items_purchased":["Flex"],"campfire_rested":8,"item_purchase_floors":[39],"current_hp_per_floor":[80,80,80,73,57,63,63,63,63,63,63,64,70,70,70,22,80,76,76,70,53,51,75,75,80,80,65,71,85,85,85,85,61,85,82,82,82,82,82,85,67,64,64,87,87,71,89,89,89,0],"gold":0,"neow_bonus":"THREE_ENEMY_KILL","is_prod":false,"is_daily":false,"chose_seed":false,"campfire_upgraded":3,"win_rate":0,"timestamp":1530770026,"path_taken":["M","M","?","?","?","E","R","?","T","$","R","?","M","?","R","BOSS","M","?","?","?","M","R","?","R","T","?","M","R","M","M","R","BOSS","M","?","?","?","$","R","E","?","T","R","$","M","R","?","R","BOSS"],"build_version":"2018-07-03","purchased_purges":3,"victory":false,"max_hp_per_floor":[80,80,80,80,80,80,80,80,80,80,80,80,80,80,80,80,80,80,80,80,80,80,80,80,80,80,85,85,85,85,85,85,85,85,85,85,85,85,85,85,87,87,87,87,87,89,89,89,89,89],"card_choices":[{"not_picked":["Pommel Strike","Sever Soul"],"picked":"Clash","floor":1},{"not_picked":["Fire Breathing","Twin Strike"],"picked":"Double Tap","floor":6},{"not_picked":["Anger","Perfected Strike"],"picked":"Inflame+1","floor":12},{"not_picked":["Disarm","Perfected Strike","Armaments+1"],"picked":"SKIP","floor":22},{"not_picked":["Metallicize+1","Armaments","Pommel Strike"],"picked":"Singing Bowl","floor":41},{"not_picked":["Sword Boomerang","Anger+1","Havoc"],"picked":"Singing Bowl","floor":46}],"player_experience":507493,"relics_obtained":[{"floor":6,"key":"Frozen Egg 2"},{"floor":9,"key":"Omamori"},{"floor":26,"key":"Mercury Hourglass"},{"floor":41,"key":"Singing Bowl"},{"floor":43,"key":"Art of War"}],"event_choices":[{"event_name":"Liars Game","player_choice":"disagreed","floor":3,"damage_taken":0},{"event_name":"Golden Wing","player_choice":"Card Removal","floor":4,"damage_taken":0},{"event_name":"Shining Light","player_choice":"Entered Light","floor":5,"damage_taken":0},{"event_name":"Bonfire Elementals","player_choice":"BASIC","floor":8,"damage_taken":0},{"event_name":"The Cleric","player_choice":"Card Removal","floor":14,"damage_taken":0},{"event_name":"Nest","player_choice":"Stole From Cult","floor":19,"damage_taken":0},{"event_name":"Addict","player_choice":"Obtained Relic","floor":24,"damage_taken":0},{"event_name":"Forgotten Altar","player_choice":"Shed Blood","floor":27,"damage_taken":0},{"event_name":"Duplicator","player_choice":"One dupe","floor":36,"damage_taken":0},{"event_name":"Falling","player_choice":"Removed Attack","floor":37,"damage_taken":0},{"event_name":"Mysterious Sphere","player_choice":"Ignore","floor":38,"damage_taken":0},{"event_name":"Tomb of Lord Red Mask","player_choice":"Paid","floor":48,"damage_taken":0}],"boss_relics":[{"not_picked":["Tiny House","Black Blood"],"picked":"Fusion Hammer"},{"not_picked":["Snecko Eye","Black Star"],"picked":"Runic Dome"}],"items_purged_floors":[10,39,45],"is_endless":false,"potions_floor_spawned":[1,6,13,18,22,30,31,35],"killed_by":"Donu and Deca","ascension_level":0}