{"gold_per_floor":[110,110,185,71,71,71,71],"floor_reached":7,"playtime":169,"items_purged":[],"score":74,"play_id":"6b0f9ac0-daf7-4091-b812-24b1f17268d8","local_time":"20190315182605","is_ascension_mode":true,"campfire_choices":[{"data":"Bash","floor":6,"key":"SMITH"}],"neow_cost":"NONE","seed_source_timestamp":20102637277986,"circlet_count":0,"master_deck":["AscendersBane","Strike_R","Strike_R","Strike_R","Strike_R","Strike_R","Defend_R","Defend_R","Defend_R","Defend_R","Bash+1","Disarm","Iron Wave","Feel No Pain","Feel No Pain","Clothesline","Disarm","Havoc+1","Burning Pact"],"relics":["Orrery","Bag of Marbles"],"potions_floor_usage":[7],"damage_taken":[{"damage":22,"enemies":"Jaw Worm","floor":1,"turns":6},{"damage":26,"enemies":"Lagavulin","floor":7,"turns":7}],"seed_played":"5747362896559986622","potions_obtained":[{"floor":1,"key":"Poison Potion"}],"is_trial":false,"path_per_floor":["M","?","?","$","?","R","E"],"character_chosen":"IRONCLAD","items_purchased":["Havoc","Burning Pact"],"campfire_rested":0,"item_purchase_floors":[4,4],"current_hp_per_floor":[46,41,30,30,30,30,4],"gold":71,"neow_bonus":"BOSS_RELIC","is_prod":false,"is_daily":false,"chose_seed":false,"campfire_upgraded":1,"win_rate":0,"timestamp":1552699565,"path_taken":["M","?","?","$","?","R","E"],"build_version":"2019-02-06","purchased_purges":0,"victory":false,"max_hp_per_floor":[75,75,75,75,75,75,75],"card_choices":[{"not_picked":["Flex","Armaments"],"picked":"Disarm","floor":0},{"not_picked":["Intimidate","Second Wind"],"picked":"Iron Wave","floor":0},{"not_picked":["Pommel Strike","Combust"],"picked":"Feel No Pain","floor":0},{"not_picked":["Blood for Blood","Rampage"],"picked":"Feel No Pain","floor":0},{"not_picked":["Fire Breathing","Reckless Charge"],"picked":"Clothesline","floor":0},{"not_picked":["Iron Wave","Fire Breathing"],"picked":"Disarm","floor":1}],"player_experience":1306638,"relics_obtained":[],"event_choices":[{"damage_healed":0,"gold_gain":0,"player_choice":"Success","damage_taken":5,"relics_obtained":["Bag of Marbles"],"max_hp_gain":0,"max_hp_loss":0,"event_name":"Scrap Ooze","floor":2,"gold_loss":0},{"damage_healed":0,"gold_gain":75,"player_choice":"Gather Gold","damage_taken":11,"max_hp_gain":0,"max_hp_loss":0,"event_name":"World of Goop","floor":3,"gold_loss":0},{"damage_healed":0,"gold_gain":0,"player_choice":"Upgraded","damage_taken":0,"max_hp_gain":0,"max_hp_loss":0,"event_name":"Upgrade Shrine","floor":5,"gold_loss":0,"cards_upgraded":["Havoc"]}],"is_beta":true,"boss_relics":[],"items_purged_floors":[],"is_endless":false,"potions_floor_spawned":[1],"killed_by":"Lagavulin","ascension_level":20}