{"gold_per_floor":[116,116,132,29,100,100,125,125,152,186,205,205,215,115,115,192,192,211,226,4,21,21,21],"floor_reached":23,"playtime":549,"items_purged":["Strike_R"],"score":398,"play_id":"7a2c92fc-d255-4796-8d12-1588b725b784","local_time":"20190807230442","is_ascension_mode":true,"campfire_choices":[{"data":"Armaments","floor":6,"key":"SMITH"},{"data":"Uppercut","floor":8,"key":"SMITH"},{"data":"Shockwave","floor":12,"key":"SMITH"},{"data":"Clash","floor":15,"key":"SMITH"}],"neow_cost":"NONE","seed_source_timestamp":1202033169936,"circlet_count":0,"master_deck":["AscendersBane","Strike_R","Strike_R","Strike_R","Strike_R","Defend_R","Defend_R","Defend_R","Defend_R","Bash","Shockwave+1","Uppercut+1","Armaments+1","Feel No Pain","Clash+1","Juggernaut","Wild Strike+1","Shrug It Off"],"relics":["Oddly Smooth Stone","Dodecahedron","PreservedInsect","Incense Burner","Fusion Hammer","TheAbacus","Nloth\u0027s Gift"],"potions_floor_usage":[7,18,23,23],"damage_taken":[{"damage":0,"enemies":"2 Louse","floor":1,"turns":3},{"damage":0,"enemies":"Cultist","floor":3,"turns":3},{"damage":14,"enemies":"Gremlin Nob","floor":7,"turns":4},{"damage":18,"enemies":"3 Sentries","floor":10,"turns":6},{"damage":5,"enemies":"Jaw Worm","floor":11,"turns":3},{"damage":0,"enemies":"2 Fungi Beasts","floor":13,"turns":3},{"damage":14,"enemies":"The Guardian","floor":16,"turns":9},{"damage":11,"enemies":"Shell Parasite","floor":18,"turns":4},{"damage":12,"enemies":"2 Thieves","floor":19,"turns":4},{"damage":14,"enemies":"Snecko","floor":21,"turns":5},{"damage":0,"enemies":"Gremlin Leader","floor":23,"turns":3}],"seed_played":"2606336445838245178","potions_obtained":[{"floor":1,"key":"SkillPotion"},{"floor":3,"key":"Block Potion"},{"floor":11,"key":"Dexterity Potion"},{"floor":18,"key":"LiquidBronze"},{"floor":21,"key":"Swift Potion"}],"is_trial":false,"path_per_floor":["M","?","M","$","?","R","E","R","T","E","M","R","M","$","R","B",null,"M","M","$","M","?","E"],"character_chosen":"IRONCLAD","items_purchased":["Uppercut","Armaments","Clash","TheAbacus"],"campfire_rested":0,"item_purchase_floors":[4,4,14,20],"current_hp_per_floor":[68,68,68,68,68,68,54,54,54,36,31,31,31,31,31,17,61,50,38,38,24,24,24],"gold":21,"neow_bonus":"BOSS_RELIC","is_prod":false,"is_daily":false,"chose_seed":false,"campfire_upgraded":4,"win_rate":0,"timestamp":1565244282,"path_taken":["M","?","?","$","?","R","E","R","T","E","M","R","M","$","R","BOSS","M","M","$","M","?","E"],"build_version":"2019-07-18","purchased_purges":1,"victory":false,"max_hp_per_floor":[75,75,75,75,75,75,75,75,75,75,75,75,75,75,75,75,75,75,75,75,75,75,75],"card_choices":[{"not_picked":[],"picked":"Shockwave","floor":1},{"not_picked":["Warcry"],"picked":"SKIP","floor":3},{"not_picked":["Sentinel"],"picked":"SKIP","floor":7},{"not_picked":["Flex"],"picked":"SKIP","floor":10},{"not_picked":[],"picked":"Feel No Pain","floor":11},{"not_picked":["Warcry"],"picked":"SKIP","floor":13},{"not_picked":[],"picked":"Juggernaut","floor":16},{"not_picked":[],"picked":"Wild Strike+1","floor":18},{"not_picked":["Seeing Red"],"picked":"SKIP","floor":19},{"not_picked":[],"picked":"Shrug It Off","floor":21}],"player_experience":1386870,"relics_obtained":[{"floor":7,"key":"Dodecahedron"},{"floor":9,"key":"PreservedInsect"},{"floor":10,"key":"Incense Burner"}],"event_choices":[{"damage_healed":0,"gold_gain":0,"player_choice":"Gave Potion","damage_taken":0,"relics_obtained":["Oddly Smooth Stone"],"max_hp_gain":0,"max_hp_loss":0,"event_name":"WeMeetAgain","floor":2,"gold_loss":0},{"damage_healed":0,"gold_gain":71,"player_choice":"Gained Gold","damage_taken":0,"max_hp_gain":0,"max_hp_loss":0,"event_name":"Golden Wing","floor":5,"gold_loss":0},{"damage_healed":0,"gold_gain":0,"player_choice":"Traded Relic","damage_taken":0,"relics_obtained":["Nloth\u0027s Gift"],"max_hp_gain":0,"max_hp_loss":0,"event_name":"N\u0027loth","floor":22,"relics_lost":["Busted Crown"],"gold_loss":0}],"is_beta":true,"boss_relics":[{"not_picked":["Runic Pyramid","Velvet Choker"],"picked":"Fusion Hammer"}],"items_purged_floors":[14],"is_endless":false,"potions_floor_spawned":[1,3,11,18,21],"killed_by":"Gremlin Leader","ascension_level":20}