{"gold_per_floor":[119,133,58,8,8,34,34,51,51,71,71,85,85,105,105,201,201,216,232,132,132,151,151,181,181,181,181,192,102,102,117,117,117],"floor_reached":33,"playtime":871,"items_purged":["Defend_G","Strike_G"],"score":307,"play_id":"26dec5f3-db45-4e05-ac27-89c80f0a399d","local_time":"20190807152226","is_ascension_mode":true,"campfire_choices":[{"data":"Neutralize","floor":7.0,"key":"SMITH"},{"data":"Reflex","floor":15.0,"key":"SMITH"},{"floor":23.0,"key":"REST"},{"floor":25.0,"key":"REST"},{"floor":30,"key":"REST"},{"floor":32,"key":"REST"}],"neow_cost":"NONE","seed_source_timestamp":246752652460,"circlet_count":0,"master_deck":["Strike_G","Strike_G","Strike_G+1","Defend_G","Defend_G","Defend_G","Survivor","Neutralize+1","Reflex+1","Storm of Steel+1","Storm of Steel+1"],"special_seed":0,"relics":["Ring of the Snake","NeowsBlessing","Incense Burner","Letter Opener","Ninja Scroll","Runic Dome","Sundial","The Courier"],"potions_floor_usage":[28],"damage_taken":[{"damage":0.0,"enemies":"Cultist","floor":1.0,"turns":1.0},{"damage":0.0,"enemies":"Small Slimes","floor":2.0,"turns":1.0},{"damage":0.0,"enemies":"Lagavulin","floor":6.0,"turns":1.0},{"damage":8.0,"enemies":"Jaw Worm","floor":8.0,"turns":4.0},{"damage":0.0,"enemies":"3 Louse","floor":10.0,"turns":3.0},{"damage":0.0,"enemies":"Large Slime","floor":12.0,"turns":3.0},{"damage":5.0,"enemies":"Gremlin Gang","floor":14.0,"turns":3.0},{"damage":39.0,"enemies":"The Guardian","floor":16.0,"turns":12.0},{"damage":10.0,"enemies":"Spheric Guardian","floor":18.0,"turns":3.0},{"damage":2.0,"enemies":"Chosen","floor":19.0,"turns":3.0},{"damage":39.0,"enemies":"Sentry and Sphere","floor":22.0,"turns":6.0},{"damage":13.0,"enemies":"Book of Stabbing","floor":24.0,"turns":5.0},{"damage":17,"enemies":"Shelled Parasite and Fungi","floor":28,"turns":8},{"damage":6,"enemies":"Snecko","floor":31,"turns":4},{"damage":75,"enemies":"Automaton","floor":33,"turns":6}],"seed_played":"2930131818112886813","potions_obtained":[{"floor":2.0,"key":"LiquidBronze"},{"floor":6.0,"key":"Fire Potion"},{"floor":10.0,"key":"Poison Potion"},{"floor":16.0,"key":"Poison Potion"},{"floor":22.0,"key":"LiquidBronze"},{"floor":24.0,"key":"Weak Potion"}],"is_trial":false,"path_per_floor":["M","M","$","?","T","E","R","M","T","M","?","M","$","M","R","B",null,"M","M","$","?","M","R","E","R","T","?","M","?","R","M","R","B"],"character_chosen":"THE_SILENT","items_purchased":[],"campfire_rested":4,"item_purchase_floors":[],"current_hp_per_floor":[70,70,70,70,70,70,70,62,62,62,48,48,48,43,43,4,70,60,58,58,45,6,28,15,37,37,37,20,20,42,36,58,0],"gold":117,"neow_bonus":"THREE_ENEMY_KILL","is_prod":false,"is_daily":false,"chose_seed":false,"campfire_upgraded":2,"win_rate":0,"timestamp":1565216546,"path_taken":["M","?","$","?","?","E","R","M","T","M","?","M","$","M","R","BOSS","M","M","$","?","M","R","E","R","T","?","M","?","R","M","R","BOSS"],"build_version":"2019-07-18","purchased_purges":2,"victory":false,"max_hp_per_floor":[70,70,70,70,70,70,70,70,70,70,70,70,70,70,70,70,70,70,70,70,75,75,75,75,75,75,75,75,75,75,75,75,75],"card_choices":[{"not_picked":["Blade Dance","Deadly Poison"],"picked":"Reflex","floor":6.0},{"not_picked":["Flying Knee","Poisoned Stab","Flechettes"],"picked":"SKIP","floor":8.0},{"not_picked":["Blade Dance","Crippling Poison"],"picked":"Storm of Steel","floor":10.0},{"not_picked":["Deadly Poison","Quick Slash","Dodge and Roll"],"picked":"SKIP","floor":12.0},{"not_picked":["Distraction","Dagger Spray","Predator"],"picked":"SKIP","floor":14.0},{"not_picked":["Malaise","Envenom"],"picked":"Storm of Steel","floor":16.0},{"not_picked":["Setup","Dagger Spray+1","Deflect"],"picked":"SKIP","floor":18.0},{"not_picked":["Backstab+1","Bouncing Flask","Backflip+1"],"picked":"SKIP","floor":19.0},{"not_picked":["Expertise","Bane","Blur"],"picked":"SKIP","floor":22.0},{"not_picked":["Infinite Blades+1","Corpse Explosion","Footwork"],"picked":"SKIP","floor":24.0},{"not_picked":["Catalyst+1","Cloak And Dagger","Deflect"],"picked":"SKIP","floor":28},{"not_picked":["All Out Attack+1","Bane","Dagger Throw"],"picked":"SKIP","floor":31}],"player_experience":1384603,"relics_obtained":[{"floor":5.0,"key":"Incense Burner"},{"floor":6.0,"key":"Letter Opener"},{"floor":9.0,"key":"Ninja Scroll"},{"floor":24.0,"key":"Sundial"},{"floor":26.0,"key":"The Courier"}],"event_choices":[{"cards_removed":["Defend_G"],"damage_healed":0.0,"max_hp_gain":0.0,"max_hp_loss":0.0,"gold_gain":0.0,"event_name":"The Cleric","player_choice":"Card Removal","floor":4.0,"gold_loss":50.0,"damage_taken":0.0},{"damage_healed":0.0,"max_hp_gain":0.0,"max_hp_loss":0.0,"gold_gain":0.0,"event_name":"Shining Light","player_choice":"Entered Light","floor":11.0,"gold_loss":0.0,"damage_taken":14.0,"cards_upgraded":["Storm of Steel","Strike_G"]},{"damage_healed":0.0,"max_hp_gain":5.0,"max_hp_loss":0.0,"gold_gain":0.0,"event_name":"Forgotten Altar","player_choice":"Shed Blood","floor":21.0,"gold_loss":0.0,"damage_taken":18.0},{"damage_healed":0.0,"max_hp_gain":0.0,"max_hp_loss":0.0,"gold_gain":0.0,"event_name":"Cursed Tome","player_choice":"Ignored","floor":27.0,"gold_loss":0.0,"damage_taken":0.0},{"cards_removed":["Strike_G"],"damage_healed":0,"gold_gain":0,"player_choice":"Upgrade and Remove","damage_taken":0,"max_hp_gain":0,"max_hp_loss":0,"event_name":"Designer","floor":29,"gold_loss":90,"cards_upgraded":["Storm of Steel"]}],"is_beta":true,"boss_relics":[{"not_picked":["Sozu","Runic Pyramid"],"picked":"Runic Dome"}],"items_purged_floors":[3,20],"is_endless":false,"potions_floor_spawned":[2,6,10,16,22,24],"killed_by":"Automaton","ascension_level":1}