{"gold_per_floor":[117,132,1,15,15,15,42,42,65,30,43,70,83,32,32,103,103,119,169,169,169,179,179,179,179],"floor_reached":25,"playtime":803,"items_purged":["Strike_B"],"score":522,"play_id":"aaf9b19f-4bf2-4191-ad95-78d8bb6f3227","local_time":"20190228182903","is_ascension_mode":true,"campfire_choices":[{"data":"Consume","floor":6.0,"key":"SMITH"},{"data":"Chaos","floor":8.0,"key":"SMITH"},{"data":"Chaos","floor":15,"key":"SMITH"},{"data":"Buffer","floor":23,"key":"SMITH"}],"neow_cost":"NONE","seed_source_timestamp":4211448099435,"circlet_count":0,"master_deck":["AscendersBane","Strike_B+1","Defend_B+1","Defend_B","Defend_B+1","Defend_B+1","Zap","Dualcast","Conserve Battery","Consume+1","Cold Snap","Auto Shields","Chaos+1","Hologram","White Noise","Chaos+1","Hologram","Buffer+1","Conserve Battery","Conserve Battery+1","Fusion","BootSequence"],"special_seed":0,"relics":["Runic Dome","Dream Catcher","War Paint","Darkstone Periapt","Eternal Feather"],"potions_floor_usage":[12,20,25],"damage_taken":[{"damage":3.0,"enemies":"Small Slimes","floor":1.0,"turns":3.0},{"damage":2.0,"enemies":"2 Louse","floor":2.0,"turns":3.0},{"damage":4.0,"enemies":"Jaw Worm","floor":4.0,"turns":4.0},{"damage":8.0,"enemies":"3 Sentries","floor":7.0,"turns":11.0},{"damage":1.0,"enemies":"2 Fungi Beasts","floor":11.0,"turns":4.0},{"damage":23,"enemies":"Gremlin Nob","floor":12,"turns":5},{"damage":0,"enemies":"Blue Slaver","floor":13,"turns":4},{"damage":0,"enemies":"Hexaghost","floor":16,"turns":8},{"damage":0,"enemies":"Spheric Guardian","floor":18,"turns":6},{"damage":0,"enemies":"Chosen","floor":20,"turns":5},{"damage":1,"enemies":"Snake Plant","floor":22,"turns":6},{"damage":48,"enemies":"Gremlin Leader","floor":25,"turns":9}],"seed_played":"-3405706097197578733","potions_obtained":[{"floor":2.0,"key":"SpeedPotion"},{"floor":7.0,"key":"Ancient Potion"},{"floor":12,"key":"SpeedPotion"},{"floor":13,"key":"SmokeBomb"}],"is_trial":false,"path_per_floor":["M","M","$","M","?","R","E","R","T","?","M","E","M","$","R","B",null,"M","?","M","?","M","R","?","E"],"character_chosen":"DEFECT","items_purchased":["Cold Snap","Hologram"],"campfire_rested":0,"item_purchase_floors":[3,14],"current_hp_per_floor":[61,59,59,55,34,34,26,26,26,43,42,19,19,19,19,19,58,58,58,58,38,37,49,49,1],"gold":179,"neow_bonus":"BOSS_RELIC","is_prod":false,"is_daily":false,"chose_seed":false,"campfire_upgraded":4,"win_rate":0,"timestamp":1551407343,"path_taken":["M","M","$","M","?","R","E","R","T","?","M","E","M","$","R","BOSS","M","?","M","?","M","R","?","E"],"build_version":"2019-02-06","purchased_purges":1,"victory":false,"max_hp_per_floor":[71,71,71,71,71,71,71,71,71,71,71,71,71,71,71,71,71,71,71,71,76,76,76,76,76],"card_choices":[{"not_picked":["Barrage","Recycle"],"picked":"Conserve Battery","floor":1.0},{"not_picked":["Sweeping Beam","Fusion"],"picked":"Consume","floor":2.0},{"not_picked":["Reprogram","Gash"],"picked":"Auto Shields","floor":4.0},{"not_picked":["Leap","Gash"],"picked":"Chaos","floor":7.0},{"not_picked":["Compile Driver","Sweeping Beam"],"picked":"Hologram","floor":11.0},{"not_picked":["Coolheaded","Sweeping Beam"],"picked":"White Noise","floor":12},{"not_picked":["Streamline","Blizzard"],"picked":"Chaos","floor":13},{"not_picked":["Multi-Cast","All For One"],"picked":"Buffer","floor":16},{"not_picked":["Barrage","Tempest"],"picked":"Conserve Battery","floor":18},{"not_picked":["Cold Snap","Stack"],"picked":"Conserve Battery+1","floor":22}],"player_experience":1230739,"relics_obtained":[{"floor":7.0,"key":"Dream Catcher"},{"floor":9.0,"key":"War Paint"},{"floor":12,"key":"Darkstone Periapt"}],"event_choices":[{"damage_healed":0.0,"max_hp_gain":0.0,"max_hp_loss":0.0,"gold_gain":0.0,"event_name":"Shining Light","player_choice":"Entered Light","floor":5.0,"gold_loss":0.0,"damage_taken":21.0,"cards_upgraded":["Defend_B","Strike_B"]},{"damage_healed":17.0,"max_hp_gain":0.0,"max_hp_loss":0.0,"gold_gain":0.0,"event_name":"The Cleric","player_choice":"Healed","floor":10.0,"gold_loss":35.0,"damage_taken":0.0},{"damage_healed":0,"gold_gain":50,"player_choice":"Stole From Cult","damage_taken":0,"max_hp_gain":0,"max_hp_loss":0,"event_name":"Nest","floor":19,"gold_loss":0},{"damage_healed":0,"gold_gain":0,"player_choice":"Shed Blood","damage_taken":25,"max_hp_gain":5,"max_hp_loss":0,"event_name":"Forgotten Altar","floor":21,"gold_loss":0},{"damage_healed":0,"gold_gain":0,"cards_transformed":["Strike_B","Strike_B"],"player_choice":"Became Test Subject","damage_taken":0,"max_hp_gain":0,"max_hp_loss":0,"event_name":"Drug Dealer","floor":24,"gold_loss":0,"cards_obtained":["Fusion","BootSequence"]}],"is_beta":true,"boss_relics":[{"not_picked":["Lizard Tail","Runic Pyramid"],"picked":"Eternal Feather"}],"items_purged_floors":[3],"is_endless":false,"potions_floor_spawned":[2,7,12,13,20],"killed_by":"Gremlin Leader","ascension_level":20}