{"gold_per_floor":[115,115,115,40,55,55,55,68,144,156,189,189,201,201,201,306,306,319,269,269,251,201,236,261,261,261,261,211,211,223,243,243,344,344,359,581,581,253,253,253,271,281,281,292,311,330,330,330,330,330],"floor_reached":50,"playtime":2410,"items_purged":["Concentrate","Underhanded Strike","Wraith Form v2","All Out Attack","Calculated Gamble+1"],"score":535,"play_id":"713151a3-3257-4954-aa25-c9b90ede1db7","local_time":"20190825012534","is_ascension_mode":false,"campfire_choices":[{"data":"Neutralize","floor":7.0,"key":"SMITH"},{"data":"Calculated Gamble","floor":15.0,"key":"SMITH"},{"data":"Reflex","floor":27.0,"key":"SMITH"},{"floor":32.0,"key":"REST"},{"data":"Reflex","floor":40.0,"key":"SMITH"},{"floor":49,"key":"REST"}],"neow_cost":"NONE","seed_source_timestamp":10732519586409,"circlet_count":0,"master_deck":["After Image","Blur","Deflect","Bouncing Flask","Reflex+1","Reflex+1","Storm of Steel"],"special_seed":0,"relics":["Pandora\u0027s Box","Mummified Hand","Molten Egg 2","Smiling Mask","Runic Pyramid","Mercury Hourglass","Red Mask","Potion Belt","Empty Cage","Membership Card","Oddly Smooth Stone","Ginger"],"potions_floor_usage":[50],"damage_taken":[{"damage":1.0,"enemies":"2 Louse","floor":1.0,"turns":2.0},{"damage":0.0,"enemies":"Small Slimes","floor":5.0,"turns":3.0},{"damage":0.0,"enemies":"Cultist","floor":8.0,"turns":3.0},{"damage":2.0,"enemies":"Looter","floor":10.0,"turns":2.0},{"damage":12.0,"enemies":"3 Sentries","floor":11.0,"turns":8.0},{"damage":2.0,"enemies":"Blue Slaver","floor":13.0,"turns":3.0},{"damage":1.0,"enemies":"Hexaghost","floor":16.0,"turns":10.0},{"damage":0.0,"enemies":"Spheric Guardian","floor":18.0,"turns":6.0},{"damage":8.0,"enemies":"2 Thieves","floor":21.0,"turns":4.0},{"damage":19.0,"enemies":"Gremlin Leader","floor":23.0,"turns":6.0},{"damage":4.0,"enemies":"Masked Bandits","floor":24.0,"turns":3.0},{"damage":4.0,"enemies":"3 Cultists","floor":30.0,"turns":5.0},{"damage":0.0,"enemies":"Snecko","floor":31.0,"turns":5.0},{"damage":0.0,"enemies":"Champ","floor":33.0,"turns":16.0},{"damage":0.0,"enemies":"3 Shapes","floor":35.0,"turns":6.0},{"damage":0.0,"enemies":"Orb Walker","floor":41.0,"turns":4.0},{"damage":29.0,"enemies":"Transient","floor":42.0,"turns":5.0},{"damage":3.0,"enemies":"Jaw Worm Horde","floor":44.0,"turns":9.0},{"damage":19.0,"enemies":"Writhing Mass","floor":45.0,"turns":11.0},{"damage":0.0,"enemies":"Maw","floor":46.0,"turns":8.0},{"damage":52,"enemies":"Donu and Deca","floor":50,"turns":5}],"seed_played":"182","potions_obtained":[{"floor":8.0,"key":"Strength Potion"},{"floor":11.0,"key":"Weak Potion"},{"floor":13.0,"key":"Dexterity Potion"},{"floor":21.0,"key":"Fire Potion"},{"floor":30.0,"key":"GhostInAJar"},{"floor":31.0,"key":"SkillPotion"},{"floor":33.0,"key":"SkillPotion"},{"floor":35.0,"key":"Poison Potion"},{"floor":46.0,"key":"Block Potion"}],"is_trial":false,"path_per_floor":["M","?","?","$","M","?","R","M","T","M","E","T","M","?","R","B",null,"M","$","?","M","$","E","?","?","T","R","$","?","M","M","R","B",null,"M","?","?","$","?","R","M","M","T","M","M","M","?","?","R","B"],"character_chosen":"THE_SILENT","items_purchased":["Membership Card","Oddly Smooth Stone"],"campfire_rested":2,"item_purchase_floors":[38,38],"current_hp_per_floor":[69,74,74,74,74,71,71,71,71,69,57,57,55,55,55,54,75,75,75,75,67,67,48,44,44,44,44,44,44,40,40,62,62,75,75,75,75,75,75,75,75,46,46,43,24,24,24,24,46,0],"gold":330,"neow_bonus":"BOSS_RELIC","is_prod":false,"is_daily":false,"chose_seed":false,"campfire_upgraded":4,"win_rate":0,"timestamp":1566721534,"path_taken":["M","?","?","$","?","?","R","M","T","M","E","?","M","?","R","BOSS","M","$","?","?","$","E","?","?","T","R","?","?","M","M","R","BOSS","M","?","?","$","?","R","M","M","T","M","M","?","?","?","R","BOSS"],"build_version":"2019-08-23","purchased_purges":5,"victory":false,"max_hp_per_floor":[70,75,75,75,75,75,75,75,75,75,75,75,75,75,75,75,75,75,75,75,75,75,75,75,75,75,75,75,75,75,75,75,75,75,75,75,75,75,75,75,75,75,75,75,75,75,75,75,75,75],"card_choices":[{"not_picked":["Prepared","Predator"],"picked":"Reflex","floor":8.0},{"not_picked":["Deadly Poison","Cloak And Dagger","Dodge and Roll"],"picked":"SKIP","floor":10.0},{"not_picked":["Slice+1","Dagger Spray+1"],"picked":"Reflex","floor":11.0},{"not_picked":["Burst","Bullet Time"],"picked":"Storm of Steel","floor":16.0},{"not_picked":["Dagger Spray+1","Backflip","Accuracy+1"],"picked":"SKIP","floor":18.0},{"not_picked":["Finisher+1","Backstab+1","Outmaneuver"],"picked":"SKIP","floor":21.0},{"not_picked":["Catalyst","Outmaneuver","Bane+1"],"picked":"SKIP","floor":23.0},{"not_picked":["Deflect","Bane+1","Skewer+1"],"picked":"SKIP","floor":30.0},{"not_picked":["Well Laid Plans","PiercingWail","Dash+1"],"picked":"SKIP","floor":31.0},{"not_picked":["Choke+1","Acrobatics+1","Masterful Stab+1"],"picked":"SKIP","floor":35.0},{"not_picked":["Outmaneuver","Riddle With Holes+1","Bouncing Flask+1"],"picked":"SKIP","floor":41.0},{"not_picked":["PiercingWail+1","Acrobatics","Dagger Throw+1"],"picked":"SKIP","floor":42.0},{"not_picked":["Slice+1","PiercingWail","Setup+1"],"picked":"SKIP","floor":44.0},{"not_picked":["After Image","Riddle With Holes+1","Catalyst+1"],"picked":"SKIP","floor":45.0},{"not_picked":["Sucker Punch+1","Predator+1","Flechettes+1"],"picked":"SKIP","floor":46.0}],"player_experience":1432678,"relics_obtained":[{"floor":9.0,"key":"Molten Egg 2"},{"floor":11.0,"key":"Smiling Mask"},{"floor":23.0,"key":"Mercury Hourglass"},{"floor":24.0,"key":"Red Mask"},{"floor":26.0,"key":"Potion Belt"},{"floor":43.0,"key":"Ginger"}],"event_choices":[{"damage_healed":0.0,"max_hp_gain":5.0,"max_hp_loss":0.0,"gold_gain":0.0,"event_name":"Big Fish","player_choice":"Donut","floor":2.0,"gold_loss":0.0,"damage_taken":0.0},{"damage_healed":0.0,"max_hp_gain":0.0,"max_hp_loss":0.0,"gold_gain":0.0,"event_name":"NoteForYourself","player_choice":"Ignored","floor":3.0,"gold_loss":0.0,"damage_taken":0.0},{"damage_healed":0.0,"max_hp_gain":0.0,"max_hp_loss":0.0,"gold_gain":0.0,"event_name":"Scrap Ooze","player_choice":"Success","floor":6.0,"gold_loss":0.0,"damage_taken":3.0,"relics_obtained":["Mummified Hand"]},{"damage_healed":0.0,"max_hp_gain":0.0,"max_hp_loss":0.0,"gold_gain":0.0,"event_name":"Match and Keep!","player_choice":"0 cards matched","floor":14.0,"gold_loss":0.0,"damage_taken":0.0,"cards_obtained":[]},{"damage_healed":0.0,"max_hp_gain":0.0,"max_hp_loss":0.0,"gold_gain":0.0,"event_name":"Wheel of Change","player_choice":"Full Heal","floor":20.0,"gold_loss":0.0,"damage_taken":0.0},{"damage_healed":0.0,"max_hp_gain":0.0,"max_hp_loss":0.0,"gold_gain":0.0,"event_name":"Masked Bandits","player_choice":"Fought Bandits","floor":24.0,"gold_loss":0.0,"damage_taken":0.0},{"damage_healed":0.0,"max_hp_gain":0.0,"max_hp_loss":0.0,"gold_gain":0.0,"event_name":"Cursed Tome","player_choice":"Ignored","floor":25.0,"gold_loss":0.0,"damage_taken":0.0},{"damage_healed":0.0,"max_hp_gain":0.0,"max_hp_loss":0.0,"gold_gain":0.0,"event_name":"Vampires","player_choice":"Ignored","floor":29.0,"gold_loss":0.0,"damage_taken":0.0},{"damage_healed":0.0,"max_hp_gain":0.0,"max_hp_loss":0.0,"gold_gain":222.0,"event_name":"Tomb of Lord Red Mask","player_choice":"Wore Mask","floor":36.0,"gold_loss":0.0,"damage_taken":0.0},{"cards_removed":["Neutralize"],"damage_healed":0.0,"max_hp_gain":0.0,"max_hp_loss":0.0,"gold_gain":0.0,"event_name":"Falling","player_choice":"Removed Attack","floor":37.0,"gold_loss":0.0,"damage_taken":0.0},{"damage_healed":0.0,"max_hp_gain":0.0,"max_hp_loss":0.0,"gold_gain":0.0,"event_name":"Match and Keep!","player_choice":"0 cards matched","floor":39.0,"gold_loss":0.0,"damage_taken":0.0,"cards_obtained":[]},{"damage_healed":0,"gold_gain":0,"player_choice":"Memory 1","damage_taken":0,"max_hp_gain":0,"max_hp_loss":0,"event_name":"SensoryStone","floor":47,"gold_loss":0},{"damage_healed":0,"gold_gain":0,"player_choice":"Ignored","damage_taken":0,"max_hp_gain":0,"max_hp_loss":0,"event_name":"Mysterious Sphere","floor":48,"gold_loss":0}],"is_beta":true,"boss_relics":[{"not_picked":["Snecko Eye","Lizard Tail"],"picked":"Runic Pyramid"},{"not_picked":["Orrery","Velvet Choker"],"picked":"Empty Cage"}],"items_purged_floors":[4,19,22,28,38],"is_endless":false,"potions_floor_spawned":[8,11,13,21,30,31,33,35,41,46],"killed_by":"Donu and Deca","ascension_level":0}