{"gold_per_floor":[115,115,126,126,126,126,138,172,253,285,285,40,53,65,65,137,137,148,167,182,182,201,234,234,267,267,267,296,221,240,340,340,412,412,428,439,452,452,466,493,37,50,95,113,113,145,163,163,163,163],"floor_reached":51,"playtime":3143,"items_purged":["Parasite"],"score":1484,"play_id":"4be3596d-3554-49ba-87ed-76a4998ee607","local_time":"20190818161821","is_ascension_mode":true,"campfire_choices":[{"floor":6,"key":"REST"},{"data":"Sunder","floor":11,"key":"SMITH"},{"floor":15,"key":"REST"},{"floor":24,"key":"REST"},{"floor":27,"key":"REST"},{"data":"Zap","floor":32,"key":"SMITH"},{"data":"Go for the Eyes","floor":45,"key":"SMITH"},{"floor":49,"key":"REST"}],"neow_cost":"NONE","seed_source_timestamp":239693095148800,"circlet_count":0,"master_deck":["AscendersBane","Strike_B","Strike_B+1","Defend_B","Defend_B","Defend_B","Defend_B+1","Zap+1","Dualcast","Conserve Battery","Coolheaded+1","Compile Driver+1","Sunder+1","Conserve Battery","Glacier+1","Reboot+1","Seek+1","Go for the Eyes+1","Redo+1","Chaos+1","Conserve Battery+1","Capacitor+1","Cold Snap","Machine Learning+1","Cold Snap","Leap+1","Seek+1","Glacier+1","Mayhem+1","Consume+1"],"relics":["Cracked Core","Oddly Smooth Stone","Potion Belt","DataDisk","Bottled Flame","PreservedInsect","Toxic Egg 2","Black Star","Frozen Egg 2","Vajra","Meat on the Bone","Bronze Scales","Orichalcum","Bag of Marbles","Gambling Chip","Incense Burner","Matryoshka","Velvet Choker","Ornamental Fan","Happy Flower","Whetstone","Smiling Mask","Anchor","Dodecahedron","Blue Candle"],"potions_floor_usage":[8,10,20,25,25,25,33,33,35,40,46,50,50,50],"damage_taken":[{"damage":2,"enemies":"2 Louse","floor":1,"turns":3},{"damage":6,"enemies":"Small Slimes","floor":3,"turns":3},{"damage":0,"enemies":"Jaw Worm","floor":7,"turns":3},{"damage":9,"enemies":"3 Sentries","floor":8,"turns":11},{"damage":22,"enemies":"Gremlin Nob","floor":10,"turns":4},{"damage":3,"enemies":"Lots of Slimes","floor":13,"turns":4},{"damage":0,"enemies":"Blue Slaver","floor":14,"turns":3},{"damage":0,"enemies":"The Guardian","floor":16,"turns":15},{"damage":0,"enemies":"3 Byrds","floor":18,"turns":5},{"damage":27,"enemies":"2 Thieves","floor":19,"turns":5},{"damage":9,"enemies":"Snake Plant","floor":20,"turns":6},{"damage":4,"enemies":"Snecko","floor":22,"turns":6},{"damage":39,"enemies":"Book of Stabbing","floor":23,"turns":10},{"damage":15,"enemies":"Slavers","floor":25,"turns":7},{"damage":3,"enemies":"Book of Stabbing","floor":28,"turns":5},{"damage":4,"enemies":"Centurion and Healer","floor":30,"turns":7},{"damage":0,"enemies":"Colosseum Slavers","floor":31,"turns":3},{"damage":7,"enemies":"Colosseum Nobs","floor":31,"turns":3},{"damage":34,"enemies":"Collector","floor":33,"turns":19},{"damage":13,"enemies":"3 Darklings","floor":35,"turns":6},{"damage":0,"enemies":"Orb Walker","floor":36,"turns":2},{"damage":10,"enemies":"Writhing Mass","floor":37,"turns":9},{"damage":6,"enemies":"Jaw Worm Horde","floor":39,"turns":4},{"damage":25,"enemies":"Nemesis","floor":40,"turns":6},{"damage":7,"enemies":"Spire Growth","floor":42,"turns":6},{"damage":0,"enemies":"3 Darklings","floor":44,"turns":7},{"damage":0,"enemies":"Giant Head","floor":46,"turns":8},{"damage":1,"enemies":"Writhing Mass","floor":47,"turns":8},{"damage":0,"enemies":"Donu and Deca","floor":50,"turns":13}],"seed_played":"-3196148728310848847","potions_obtained":[{"floor":3,"key":"Energy Potion"},{"floor":7,"key":"SteroidPotion"},{"floor":14,"key":"Strength Potion"},{"floor":16,"key":"Ancient Potion"},{"floor":18,"key":"Regen Potion"},{"floor":23,"key":"LiquidBronze"},{"floor":28,"key":"SpeedPotion"},{"floor":30,"key":"Regen Potion"},{"floor":31,"key":"EssenceOfSteel"},{"floor":33,"key":"Block Potion"},{"floor":35,"key":"Poison Potion"},{"floor":42,"key":"Weak Potion"},{"floor":46,"key":"FocusPotion"},{"floor":47,"key":"Dexterity Potion"}],"is_trial":false,"path_per_floor":["M","?","M","?","?","R","M","E","T","E","R","$","M","M","R","B",null,"M","M","M","?","M","E","R","E","T","R","E","?","M","?","R","B",null,"M","M","M","?","M","E","$","M","T","M","R","E","M","?","R","B",null],"character_chosen":"DEFECT","items_purchased":["Toxic Egg 2","Whetstone","Mayhem+1","Strength Potion"],"campfire_rested":5,"item_purchase_floors":[12,41,41,41],"current_hp_per_floor":[66,63,57,50,35,57,57,48,48,26,26,26,23,23,45,45,68,68,41,47,47,43,4,26,11,11,33,42,42,38,43,43,36,65,52,52,42,42,48,35,35,40,40,40,40,40,39,39,60,60],"gold":163,"neow_bonus":"RANDOM_COMMON_RELIC","is_prod":false,"is_daily":false,"chose_seed":false,"campfire_upgraded":3,"win_rate":0,"timestamp":1566112701,"path_taken":["M","?","M","?","?","R","M","E","T","E","R","?","M","M","R","BOSS","M","?","M","?","M","E","R","E","T","R","E","?","M","?","R","BOSS","M","M","M","?","M","E","$","M","T","M","R","E","M","?","R","BOSS"],"build_version":"2019-07-17","purchased_purges":1,"victory":true,"max_hp_per_floor":[75,75,75,75,75,75,75,75,75,75,75,75,75,75,75,75,75,75,75,75,75,75,75,75,75,75,75,75,75,75,75,75,75,75,75,75,75,75,75,75,72,72,72,72,72,72,72,72,72,72],"card_choices":[{"not_picked":["Stack","Ball Lightning"],"picked":"Conserve Battery","floor":1},{"not_picked":["Turbo","Redo"],"picked":"Coolheaded","floor":3},{"not_picked":["Hologram","Reprogram"],"picked":"Compile Driver","floor":7},{"not_picked":["Hologram","Turbo"],"picked":"Sunder","floor":8},{"not_picked":["Turbo","Steam"],"picked":"Conserve Battery","floor":10},{"not_picked":["Reinforced Body+1","Chaos+1"],"picked":"Glacier+1","floor":13},{"not_picked":["Gash","Stack+1"],"picked":"Reboot+1","floor":14},{"not_picked":["Multi-Cast+1","Creative AI"],"picked":"Seek+1","floor":16},{"not_picked":["Heatsinks","Ball Lightning"],"picked":"Go for the Eyes","floor":18},{"not_picked":["Blizzard","Streamline"],"picked":"Redo+1","floor":19},{"not_picked":["Redo+1","Lockon"],"picked":"Chaos+1","floor":20},{"not_picked":["Redo+1","Melter"],"picked":"Conserve Battery+1","floor":22},{"not_picked":["Beam Cell","Ball Lightning"],"picked":"Capacitor","floor":23},{"not_picked":["FTL","Reinforced Body+1"],"picked":"Cold Snap","floor":25},{"not_picked":["Capacitor+1","Barrage"],"picked":"Machine Learning+1","floor":28},{"not_picked":["Redo+1","Beam Cell"],"picked":"Cold Snap","floor":30},{"not_picked":["Undo+1","Compile Driver"],"picked":"Leap+1","floor":31},{"not_picked":["Thunder Strike","Core Surge"],"picked":"Seek+1","floor":33},{"not_picked":["Ball Lightning","Beam Cell","Fusion+1"],"picked":"SKIP","floor":35},{"not_picked":["Scrape","Chaos+1","Streamline"],"picked":"SKIP","floor":36},{"not_picked":["Sweeping Beam","Conserve Battery+1","Hologram+1"],"picked":"SKIP","floor":37},{"not_picked":["Go for the Eyes","Rebound","Heatsinks+1"],"picked":"SKIP","floor":39},{"not_picked":["Multi-Cast+1","Hello World+1"],"picked":"Glacier+1","floor":40},{"not_picked":["Go for the Eyes","Leap+1","Fusion+1"],"picked":"SKIP","floor":42},{"not_picked":["Beam Cell","Leap+1"],"picked":"Consume+1","floor":44},{"not_picked":["Conserve Battery+1","Beam Cell","Consume+1"],"picked":"SKIP","floor":46},{"not_picked":["Compile Driver","Genetic Algorithm+1","Thunder Strike"],"picked":"SKIP","floor":47}],"player_experience":186701,"relics_obtained":[{"floor":8,"key":"DataDisk"},{"floor":9,"key":"Bottled Flame"},{"floor":10,"key":"PreservedInsect"},{"floor":23,"key":"Frozen Egg 2"},{"floor":23,"key":"Vajra"},{"floor":25,"key":"Meat on the Bone"},{"floor":25,"key":"Bronze Scales"},{"floor":26,"key":"Orichalcum"},{"floor":28,"key":"Bag of Marbles"},{"floor":28,"key":"Gambling Chip"},{"floor":31,"key":"Incense Burner"},{"floor":31,"key":"Matryoshka"},{"floor":40,"key":"Ornamental Fan"},{"floor":40,"key":"Happy Flower"},{"floor":43,"key":"Smiling Mask"},{"floor":43,"key":"Anchor"},{"floor":46,"key":"Dodecahedron"},{"floor":46,"key":"Blue Candle"}],"event_choices":[{"damage_healed":0,"gold_gain":0,"player_choice":"Success","damage_taken":3,"relics_obtained":["Potion Belt"],"max_hp_gain":0,"max_hp_loss":0,"event_name":"Scrap Ooze","floor":2,"gold_loss":0},{"cards_removed":["Strike_B"],"damage_healed":0,"gold_gain":0,"player_choice":"Card Removal","damage_taken":7,"max_hp_gain":0,"max_hp_loss":0,"event_name":"Golden Wing","floor":4,"gold_loss":0},{"damage_healed":0,"gold_gain":0,"player_choice":"Entered Light","damage_taken":15,"max_hp_gain":0,"max_hp_loss":0,"event_name":"Shining Light","floor":5,"gold_loss":0,"cards_upgraded":["Defend_B","Coolheaded"]},{"damage_healed":0,"gold_gain":0,"player_choice":"Ignored","damage_taken":0,"max_hp_gain":0,"max_hp_loss":0,"event_name":"Cursed Tome","floor":21,"gold_loss":0},{"cards_removed":["Strike_B"],"damage_healed":0,"gold_gain":0,"player_choice":"Gave Gold","damage_taken":0,"max_hp_gain":0,"max_hp_loss":0,"event_name":"Beggar","floor":29,"gold_loss":75},{"damage_healed":0,"gold_gain":0,"player_choice":"Fight","damage_taken":0,"max_hp_gain":0,"max_hp_loss":0,"event_name":"Colosseum","floor":31,"gold_loss":0},{"damage_healed":0,"gold_gain":0,"player_choice":"Fought Nobs","damage_taken":0,"max_hp_gain":0,"max_hp_loss":0,"event_name":"Colosseum","floor":31,"gold_loss":0},{"damage_healed":0,"gold_gain":0,"player_choice":"Ignored","damage_taken":0,"max_hp_gain":0,"max_hp_loss":0,"event_name":"Tomb of Lord Red Mask","floor":38,"gold_loss":0},{"damage_healed":0,"gold_gain":0,"player_choice":"Leave","damage_taken":0,"max_hp_gain":0,"max_hp_loss":0,"event_name":"FaceTrader","floor":48,"gold_loss":0}],"is_beta":false,"boss_relics":[{"not_picked":["Cursed Key","Lizard Tail"],"picked":"Black Star"},{"not_picked":["Philosopher\u0027s Stone","Calling Bell"],"picked":"Velvet Choker"}],"items_purged_floors":[41],"is_endless":false,"potions_floor_spawned":[3,7,14,16,18,23,28,30,31,33,35,42,46,47],"ascension_level":13}