{"gold_per_floor":[109,109,109,127,127,163,163,201,201,224,224,28,44,69,69,162,162,186,60,74,7,53,53,94,94,118,118,154,0,0,0],"floor_reached":31,"playtime":644,"items_purged":[],"score":532,"play_id":"c35f0d8f-4400-4483-8eaf-5e38a54a253d","local_time":"20180808174002","is_ascension_mode":true,"campfire_choices":[{"data":"Zap","floor":7.0,"key":"SMITH"},{"floor":11.0,"key":"REST"},{"data":"Hologram","floor":15.0,"key":"SMITH"},{"data":"Defragment","floor":23.0,"key":"SMITH"},{"floor":25,"key":"REST"},{"floor":27,"key":"REST"}],"neow_cost":"NONE","seed_source_timestamp":800591558485258,"circlet_count":0,"master_deck":["Strike_B+1","Strike_B+1","Defend_B","Defend_B","Defend_B","Defend_B","Zap+1","Dualcast","AscendersBane","Compile Driver","White Noise","Echo Form","Hologram+1","Leap","Hologram","Stack","Multi-Cast","Capacitor","Go for the Eyes","FTL","Defragment+1","Conserve Battery+1","All For One","Blizzard"],"special_seed":0,"relics":["Cracked Core","NeowsBlessing","Gremlin Horn","Golden Idol","Symbiotic Virus","Pen Nib","Juzu Bracelet","Bag of Preparation","Busted Crown","Whetstone","Bottled Flame","Dream Catcher","Bag of Marbles"],"potions_floor_usage":[],"damage_taken":[{"damage":0.0,"enemies":"2 Louse","floor":1.0,"turns":1.0},{"damage":0.0,"enemies":"Cultist","floor":4.0,"turns":1.0},{"damage":0.0,"enemies":"Lagavulin","floor":6.0,"turns":1.0},{"damage":38.0,"enemies":"Gremlin Nob","floor":8.0,"turns":4.0},{"damage":7.0,"enemies":"Jaw Worm","floor":10.0,"turns":3.0},{"damage":2.0,"enemies":"Looter","floor":13.0,"turns":3.0},{"damage":9.0,"enemies":"2 Fungi Beasts","floor":14.0,"turns":4.0},{"damage":11.0,"enemies":"The Guardian","floor":16.0,"turns":10.0},{"damage":15.0,"enemies":"2 Thieves","floor":18.0,"turns":4.0},{"damage":0.0,"enemies":"Chosen","floor":20.0,"turns":4.0},{"damage":22.0,"enemies":"Slavers","floor":24.0,"turns":5.0},{"damage":43,"enemies":"Gremlin Leader","floor":28,"turns":5},{"damage":0,"enemies":"3 Cultists","floor":31,"turns":1}],"seed_played":"4261815107330247711","potions_obtained":[{"floor":1.0,"key":"FocusPotion"},{"floor":8.0,"key":"SpeedPotion"},{"floor":10.0,"key":"Strength Potion"}],"is_trial":false,"path_per_floor":["M","?","T","M","?","E","R","E","T","M","R","$","M","M","R","B",null,"M","$","M","$","T","R","E","R","T","R","E","?","?"],"character_chosen":"DEFECT","items_purchased":["Leap","Bag of Preparation","Capacitor","Go for the Eyes","Defragment"],"campfire_rested":3,"item_purchase_floors":[12,12,19,19,21],"current_hp_per_floor":[64,64,64,64,64,64,64,26,26,19,38,38,36,27,27,16,52,37,37,37,37,37,37,15,34,34,53,10,10,10,10],"gold":0,"neow_bonus":"THREE_ENEMY_KILL","is_prod":false,"is_daily":false,"chose_seed":false,"campfire_upgraded":3,"win_rate":0,"timestamp":1533775202,"path_taken":["M","?","?","M","?","E","R","E","T","M","R","$","M","M","R","BOSS","M","$","M","$","?","R","E","R","T","R","E","?","?","M"],"build_version":"2018-08-07v3","purchased_purges":0,"victory":false,"max_hp_per_floor":[71,71,71,71,64,64,64,64,64,64,64,64,64,64,64,64,64,64,64,64,64,64,64,64,64,64,64,64,64,64,64],"card_choices":[{"not_picked":["Recycle","Sweeping Beam"],"picked":"Compile Driver","floor":1.0},{"not_picked":["Go for the Eyes","Conserve Battery"],"picked":"White Noise","floor":6.0},{"not_picked":["Redo","Core Surge"],"picked":"Echo Form","floor":8.0},{"not_picked":["Beam Cell","Stack"],"picked":"Hologram","floor":10.0},{"not_picked":["Sweeping Beam","Leap"],"picked":"Hologram","floor":13.0},{"not_picked":["Lockon","Beam Cell"],"picked":"Stack","floor":14.0},{"not_picked":["Creative AI","Meteor Strike"],"picked":"Multi-Cast","floor":16.0},{"not_picked":[],"picked":"FTL","floor":20.0},{"not_picked":["Sweeping Beam"],"picked":"SKIP","floor":24},{"not_picked":[],"picked":"Conserve Battery+1","floor":27},{"not_picked":[],"picked":"All For One","floor":28}],"player_experience":770186,"relics_obtained":[{"floor":3.0,"key":"Gremlin Horn"},{"floor":6.0,"key":"Symbiotic Virus"},{"floor":8.0,"key":"Pen Nib"},{"floor":9.0,"key":"Juzu Bracelet"},{"floor":22.0,"key":"Whetstone"},{"floor":24,"key":"Bottled Flame"},{"floor":26,"key":"Dream Catcher"},{"floor":28,"key":"Bag of Marbles"}],"event_choices":[{"event_name":"Purifier","player_choice":"One Purge","floor":2.0,"damage_taken":0.0},{"event_name":"Golden Idol","player_choice":"Lose Max HP","floor":5.0,"damage_taken":0.0},{"event_name":"Masked Bandits","player_choice":"Paid Fearfully","floor":29,"damage_taken":0},{"event_name":"Transmorgrifier","player_choice":"Transform","floor":30,"damage_taken":0}],"is_beta":true,"boss_relics":[{"not_picked":["Orrery","FrozenCore"],"picked":"Busted Crown"}],"items_purged_floors":[],"is_endless":false,"potions_floor_spawned":[1,8,10,14,20],"killed_by":"3 Cultists","ascension_level":15}