{"gold_per_floor":[115,190,190,205,155,155,179,179,229,264,36,36,50,63,63,63],"floor_reached":16,"playtime":161,"items_purged":["Strike_G"],"score":103,"play_id":"788d72ff-ab95-452e-aeee-b6e47da66f90","local_time":"20181205172630","is_ascension_mode":true,"campfire_choices":[{"data":"All Out Attack","floor":6,"key":"SMITH"},{"data":"Neutralize","floor":12,"key":"SMITH"},{"floor":15,"key":"REST"}],"neow_cost":"NONE","seed_source_timestamp":4823123298055,"circlet_count":0,"master_deck":["Defend_G","Defend_G","Defend_G","Defend_G","Defend_G","Strike_G","Strike_G","Strike_G","Survivor","Neutralize+1","Poisoned Stab","All Out Attack+1","Dagger Spray","Poisoned Stab","Die Die Die","All Out Attack","Cloak And Dagger"],"relics":["Ring of the Snake","NeowsBlessing","Odd Mushroom","Golden Idol","Bag of Preparation","Potion Belt"],"potions_floor_usage":[],"damage_taken":[{"damage":0,"enemies":"Small Slimes","floor":1,"turns":1},{"damage":0,"enemies":"2 Louse","floor":4,"turns":1},{"damage":0,"enemies":"The Mushroom Lair","floor":7,"turns":1},{"damage":20,"enemies":"Gremlin Nob","floor":10,"turns":4},{"damage":0,"enemies":"Cultist","floor":13,"turns":2},{"damage":10,"enemies":"Looter","floor":14,"turns":2},{"damage":0,"enemies":"The Guardian","floor":16,"turns":1}],"seed_played":"-4330723616557572968","potions_obtained":[{"floor":10,"key":"SpeedPotion"},{"floor":13,"key":"Swift Potion"}],"is_trial":false,"path_per_floor":["M","?","?","M","?","R","?","?","T","E","$","R","M","M","R","B"],"character_chosen":"THE_SILENT","items_purchased":["Die Die Die"],"campfire_rested":1,"item_purchase_floors":[11],"current_hp_per_floor":[70,59,59,59,59,59,59,59,59,39,39,39,39,29,48,48],"gold":63,"neow_bonus":"THREE_ENEMY_KILL","is_prod":false,"is_daily":false,"chose_seed":false,"campfire_upgraded":2,"win_rate":0,"timestamp":1544059590,"path_taken":["M","?","?","?","?","R","?","?","T","E","$","R","M","M","R","BOSS"],"build_version":"2018-12-05","purchased_purges":1,"victory":false,"max_hp_per_floor":[70,70,70,70,70,70,70,65,65,65,65,65,65,65,65,65],"card_choices":[{"not_picked":["Acrobatics","Finisher"],"picked":"Poisoned Stab","floor":1},{"not_picked":["Bane","Dagger Spray"],"picked":"All Out Attack","floor":4},{"not_picked":["Deadly Poison","Acrobatics"],"picked":"Dagger Spray","floor":7},{"not_picked":["Flying Knee","Dagger Throw"],"picked":"Poisoned Stab","floor":10},{"not_picked":["Backflip","Deflect"],"picked":"All Out Attack","floor":13},{"not_picked":["Deflect","Underhanded Strike"],"picked":"Cloak And Dagger","floor":14}],"player_experience":960805,"relics_obtained":[{"floor":7,"key":"Odd Mushroom"},{"floor":9,"key":"Bag of Preparation"},{"floor":10,"key":"Potion Belt"}],"event_choices":[{"damage_healed":0,"gold_gain":75,"player_choice":"Gather Gold","damage_taken":11,"max_hp_gain":0,"max_hp_loss":0,"event_name":"World of Goop","floor":2,"gold_loss":0},{"damage_healed":0,"gold_gain":0,"player_choice":"0 cards matched","damage_taken":0,"max_hp_gain":0,"max_hp_loss":0,"event_name":"Match and Keep!","floor":3,"gold_loss":0,"cards_obtained":[]},{"cards_removed":["Strike_G"],"damage_healed":0,"gold_gain":0,"player_choice":"Card Removal","damage_taken":0,"max_hp_gain":0,"max_hp_loss":0,"event_name":"The Cleric","floor":5,"gold_loss":50},{"damage_healed":0,"gold_gain":0,"player_choice":"Fought Mushrooms","damage_taken":0,"max_hp_gain":0,"max_hp_loss":0,"event_name":"Mushrooms","floor":7,"gold_loss":0},{"damage_healed":0,"gold_gain":0,"player_choice":"Lose Max HP","damage_taken":0,"relics_obtained":["Golden Idol"],"max_hp_gain":0,"max_hp_loss":5,"event_name":"Golden Idol","floor":8,"gold_loss":0}],"is_beta":true,"boss_relics":[],"items_purged_floors":[11],"is_endless":false,"potions_floor_spawned":[10,13],"killed_by":"The Guardian","ascension_level":1}