{"gold_per_floor":[366,366,10,54,70,70,91,129,153,229,229,304,304,323,323,422,422,443,443,718,61,74,74,90,90,90,90],"floor_reached":27,"playtime":725,"items_purged":["Regret"],"score":467,"play_id":"2488e723-6dd3-4cd4-9587-8ea6db5e883c","local_time":"20190202032049","is_ascension_mode":true,"campfire_choices":[{"data":"Chaos","floor":6.0,"key":"SMITH"},{"floor":13.0,"key":"REST"},{"data":"Hologram","floor":15.0,"key":"SMITH"},{"floor":23,"key":"REST"}],"neow_cost":"TEN_PERCENT_HP_LOSS","seed_source_timestamp":26897704998853,"circlet_count":0,"master_deck":["AscendersBane","Strike_B","Strike_B","Strike_B","Strike_B","Defend_B","Defend_B","Defend_B","Defend_B","Zap","Dualcast","Doom and Gloom","Chaos+1","Stack","Rebound","Sunder","White Noise","Hologram+1","Beam Cell","Hello World","Rainbow","BootSequence","Mind Blast","Leap","Stack","Beam Cell","Streamline","Echo Form","Hello World"],"special_seed":0,"relics":["Cracked Core","Golden Idol","Toolbox","Regal Pillow","Anchor","Juzu Bracelet","Fusion Hammer","Mango","Smiling Mask"],"potions_floor_usage":[18,27,27],"damage_taken":[{"damage":4.0,"enemies":"Jaw Worm","floor":1.0,"turns":3.0},{"damage":1.0,"enemies":"2 Louse","floor":4.0,"turns":2.0},{"damage":1.0,"enemies":"Small Slimes","floor":5.0,"turns":3.0},{"damage":6.0,"enemies":"Red Slaver","floor":7.0,"turns":3.0},{"damage":23.0,"enemies":"Lagavulin","floor":8.0,"turns":6.0},{"damage":17.0,"enemies":"3 Sentries","floor":10.0,"turns":7.0},{"damage":6.0,"enemies":"Blue Slaver","floor":14.0,"turns":3.0},{"damage":30.0,"enemies":"Hexaghost","floor":16.0,"turns":6.0},{"damage":10,"enemies":"2 Thieves","floor":18,"turns":5},{"damage":11,"enemies":"Spheric Guardian","floor":22,"turns":4},{"damage":31,"enemies":"Snecko","floor":24,"turns":7},{"damage":65,"enemies":"Book of Stabbing","floor":27,"turns":5}],"seed_played":"-1502623347700224915","potions_obtained":[{"floor":5.0,"key":"GamblersBrew"},{"floor":14.0,"key":"Regen Potion"},{"floor":16.0,"key":"Strength Potion"},{"floor":18,"key":"SpeedPotion"}],"is_trial":false,"path_per_floor":["M","?","$","M","M","R","M","E","T","E","?","?","R","M","R","B",null,"M","?","?","$","M","R","M","?","T","E"],"character_chosen":"DEFECT","items_purchased":["Toolbox","Chaos","Stack","Mango","Mind Blast","Leap","Stack","Beam Cell"],"campfire_rested":2,"item_purchase_floors":[3,3,3,21,21,21,21,21],"current_hp_per_floor":[60,58,58,57,56,56,50,27,27,10,29,18,50,44,44,14,47,37,37,37,51,40,72,41,41,41,0],"gold":90,"neow_bonus":"TWO_FIFTY_GOLD","is_prod":false,"is_daily":false,"chose_seed":false,"campfire_upgraded":2,"win_rate":0,"timestamp":1549106449,"path_taken":["M","?","$","M","M","R","M","E","T","E","?","?","R","M","R","BOSS","M","?","?","$","M","R","M","?","T","E"],"build_version":"2019-01-23","purchased_purges":1,"victory":false,"max_hp_per_floor":[64,58,58,58,58,58,58,58,58,58,58,58,58,58,58,58,58,58,58,58,72,72,72,72,72,72,72],"card_choices":[{"not_picked":["Steam","Turbo"],"picked":"Doom and Gloom","floor":1.0},{"not_picked":["Compile Driver","Gash"],"picked":"Rebound","floor":4.0},{"not_picked":["Steam","Redo"],"picked":"Sunder","floor":5.0},{"not_picked":["Barrage","Sweeping Beam"],"picked":"White Noise","floor":7.0},{"not_picked":["Amplify","Ball Lightning"],"picked":"Hologram","floor":8.0},{"not_picked":["Barrage","Undo"],"picked":"Beam Cell","floor":10.0},{"not_picked":["Stack","Ball Lightning"],"picked":"Hello World","floor":14.0},{"not_picked":["Amplify","Hyperbeam"],"picked":"Rainbow","floor":16.0},{"not_picked":["Tempest","Skim"],"picked":"Streamline","floor":22},{"not_picked":["Coolheaded+1","Heatsinks"],"picked":"Echo Form","floor":24}],"player_experience":1092596,"relics_obtained":[{"floor":8.0,"key":"Regal Pillow"},{"floor":9.0,"key":"Anchor"},{"floor":10.0,"key":"Juzu Bracelet"},{"floor":26,"key":"Smiling Mask"}],"event_choices":[{"damage_healed":0.0,"max_hp_gain":0.0,"max_hp_loss":6.0,"gold_gain":0.0,"event_name":"Golden Idol","player_choice":"Lose Max HP","floor":2.0,"gold_loss":0.0,"damage_taken":0.0,"relics_obtained":["Golden Idol"]},{"damage_healed":19.0,"max_hp_gain":0.0,"max_hp_loss":0.0,"gold_gain":0.0,"event_name":"Big Fish","player_choice":"Banana","floor":11.0,"gold_loss":0.0,"damage_taken":0.0},{"damage_healed":0.0,"max_hp_gain":0.0,"max_hp_loss":0.0,"gold_gain":75.0,"event_name":"World of Goop","player_choice":"Gather Gold","floor":12.0,"gold_loss":0.0,"damage_taken":11.0},{"damage_healed":0,"gold_gain":0,"player_choice":"Read","damage_taken":0,"max_hp_gain":0,"max_hp_loss":0,"event_name":"The Library","floor":19,"gold_loss":0,"cards_obtained":["BootSequence"]},{"damage_healed":0,"gold_gain":275,"player_choice":"Desecrate","damage_taken":0,"max_hp_gain":0,"max_hp_loss":0,"event_name":"Golden Shrine","floor":20,"gold_loss":0,"cards_obtained":["Regret"]},{"damage_healed":0,"gold_gain":0,"player_choice":"Copied","damage_taken":0,"max_hp_gain":0,"max_hp_loss":0,"event_name":"Duplicator","floor":25,"gold_loss":0,"cards_obtained":["Hello World"]}],"is_beta":true,"boss_relics":[{"not_picked":["Runic Pyramid","Tiny House"],"picked":"Fusion Hammer"}],"items_purged_floors":[21],"is_endless":false,"potions_floor_spawned":[5,14,16,18],"killed_by":"Book of Stabbing","ascension_level":20}