{"gold_per_floor":[210,18,33,47,64,96,96,107,107,107,123,123,123,140,140,240,240,255,29,41,41,41,41,73,73,142,153,172,184,194,194,194,194],"floor_reached":33,"playtime":2162,"items_purged":["Pain"],"score":321,"play_id":"69f34546-f1ec-4a10-9059-124ffc173962","local_time":"20190610173258","is_ascension_mode":false,"campfire_choices":[{"data":"Neutralize","floor":7.0,"key":"SMITH"},{"data":"Footwork","floor":13.0,"key":"SMITH"},{"data":"Dagger Spray","floor":15.0,"key":"SMITH"},{"data":"Regret","floor":23,"key":"PURGE"},{"data":"Writhe","floor":25,"key":"PURGE"},{"floor":32,"key":"RECALL"}],"neow_cost":"NONE","seed_source_timestamp":0,"circlet_count":0,"master_deck":["Defend_G+1","Defend_G+1","Defend_G+1","Defend_G+1","Defend_G+1","Strike_G+1","Strike_G+1","Strike_G+1","Strike_G+1","Survivor","Neutralize+1","Slice","Adrenaline","Dagger Spray+1","Slice","Blade Dance","Dagger Spray","Predator","Blur+1","Footwork+1","Deflect","Adrenaline","Finisher","Dagger Spray+1","Accuracy","Endless Agony","Accuracy","Finisher","Blur+1"],"special_seed":0,"relics":["Ring of the Snake","Paper Crane","Calling Bell","Happy Flower","Letter Opener","Peace Pipe","War Paint","PreservedInsect","MutagenicStrength"],"potions_floor_usage":[24,29,33,33],"damage_taken":[{"damage":3.0,"enemies":"Small Slimes","floor":1.0,"turns":4.0},{"damage":1.0,"enemies":"Cultist","floor":3.0,"turns":4.0},{"damage":0.0,"enemies":"Jaw Worm","floor":4.0,"turns":3.0},{"damage":8.0,"enemies":"3 Louse","floor":5.0,"turns":3.0},{"damage":11.0,"enemies":"Lagavulin","floor":6.0,"turns":5.0},{"damage":1.0,"enemies":"Looter","floor":8.0,"turns":3.0},{"damage":0.0,"enemies":"Exordium Wildlife","floor":11.0,"turns":2.0},{"damage":5.0,"enemies":"2 Fungi Beasts","floor":14.0,"turns":3.0},{"damage":0.0,"enemies":"Slime Boss","floor":16.0,"turns":7.0},{"damage":5,"enemies":"Shell Parasite","floor":18,"turns":7},{"damage":17,"enemies":"Chosen","floor":20,"turns":8},{"damage":1,"enemies":"Gremlin Leader","floor":24,"turns":5},{"damage":4,"enemies":"Shelled Parasite and Fungi","floor":27,"turns":3},{"damage":0,"enemies":"Chosen and Byrds","floor":28,"turns":6},{"damage":4,"enemies":"Snecko","floor":29,"turns":5},{"damage":0,"enemies":"Snake Plant","floor":30,"turns":5},{"damage":85,"enemies":"Automaton","floor":33,"turns":12}],"seed_played":"7157296567760131223","potions_obtained":[{"floor":4.0,"key":"Fire Potion"},{"floor":5.0,"key":"PowerPotion"},{"floor":8.0,"key":"Explosive Potion"},{"floor":11.0,"key":"SkillPotion"},{"floor":16.0,"key":"GamblersBrew"},{"floor":18,"key":"Strength Potion"},{"floor":27,"key":"PowerPotion"},{"floor":29,"key":"PowerPotion"}],"is_trial":false,"path_per_floor":["M","$","M","M","M","E","R","M","T","?","M","?","R","M","R","B",null,"M","$","M","?","?","R","E","R","T","M","M","M","M","?","R","B"],"character_chosen":"THE_SILENT","items_purchased":["Adrenaline","Dagger Spray","War Paint"],"campfire_rested":0,"item_purchase_floors":[2,2,19],"current_hp_per_floor":[67,67,66,66,58,47,47,46,46,39,39,39,39,34,34,34,70,65,65,48,48,48,48,47,47,47,43,43,39,39,39,39,0],"gold":194,"neow_bonus":"HUNDRED_GOLD","is_prod":false,"is_daily":false,"chose_seed":false,"campfire_upgraded":3,"win_rate":0,"timestamp":1560205978,"path_taken":["M","$","M","M","M","E","R","M","T","?","M","?","R","M","R","BOSS","M","$","M","?","?","R","E","R","T","M","M","M","M","?","R","BOSS"],"build_version":"2019-01-23","purchased_purges":1,"victory":false,"max_hp_per_floor":[70,70,70,70,70,70,70,70,70,70,70,70,70,70,70,70,70,70,70,70,70,70,70,70,70,70,70,70,70,70,70,70,70],"card_choices":[{"not_picked":["Prepared","Deadly Poison"],"picked":"Slice","floor":1.0},{"not_picked":["Outmaneuver","Underhanded Strike"],"picked":"Slice","floor":3.0},{"not_picked":["Dodge and Roll","Acrobatics"],"picked":"Blade Dance","floor":4.0},{"not_picked":["Choke","Heel Hook"],"picked":"Dagger Spray","floor":5.0},{"not_picked":["Grand Finale","Skewer"],"picked":"Predator","floor":6.0},{"not_picked":["Dagger Throw","Dagger Spray"],"picked":"Blur","floor":8.0},{"not_picked":["Dagger Spray","Acrobatics"],"picked":"Footwork","floor":11.0},{"not_picked":["Slice","Underhanded Strike"],"picked":"Deflect","floor":14.0},{"not_picked":["Unload","Bullet Time"],"picked":"Adrenaline","floor":16.0},{"not_picked":["Deflect","Setup"],"picked":"Finisher","floor":18},{"not_picked":["Riddle With Holes","Dodge and Roll"],"picked":"Dagger Spray+1","floor":20},{"not_picked":["Tactician+1","Dagger Throw+1"],"picked":"Accuracy","floor":24},{"not_picked":["Bane","Terror"],"picked":"Endless Agony","floor":27},{"not_picked":["All Out Attack","Crippling Poison"],"picked":"Accuracy","floor":28},{"not_picked":["Bane+1","Flying Knee+1"],"picked":"Finisher","floor":29},{"not_picked":["Slice","Acrobatics"],"picked":"Blur+1","floor":30}],"player_experience":746483,"relics_obtained":[{"floor":6.0,"key":"Paper Crane"},{"floor":17,"key":"Happy Flower"},{"floor":17,"key":"Letter Opener"},{"floor":17,"key":"Peace Pipe"},{"floor":24,"key":"PreservedInsect"}],"event_choices":[{"cards_removed":["Strike_G"],"damage_healed":0.0,"max_hp_gain":0.0,"max_hp_loss":0.0,"gold_gain":0.0,"event_name":"Golden Wing","player_choice":"Card Removal","floor":10.0,"gold_loss":0.0,"damage_taken":7.0},{"damage_healed":0.0,"max_hp_gain":0.0,"max_hp_loss":0.0,"gold_gain":0.0,"event_name":"Match and Keep!","player_choice":"0 cards matched","floor":12.0,"gold_loss":0.0,"damage_taken":0.0,"cards_obtained":[]},{"damage_healed":0,"gold_gain":0,"player_choice":"Simplicity","damage_taken":0,"max_hp_gain":0,"max_hp_loss":0,"event_name":"Back to Basics","floor":22,"gold_loss":0,"cards_upgraded":["Defend_G","Defend_G","Defend_G","Defend_G","Strike_G","Strike_G","Strike_G","Strike_G"]},{"damage_healed":0,"gold_gain":0,"player_choice":"Inject Mutagens","damage_taken":0,"relics_obtained":["MutagenicStrength"],"max_hp_gain":0,"max_hp_loss":0,"event_name":"Drug Dealer","floor":31,"gold_loss":0}],"is_beta":false,"boss_relics":[{"not_picked":["Runic Dome","Coffee Dripper"],"picked":"Calling Bell"}],"items_purged_floors":[19],"is_endless":false,"potions_floor_spawned":[4,5,8,11,16,18,27,29],"killed_by":"Automaton","ascension_level":0}