{"gold_per_floor":[119,119,138,152,164,164,193,193,220,220,247,247,260,287,287,361,361,371,371,386,399,411,411,411,442,469,469,495,512,512,44,44,118,118,129,144,144,156,156,156,188,200,200,220,231,231,251,261,261,261],"floor_reached":51,"playtime":2580,"items_purged":[],"score":1339,"play_id":"60e3e731-40a6-4866-9d82-ecf16313c084","local_time":"20190818195128","is_ascension_mode":true,"campfire_choices":[{"floor":6.0,"key":"REST"},{"data":"Streamline","floor":8.0,"key":"SMITH"},{"data":"Core Surge","floor":10.0,"key":"SMITH"},{"floor":15.0,"key":"REST"},{"data":"Glacier","floor":23.0,"key":"SMITH"},{"floor":27.0,"key":"REST"},{"floor":32.0,"key":"REST"},{"data":"Reboot","floor":40.0,"key":"SMITH"},{"data":"Master of Strategy","floor":49.0,"key":"SMITH"}],"neow_cost":"NONE","seed_source_timestamp":251319090128100,"circlet_count":0,"master_deck":["AscendersBane","Strike_B","Defend_B","Defend_B","Defend_B","Zap","Dualcast","Compile Driver","Streamline+1","Leap","Cold Snap","Core Surge+1","Self Repair+1","White Noise","Compile Driver","Cold Snap","Creative AI","Scrape+1","Meteor Strike+1","Force Field+1","Hologram+1","Glacier+1","Ball Lightning","Reboot+1","Coolheaded","Mayhem","Rebound","Master of Strategy+1","Cold Snap+1","Hologram","Rebound"],"special_seed":0,"relics":["Snecko Eye","Strawberry","Pen Nib","Dream Catcher","Happy Flower","Astrolabe","Nilry\u0027s Codex","Bottled Tornado","Smiling Mask","Dodecahedron","Gremlin Horn","Cursed Key","Pantograph"],"potions_floor_usage":[50,50],"damage_taken":[{"damage":5.0,"enemies":"Small Slimes","floor":1.0,"turns":3.0},{"damage":0.0,"enemies":"Cultist","floor":3.0,"turns":3.0},{"damage":4.0,"enemies":"Jaw Worm","floor":4.0,"turns":3.0},{"damage":25.0,"enemies":"Exordium Thugs","floor":5.0,"turns":5.0},{"damage":9.0,"enemies":"Lagavulin","floor":7.0,"turns":8.0},{"damage":5.0,"enemies":"3 Sentries","floor":11.0,"turns":7.0},{"damage":6.0,"enemies":"3 Louse","floor":13.0,"turns":4.0},{"damage":16.0,"enemies":"Lagavulin","floor":14.0,"turns":9.0},{"damage":25.0,"enemies":"Hexaghost","floor":16.0,"turns":8.0},{"damage":0.0,"enemies":"3 Byrds","floor":18.0,"turns":2.0},{"damage":28.0,"enemies":"2 Thieves","floor":20.0,"turns":5.0},{"damage":0.0,"enemies":"Centurion and Healer","floor":21.0,"turns":4.0},{"damage":7.0,"enemies":"Chosen and Byrds","floor":22.0,"turns":2.0},{"damage":38.0,"enemies":"Book of Stabbing","floor":25.0,"turns":5.0},{"damage":0.0,"enemies":"Gremlin Leader","floor":28.0,"turns":3.0},{"damage":0.0,"enemies":"Snecko","floor":29.0,"turns":3.0},{"damage":29.0,"enemies":"Champ","floor":33.0,"turns":7.0},{"damage":0.0,"enemies":"3 Shapes","floor":35.0,"turns":3.0},{"damage":4.0,"enemies":"Orb Walker","floor":36.0,"turns":4.0},{"damage":0.0,"enemies":"3 Darklings","floor":38.0,"turns":4.0},{"damage":16.0,"enemies":"Giant Head","floor":41.0,"turns":6.0},{"damage":31.0,"enemies":"4 Shapes","floor":42.0,"turns":4.0},{"damage":0.0,"enemies":"Sphere and 2 Shapes","floor":44.0,"turns":4.0},{"damage":16.0,"enemies":"Spire Growth","floor":45.0,"turns":3.0},{"damage":0.0,"enemies":"Jaw Worm Horde","floor":47.0,"turns":2.0},{"damage":7.0,"enemies":"4 Shapes","floor":48.0,"turns":3.0},{"damage":64,"enemies":"Time Eater","floor":50,"turns":9}],"seed_played":"8731479128416098104","potions_obtained":[{"floor":5.0,"key":"SkillPotion"},{"floor":7.0,"key":"SkillPotion"},{"floor":13.0,"key":"Fire Potion"},{"floor":14.0,"key":"SteroidPotion"},{"floor":16.0,"key":"Fire Potion"},{"floor":22.0,"key":"Fire Potion"},{"floor":25.0,"key":"PowerPotion"},{"floor":29.0,"key":"Swift Potion"},{"floor":33.0,"key":"EntropicBrew"},{"floor":36.0,"key":"Block Potion"},{"floor":45.0,"key":"FearPotion"}],"is_trial":false,"path_per_floor":["M","?","M","M","M","R","E","R","T","R","E","?","M","E","R","B",null,"M","?","M","M","M","R","?","E","T","R","E","M","?","$","R","B",null,"M","M","?","M","?","R","E","M","T","M","M","?","M","M","R","B",null],"character_chosen":"DEFECT","items_purchased":["Mayhem","Gremlin Horn"],"campfire_rested":4,"item_purchase_floors":[31,31],"current_hp_per_floor":[59,55,55,51,26,47,45,45,45,45,40,40,44,38,61,46,70,70,70,52,62,65,65,44,16,16,39,39,39,28,28,51,32,67,67,73,73,73,73,73,67,46,46,56,50,88,88,88,88,24],"gold":261,"neow_bonus":"BOSS_RELIC","is_prod":false,"is_daily":false,"chose_seed":false,"campfire_upgraded":5,"win_rate":0,"timestamp":1566125488,"path_taken":["M","?","?","M","M","R","E","R","T","R","E","?","M","E","R","BOSS","M","?","M","M","M","R","?","E","T","R","E","M","?","$","R","BOSS","M","?","?","M","?","R","E","M","T","M","M","?","M","M","R","BOSS"],"build_version":"2019-07-17","purchased_purges":0,"victory":true,"max_hp_per_floor":[71,71,71,71,71,71,78,78,78,78,78,78,78,78,78,78,78,78,78,78,78,78,78,78,78,78,78,78,78,78,78,78,78,78,78,78,78,78,78,78,78,78,78,78,78,88,88,88,88,88],"card_choices":[{"not_picked":["Stack","Loop"],"picked":"Compile Driver","floor":1.0},{"not_picked":["Compile Driver","FTL"],"picked":"Streamline","floor":3.0},{"not_picked":["Reprogram","Reinforced Body"],"picked":"Leap","floor":4.0},{"not_picked":["Conserve Battery","Doom and Gloom"],"picked":"Cold Snap","floor":5.0},{"not_picked":["Conserve Battery","White Noise"],"picked":"Core Surge","floor":7.0},{"not_picked":["Streamline","Redo"],"picked":"Self Repair","floor":11.0},{"not_picked":["Sweeping Beam","Reinforced Body"],"picked":"White Noise","floor":13.0},{"not_picked":["Stack","Gash"],"picked":"Compile Driver","floor":14.0},{"not_picked":["Go for the Eyes","Redo"],"picked":"Cold Snap","floor":15.0},{"not_picked":["Meteor Strike","Thunder Strike"],"picked":"Creative AI","floor":16.0},{"not_picked":["Go for the Eyes+1","Blizzard"],"picked":"Hologram+1","floor":18.0},{"not_picked":["Scrape","Barrage"],"picked":"Glacier","floor":20.0},{"not_picked":["Turbo","Go for the Eyes+1"],"picked":"Ball Lightning","floor":21.0},{"not_picked":["Gash","Double Energy"],"picked":"Reboot","floor":22.0},{"not_picked":["Go for the Eyes+1","Double Energy"],"picked":"Coolheaded","floor":25.0},{"not_picked":["Double Energy","Beam Cell","Aggregate"],"picked":"SKIP","floor":28.0},{"not_picked":["FTL","Sweeping Beam","Aggregate"],"picked":"SKIP","floor":29.0},{"not_picked":["Machine Learning","Biased Cognition"],"picked":"Core Surge","floor":33.0},{"not_picked":["Auto Shields+1","Rebound","Blizzard"],"picked":"SKIP","floor":35.0},{"not_picked":["Cold Snap","Turbo"],"picked":"Loop","floor":36.0},{"not_picked":["Beam Cell","Reprogram"],"picked":"Rebound","floor":38.0},{"not_picked":["Violence","Transmutation"],"picked":"Master of Strategy","floor":39.0},{"not_picked":["Turbo","Steam","Double Energy"],"picked":"SKIP","floor":41.0},{"not_picked":["Undo","Lockon"],"picked":"Cold Snap+1","floor":42.0},{"not_picked":["Cold Snap","Redo","Undo"],"picked":"SKIP","floor":44.0},{"not_picked":["Streamline","Sweeping Beam"],"picked":"Hologram","floor":45.0},{"not_picked":["Stack","Beam Cell","Leap"],"picked":"SKIP","floor":47.0},{"not_picked":["Stack","Doom and Gloom"],"picked":"Rebound","floor":48.0}],"player_experience":197506,"relics_obtained":[{"floor":7.0,"key":"Strawberry"},{"floor":9.0,"key":"Pen Nib"},{"floor":11.0,"key":"Dream Catcher"},{"floor":14.0,"key":"Happy Flower"},{"floor":24.0,"key":"Nilry\u0027s Codex"},{"floor":25.0,"key":"Bottled Tornado"},{"floor":26.0,"key":"Smiling Mask"},{"floor":28.0,"key":"Dodecahedron"},{"floor":41.0,"key":"Pantograph"}],"event_choices":[{"damage_healed":0.0,"max_hp_gain":0.0,"max_hp_loss":0.0,"gold_gain":0.0,"event_name":"The Woman in Blue","player_choice":"Bought 0 Potions","floor":2.0,"gold_loss":0.0,"damage_taken":0.0},{"damage_healed":0.0,"max_hp_gain":0.0,"max_hp_loss":0.0,"gold_gain":0.0,"event_name":"Upgrade Shrine","player_choice":"Upgraded","floor":12.0,"gold_loss":0.0,"damage_taken":0.0,"cards_upgraded":["Self Repair"]},{"cards_removed":["Strike_B"],"damage_healed":0.0,"max_hp_gain":0.0,"max_hp_loss":0.0,"gold_gain":0.0,"event_name":"Back to Basics","player_choice":"Elegance","floor":19.0,"gold_loss":0.0,"damage_taken":0.0},{"damage_healed":0.0,"max_hp_gain":0.0,"max_hp_loss":0.0,"gold_gain":0.0,"event_name":"Cursed Tome","player_choice":"Obtained Book","floor":24.0,"gold_loss":0.0,"damage_taken":21.0},{"damage_healed":0.0,"max_hp_gain":0.0,"max_hp_loss":0.0,"gold_gain":0.0,"event_name":"Wheel of Change","player_choice":"Damaged","floor":30.0,"gold_loss":0.0,"damage_taken":11.0},{"cards_removed":["Loop"],"damage_healed":0.0,"max_hp_gain":0.0,"max_hp_loss":0.0,"gold_gain":0.0,"event_name":"Falling","player_choice":"Removed Power","floor":37.0,"gold_loss":0.0,"damage_taken":0.0},{"damage_healed":0.0,"max_hp_gain":0.0,"max_hp_loss":0.0,"gold_gain":0.0,"event_name":"SensoryStone","player_choice":"Memory 1","floor":39.0,"gold_loss":0.0,"damage_taken":0.0},{"cards_removed":["Core Surge"],"damage_healed":28.0,"max_hp_gain":10.0,"max_hp_loss":0.0,"gold_gain":0.0,"event_name":"Bonfire Elementals","player_choice":"Offered Rare","floor":46.0,"gold_loss":0.0,"damage_taken":0.0}],"is_beta":false,"boss_relics":[{"not_picked":["White Beast Statue","Velvet Choker"],"picked":"Astrolabe"},{"not_picked":["Philosopher\u0027s Stone","Eternal Feather"],"picked":"Cursed Key"}],"items_purged_floors":[],"is_endless":false,"potions_floor_spawned":[5,7,13,14,16,22,25,29,33,35,36,45,48],"ascension_level":16}