{"gold_per_floor":[113,54,54,204,204,237,237,237,237,268,268,268,287,319,319,319],"floor_reached":16,"playtime":263,"items_purged":[],"score":328,"play_id":"6e26a40f-d71e-4dce-ad1c-dd705793c067","local_time":"20190301151339","is_ascension_mode":true,"campfire_choices":[{"data":"Zap","floor":7,"key":"SMITH"},{"data":"Streamline","floor":12,"key":"SMITH"},{"data":"White Noise","floor":15,"key":"SMITH"}],"neow_cost":"NONE","seed_source_timestamp":9421633217584,"circlet_count":0,"master_deck":["AscendersBane","Strike_B","Strike_B","Strike_B","Defend_B","Defend_B","Defend_B","Defend_B","Zap+1","Dualcast","White Noise+1","Leap","Streamline+1","Ball Lightning","FTL","Ball Lightning"],"relics":["Cracked Core","NeowsBlessing","FossilizedHelix","Strawberry","Bottled Lightning","DataDisk"],"potions_floor_usage":[16],"damage_taken":[{"damage":0,"enemies":"Jaw Worm","floor":1,"turns":1},{"damage":0,"enemies":"Gremlin Nob","floor":6,"turns":1},{"damage":0,"enemies":"Lagavulin","floor":10,"turns":2},{"damage":7,"enemies":"Small Slimes","floor":13,"turns":3},{"damage":26,"enemies":"3 Sentries","floor":14,"turns":6},{"damage":46,"enemies":"Hexaghost","floor":16,"turns":8}],"seed_played":"-1921691191889460810","potions_obtained":[{"floor":10,"key":"FearPotion"}],"is_trial":false,"path_per_floor":["M","$","?","?","?","E","R","?","T","E","?","R","M","E","R","B"],"character_chosen":"DEFECT","items_purchased":["Leap"],"campfire_rested":0,"item_purchase_floors":[2],"current_hp_per_floor":[64,64,64,64,64,64,64,69,76,76,76,76,69,43,43,0],"gold":319,"neow_bonus":"THREE_ENEMY_KILL","is_prod":false,"is_daily":false,"chose_seed":false,"campfire_upgraded":3,"win_rate":0,"timestamp":1551482019,"path_taken":["M","$","?","?","?","E","R","?","T","E","?","R","M","E","R","BOSS"],"build_version":"2019-02-06","purchased_purges":0,"victory":false,"max_hp_per_floor":[71,71,71,71,71,71,71,76,83,83,83,83,83,83,83,83],"card_choices":[{"not_picked":["Coolheaded","Compile Driver"],"picked":"White Noise","floor":1},{"not_picked":["Consume","Creative AI"],"picked":"Streamline","floor":6},{"not_picked":["Go for the Eyes","Aggregate"],"picked":"Ball Lightning","floor":10},{"not_picked":["Compile Driver","Stack"],"picked":"FTL","floor":13},{"not_picked":["Buffer","Streamline"],"picked":"Ball Lightning","floor":14}],"player_experience":1257249,"relics_obtained":[{"floor":6,"key":"FossilizedHelix"},{"floor":9,"key":"Strawberry"},{"floor":10,"key":"Bottled Lightning"},{"floor":14,"key":"DataDisk"}],"event_choices":[{"damage_healed":0,"gold_gain":0,"player_choice":"Leave","damage_taken":0,"max_hp_gain":0,"max_hp_loss":0,"event_name":"The Cleric","floor":3,"gold_loss":0},{"damage_healed":0,"gold_gain":150,"player_choice":"AGREE","damage_taken":0,"max_hp_gain":0,"max_hp_loss":0,"event_name":"Liars Game","floor":4,"gold_loss":0,"cards_obtained":["Doubt"]},{"cards_removed":["Doubt"],"damage_healed":0,"gold_gain":0,"player_choice":"Forget","damage_taken":0,"max_hp_gain":0,"max_hp_loss":0,"event_name":"Living Wall","floor":5,"gold_loss":0},{"damage_healed":0,"gold_gain":0,"player_choice":"Donut","damage_taken":0,"max_hp_gain":5,"max_hp_loss":0,"event_name":"Big Fish","floor":8,"gold_loss":0},{"cards_removed":["Strike_B"],"damage_healed":0,"gold_gain":0,"player_choice":"Purged","damage_taken":0,"max_hp_gain":0,"max_hp_loss":0,"event_name":"Purifier","floor":11,"gold_loss":0}],"is_beta":true,"boss_relics":[],"items_purged_floors":[],"is_endless":false,"potions_floor_spawned":[10],"killed_by":"Hexaghost","ascension_level":20}