{"gold_per_floor":[111,36,36,47,66,66,91,91,116,130,130,143,143,31,31,126,126,149,199,199,223,348,348,371,396,396,447,722,139,139,162,162,255,255,269,290,310,310,334,378,378,413,413,413,145,145,145,165,165,165,165,165,165,67,102,102],"floor_reached":56,"playtime":2719,"items_purged":["Regret","Strike_B"],"score":2010,"play_id":"23a5ed3a-b679-4de6-9e88-49981bd31172","local_time":"20190121005539","is_ascension_mode":true,"campfire_choices":[{"data":"Streamline","floor":6.0,"key":"SMITH"},{"data":"Conserve Battery","floor":8.0,"key":"SMITH"},{"data":"Streamline","floor":11.0,"key":"SMITH"},{"data":"Beam Cell","floor":15.0,"key":"SMITH"},{"data":"Hologram","floor":23.0,"key":"SMITH"},{"data":"Hologram","floor":30.0,"key":"SMITH"},{"data":"Hologram","floor":32.0,"key":"SMITH"},{"data":"Machine Learning","floor":41,"key":"SMITH"},{"floor":44,"key":"RECALL"},{"data":"Hologram","floor":47,"key":"SMITH"},{"data":"Capacitor","floor":49,"key":"SMITH"},{"data":"Hello World","floor":53,"key":"SMITH"}],"neow_cost":"NONE","seed_source_timestamp":483951928199,"circlet_count":0,"master_deck":["AscendersBane","Defend_B","Defend_B","Defend_B","Defend_B+1","Zap+1","Dualcast","Streamline+1","Coolheaded","Gash","Conserve Battery+1","Streamline+1","Beam Cell+1","Hologram+1","Cold Snap","All For One","Steam+1","Hologram+1","Scrape","Beam Cell","Hologram+1","Hologram+1","Conserve Battery","Beam Cell","Compile Driver","Stack+1","Machine Learning+1","Skim+1","Go for the Eyes+1","BootSequence","Conserve Battery","All For One","FTL","Coolheaded","Hologram+1","Capacitor+1","Hello World+1","Glacier","Turbo","Coolheaded"],"special_seed":0,"relics":["Coffee Dripper","Centennial Puzzle","Pen Nib","Golden Idol","Sozu","Ginger","Pantograph","Bag of Marbles","DataDisk","Strawberry","Medical Kit","Lizard Tail","Mercury Hourglass","Letter Opener","Ice Cream","Art of War"],"potions_floor_usage":[],"damage_taken":[{"damage":0.0,"enemies":"Small Slimes","floor":1.0,"turns":4.0},{"damage":2.0,"enemies":"Jaw Worm","floor":4.0,"turns":3.0},{"damage":0.0,"enemies":"2 Louse","floor":5.0,"turns":3.0},{"damage":24.0,"enemies":"3 Sentries","floor":7.0,"turns":9.0},{"damage":0.0,"enemies":"Exordium Wildlife","floor":10.0,"turns":3.0},{"damage":8.0,"enemies":"Blue Slaver","floor":12.0,"turns":2.0},{"damage":0.0,"enemies":"Hexaghost","floor":16.0,"turns":9.0},{"damage":2.0,"enemies":"3 Byrds","floor":18.0,"turns":5.0},{"damage":0.0,"enemies":"Spheric Guardian","floor":21.0,"turns":3.0},{"damage":1.0,"enemies":"Colosseum Slavers","floor":22.0,"turns":5.0},{"damage":1.0,"enemies":"Colosseum Nobs","floor":22.0,"turns":2.0},{"damage":6.0,"enemies":"Snake Plant","floor":24.0,"turns":3.0},{"damage":0.0,"enemies":"Cultist and Chosen","floor":25.0,"turns":3.0},{"damage":0.0,"enemies":"Snecko","floor":31.0,"turns":4.0},{"damage":1.0,"enemies":"Champ","floor":33.0,"turns":14.0},{"damage":0.0,"enemies":"Orb Walker","floor":35.0,"turns":2.0},{"damage":1.0,"enemies":"3 Darklings","floor":36.0,"turns":2.0},{"damage":11.0,"enemies":"Maw","floor":37.0,"turns":5.0},{"damage":6,"enemies":"Writhing Mass","floor":39,"turns":7},{"damage":59,"enemies":"Reptomancer","floor":40,"turns":7},{"damage":15,"enemies":"Nemesis","floor":42,"turns":7},{"damage":0,"enemies":"4 Shapes","floor":48,"turns":4},{"damage":25,"enemies":"Time Eater","floor":50,"turns":14},{"damage":21,"enemies":"Awakened One","floor":51,"turns":9},{"damage":44,"enemies":"Shield and Spear","floor":55,"turns":6},{"damage":40,"enemies":"The Heart","floor":56,"turns":2}],"seed_played":"3867862810877782939","potions_obtained":[{"floor":5.0,"key":"Weak Potion"},{"floor":7.0,"key":"SpeedPotion"},{"floor":10.0,"key":"EntropicBrew"}],"is_trial":false,"path_per_floor":["M","?","?","M","M","R","E","R","T","M","R","M","?","$","R","B",null,"M","?","?","M","?","R","M","M","T","T","?","$","R","M","R","B",null,"M","M","M","T","M","E","R","E","T","R","$","?","R","M","R","B","B",null,"R","$","E","B"],"character_chosen":"DEFECT","items_purchased":["Hologram","Cold Snap","Conserve Battery","Beam Cell","Strawberry","Medical Kit","Compile Driver","Coolheaded","Hologram","Capacitor","Glacier","Turbo"],"campfire_rested":0,"item_purchase_floors":[14,14,29,29,29,29,29,45,45,45,54,54],"current_hp_per_floor":[64,64,43,41,41,41,17,17,17,17,17,9,9,9,9,9,50,48,48,48,48,46,46,40,40,40,40,40,47,47,47,47,70,71,71,70,59,59,53,35,35,20,20,20,20,20,20,20,20,20,24,59,59,59,15,0],"gold":102,"neow_bonus":"BOSS_RELIC","is_prod":false,"is_daily":false,"chose_seed":false,"campfire_upgraded":11,"win_rate":0,"timestamp":1548060939,"path_taken":["M","?","?","M","M","R","E","R","T","M","R","M","?","$","R","BOSS","M","?","?","?","?","R","M","M","T","?","?","$","R","M","R","BOSS","BOSS","M","?","?","?","?","E","R","E","T","R","?","?","R","M","R","BOSS","BOSS","R","$","E","BOSS"],"build_version":"2019-01-17","purchased_purges":2,"victory":false,"max_hp_per_floor":[71,71,71,71,71,71,71,71,71,71,71,71,64,64,64,64,64,64,64,64,64,64,64,64,64,64,64,64,71,71,71,71,71,71,71,71,71,71,71,71,71,71,71,71,71,71,71,71,71,71,71,71,71,71,71,71],"card_choices":[{"not_picked":["Doom and Gloom","Steam Power"],"picked":"Streamline","floor":1.0},{"not_picked":["Capacitor","Steam Power"],"picked":"Coolheaded","floor":4.0},{"not_picked":["Go for the Eyes","Turbo"],"picked":"Gash","floor":5.0},{"not_picked":["Barrage","Sweeping Beam"],"picked":"Conserve Battery","floor":7.0},{"not_picked":["Coolheaded","Stack"],"picked":"Streamline","floor":10.0},{"not_picked":["Double Energy","White Noise"],"picked":"Beam Cell","floor":12.0},{"not_picked":["Meteor Strike","Machine Learning"],"picked":"All For One","floor":16.0},{"not_picked":["Hologram","Go for the Eyes"],"picked":"Steam+1","floor":18.0},{"not_picked":["Steam Power","Redo"],"picked":"Beam Cell","floor":21.0},{"not_picked":["Turbo","Barrage"],"picked":"Hologram","floor":24.0},{"not_picked":["Rainbow","BootSequence"],"picked":"Hologram+1","floor":25.0},{"not_picked":["Doom and Gloom","Rebound"],"picked":"Stack+1","floor":31.0},{"not_picked":["Buffer","Core Surge"],"picked":"Machine Learning","floor":33.0},{"not_picked":["Barrage+1","Turbo"],"picked":"Skim+1","floor":35.0},{"not_picked":["Ball Lightning","Sweeping Beam"],"picked":"Go for the Eyes+1","floor":36.0},{"not_picked":["Steam+1","Double Energy"],"picked":"BootSequence","floor":37.0},{"not_picked":["Double Energy+1","Scrape"],"picked":"Conserve Battery","floor":39},{"not_picked":["Gash+1","Chaos"],"picked":"All For One","floor":40},{"not_picked":["Blizzard","Sweeping Beam"],"picked":"FTL","floor":42},{"not_picked":["Coolheaded","Steam"],"picked":"Hello World","floor":48},{"not_picked":["FTL+1","Streamline"],"picked":"Coolheaded","floor":55}],"player_experience":1037210,"relics_obtained":[{"floor":7.0,"key":"Centennial Puzzle"},{"floor":9.0,"key":"Pen Nib"},{"floor":22.0,"key":"Ginger"},{"floor":22.0,"key":"Pantograph"},{"floor":26.0,"key":"Bag of Marbles"},{"floor":27.0,"key":"DataDisk"},{"floor":40,"key":"Mercury Hourglass"},{"floor":42,"key":"Letter Opener"},{"floor":43,"key":"Ice Cream"},{"floor":55,"key":"Art of War"}],"event_choices":[{"cards_removed":["Strike_B"],"damage_healed":0.0,"max_hp_gain":0.0,"max_hp_loss":0.0,"gold_gain":0.0,"event_name":"The Cleric","player_choice":"Card Removal","floor":2.0,"gold_loss":75.0,"damage_taken":0.0},{"damage_healed":0.0,"max_hp_gain":0.0,"max_hp_loss":0.0,"gold_gain":0.0,"event_name":"Shining Light","player_choice":"Entered Light","floor":3.0,"gold_loss":0.0,"damage_taken":21.0,"cards_upgraded":["Zap","Defend_B"]},{"damage_healed":0.0,"max_hp_gain":0.0,"max_hp_loss":7.0,"gold_gain":0.0,"event_name":"Golden Idol","player_choice":"Lose Max HP","floor":13.0,"gold_loss":0.0,"damage_taken":0.0,"relics_obtained":["Golden Idol"]},{"damage_healed":0.0,"max_hp_gain":0.0,"max_hp_loss":0.0,"gold_gain":50.0,"event_name":"Nest","player_choice":"Stole From Cult","floor":19.0,"gold_loss":0.0,"damage_taken":0.0},{"damage_healed":0.0,"max_hp_gain":0.0,"max_hp_loss":0.0,"gold_gain":0.0,"cards_transformed":["Strike_B","Strike_B"],"event_name":"Drug Dealer","player_choice":"Became Test Subject","floor":20.0,"gold_loss":0.0,"damage_taken":0.0,"cards_obtained":["Hologram","Scrape"]},{"damage_healed":0.0,"max_hp_gain":0.0,"max_hp_loss":0.0,"gold_gain":0.0,"event_name":"Colosseum","player_choice":"Fight","floor":22.0,"gold_loss":0.0,"damage_taken":0.0},{"damage_healed":0.0,"max_hp_gain":0.0,"max_hp_loss":0.0,"gold_gain":0.0,"event_name":"Colosseum","player_choice":"Fought Nobs","floor":22.0,"gold_loss":0.0,"damage_taken":0.0},{"damage_healed":0.0,"max_hp_gain":0.0,"max_hp_loss":0.0,"gold_gain":275.0,"event_name":"Golden Shrine","player_choice":"Desecrate","floor":28.0,"gold_loss":0.0,"damage_taken":0.0,"cards_obtained":["Regret"]},{"damage_healed":0,"gold_gain":0,"player_choice":"Ignored","damage_taken":0,"max_hp_gain":0,"max_hp_loss":0,"event_name":"Mysterious Sphere","floor":46,"gold_loss":0}],"is_beta":true,"boss_relics":[{"not_picked":["Ectoplasm","Runic Pyramid"],"picked":"Sozu"},{"not_picked":["Fusion Hammer","Empty Cage"],"picked":"Lizard Tail"}],"items_purged_floors":[29,45],"is_endless":false,"potions_floor_spawned":[5,7,10,12,18,22,24,37,39,40,42],"killed_by":"The Heart","ascension_level":20}