{"gold_per_floor":[111,111,79,79,93,93,131,131,131,131,81,81,96,14,14,135,135,158,29,29,50,50,50,83,83,110,145,75,75,90,111,111,230,230,254,56,76,97,116,149,168,168,240,261,16,30,30],"floor_reached":47,"playtime":5519,"items_purged":["Strike_R","Seeing Red"],"score":641,"play_id":"7c89fd27-1be7-4c37-853c-6e659b44127e","local_time":"20190828010514","is_ascension_mode":true,"campfire_choices":[{"data":"Iron Wave","floor":6,"key":"SMITH"},{"floor":8,"key":"REST"},{"data":"Intimidate","floor":12,"key":"SMITH"},{"data":"Armaments","floor":15,"key":"SMITH"},{"data":"True Grit","floor":23,"key":"SMITH"},{"floor":25,"key":"REST"},{"floor":32,"key":"REST"},{"floor":42,"key":"REST"}],"neow_cost":"NONE","seed_source_timestamp":197787005755644,"circlet_count":0,"master_deck":["Strike_R+1","Strike_R+1","Strike_R+1","Defend_R+1","Defend_R+1","Defend_R+1","Defend_R+1","Bash+1","Shrug It Off","Iron Wave+1","Intimidate+1","Armaments+1","Inflame","Juggernaut","Inflame","True Grit+1","Heavy Blade","RitualDagger","Intimidate+1","Dropkick","Feel No Pain","Sword Boomerang+1","Barricade","Metallicize+1","Pommel Strike+1","Warcry","Metallicize+1"],"relics":["Burning Blood","Golden Idol","Bottled Flame","Mercury Hourglass","Mark of Pain","Orichalcum","Bag of Marbles","Oddly Smooth Stone","Sozu","Lee\u0027s Waffle","Charon\u0027s Ashes","Pen Nib"],"potions_floor_usage":[16,21,24,33,38],"damage_taken":[{"damage":0,"enemies":"Small Slimes","floor":1,"turns":4},{"damage":14,"enemies":"Jaw Worm","floor":5,"turns":6},{"damage":56,"enemies":"Lagavulin","floor":7,"turns":12},{"damage":1,"enemies":"2 Louse","floor":13,"turns":2},{"damage":17,"enemies":"The Guardian","floor":16,"turns":13},{"damage":4,"enemies":"Chosen","floor":18,"turns":4},{"damage":4,"enemies":"3 Byrds","floor":21,"turns":4},{"damage":43,"enemies":"Book of Stabbing","floor":24,"turns":6},{"damage":30,"enemies":"Slavers","floor":27,"turns":5},{"damage":2,"enemies":"3 Cultists","floor":30,"turns":5},{"damage":0,"enemies":"Snecko","floor":31,"turns":3},{"damage":43,"enemies":"Collector","floor":33,"turns":10},{"damage":4,"enemies":"Orb Walker","floor":35,"turns":3},{"damage":0,"enemies":"3 Shapes","floor":37,"turns":2},{"damage":9,"enemies":"3 Darklings","floor":38,"turns":6},{"damage":9,"enemies":"Spire Growth","floor":39,"turns":6},{"damage":65,"enemies":"Reptomancer","floor":40,"turns":6},{"damage":17,"enemies":"Maw","floor":41,"turns":8},{"damage":27,"enemies":"Writhing Mass","floor":44,"turns":8},{"damage":22,"enemies":"Spire Growth","floor":46,"turns":4},{"damage":49,"enemies":"Giant Head","floor":47,"turns":7}],"seed_played":"-1467768797764772980","potions_obtained":[{"floor":5,"key":"GamblersBrew"},{"floor":7,"key":"Explosive Potion"},{"floor":13,"key":"Weak Potion"},{"floor":16,"key":"FairyPotion"},{"floor":21,"key":"Poison Potion"},{"floor":27,"key":"Swift Potion"},{"floor":31,"key":"Block Potion"}],"is_trial":false,"path_per_floor":["M","?","?","?","M","R","E","R","T","?","?","R","M","$","R","B",null,"M","$","?","M","?","R","E","R","T","E","$","?","M","M","R","B",null,"M","$","M","M","M","E","M","R","T","M","$","M","E"],"character_chosen":"IRONCLAD","items_purchased":["Inflame","True Grit","Feel No Pain","Lee\u0027s Waffle","Pen Nib"],"campfire_rested":4,"item_purchase_floors":[14,19,28,36,45],"current_hp_per_floor":[78,71,71,71,63,63,13,37,37,63,63,63,68,68,68,57,74,76,76,76,78,72,72,35,59,59,35,35,35,39,45,69,32,68,70,87,87,84,81,22,11,37,37,16,16,14,0],"gold":30,"neow_bonus":"UPGRADE_CARD","is_prod":false,"is_daily":false,"chose_seed":false,"campfire_upgraded":4,"win_rate":0,"timestamp":1566947114,"path_taken":["M","?","?","?","?","R","E","R","T","?","?","R","M","$","R","BOSS","M","$","?","M","?","R","E","R","T","E","$","?","?","M","R","BOSS","M","$","M","M","M","E","M","R","T","M","$","M","E"],"build_version":"2019-07-17","purchased_purges":2,"victory":false,"max_hp_per_floor":[80,80,80,80,80,80,80,80,80,80,80,80,80,80,80,80,80,80,80,80,80,80,80,80,80,80,80,80,80,80,80,80,80,80,80,87,87,87,87,87,87,87,87,87,87,87,87],"card_choices":[{"not_picked":["Twin Strike","Headbutt"],"picked":"Shrug It Off","floor":1},{"not_picked":["Pummel","Searing Blow"],"picked":"Iron Wave","floor":5},{"not_picked":["Battle Trance","Sever Soul"],"picked":"Intimidate","floor":7},{"not_picked":["Warcry","Flex"],"picked":"Armaments","floor":13},{"not_picked":["Feed","Dark Embrace"],"picked":"Juggernaut","floor":16},{"not_picked":["Twin Strike","Sword Boomerang"],"picked":"Inflame","floor":18},{"not_picked":["Shrug It Off","Pommel Strike"],"picked":"Heavy Blade","floor":21},{"not_picked":["Rupture","Armaments+1"],"picked":"Intimidate+1","floor":24},{"not_picked":["Uppercut+1","Bludgeon"],"picked":"Dropkick","floor":27},{"not_picked":["Wild Strike+1","True Grit+1"],"picked":"Sword Boomerang+1","floor":30},{"not_picked":["Carnage+1","Clash"],"picked":"Seeing Red","floor":31},{"not_picked":["Berserk","Feed"],"picked":"Barricade","floor":33},{"not_picked":["Clothesline","Sword Boomerang+1","Pummel+1"],"picked":"SKIP","floor":35},{"not_picked":["Blood for Blood+1","Cleave"],"picked":"Metallicize+1","floor":37},{"not_picked":["Dual Wield+1","Second Wind+1"],"picked":"Pommel Strike+1","floor":38},{"not_picked":["Wild Strike+1","Sword Boomerang"],"picked":"Warcry","floor":39},{"not_picked":["Feel No Pain+1","Brutality"],"picked":"Metallicize+1","floor":40},{"not_picked":["Perfected Strike+1","Sword Boomerang","Ghostly Armor"],"picked":"SKIP","floor":41},{"not_picked":["Twin Strike","Warcry","Thunderclap"],"picked":"SKIP","floor":44},{"not_picked":["Power Through+1","Pommel Strike","Uppercut+1"],"picked":"SKIP","floor":46}],"player_experience":422585,"relics_obtained":[{"floor":7,"key":"Bottled Flame"},{"floor":9,"key":"Mercury Hourglass"},{"floor":24,"key":"Orichalcum"},{"floor":26,"key":"Bag of Marbles"},{"floor":27,"key":"Oddly Smooth Stone"},{"floor":40,"key":"Charon\u0027s Ashes"}],"event_choices":[{"cards_removed":["Strike_R"],"damage_healed":0,"gold_gain":0,"player_choice":"Card Removal","damage_taken":7,"max_hp_gain":0,"max_hp_loss":0,"event_name":"Golden Wing","floor":2,"gold_loss":0},{"damage_healed":0,"gold_gain":0,"player_choice":"Left Gold","damage_taken":0,"max_hp_gain":0,"max_hp_loss":0,"event_name":"World of Goop","floor":3,"gold_loss":32},{"damage_healed":0,"gold_gain":0,"player_choice":"Take Wound","damage_taken":0,"relics_obtained":["Golden Idol"],"max_hp_gain":0,"max_hp_loss":0,"event_name":"Golden Idol","floor":4,"gold_loss":0,"cards_obtained":["Injury"]},{"damage_healed":26,"gold_gain":0,"player_choice":"Banana","damage_taken":0,"max_hp_gain":0,"max_hp_loss":0,"event_name":"Big Fish","floor":10,"gold_loss":0},{"cards_removed":["Injury"],"damage_healed":0,"gold_gain":0,"player_choice":"Card Removal","damage_taken":0,"max_hp_gain":0,"max_hp_loss":0,"event_name":"The Cleric","floor":11,"gold_loss":50},{"damage_healed":0,"gold_gain":0,"player_choice":"Simplicity","damage_taken":0,"max_hp_gain":0,"max_hp_loss":0,"event_name":"Back to Basics","floor":20,"gold_loss":0,"cards_upgraded":["Strike_R","Strike_R","Strike_R","Defend_R","Defend_R","Defend_R","Defend_R"]},{"damage_healed":0,"gold_gain":0,"player_choice":"Joined the Cult","damage_taken":6,"max_hp_gain":0,"max_hp_loss":0,"event_name":"Nest","floor":22,"gold_loss":0,"cards_obtained":["RitualDagger"]},{"damage_healed":0,"gold_gain":0,"player_choice":"Leave","damage_taken":0,"max_hp_gain":0,"max_hp_loss":0,"event_name":"FaceTrader","floor":29,"gold_loss":0}],"is_beta":false,"boss_relics":[{"not_picked":["Cursed Key","Eternal Feather"],"picked":"Mark of Pain"},{"not_picked":["White Beast Statue","Orrery"],"picked":"Sozu"}],"items_purged_floors":[19,45],"is_endless":false,"potions_floor_spawned":[5,7,13,16,21,27,31,35,40,46],"killed_by":"Giant Head","ascension_level":6}