{"gold_per_floor":[116,19,34,49,49,49,85,85,85,129,129,129,150,24,24,119,119,132,132,2,2,20,20,61,61],"floor_reached":25,"playtime":800,"items_purged":["Pain","Writhe"],"score":454,"play_id":"9c543d89-9a9f-4e9c-bcc8-fdffe764f7c8","local_time":"20190218150646","is_ascension_mode":true,"campfire_choices":[{"data":"Sucker Punch","floor":6.0,"key":"SMITH"},{"data":"Footwork","floor":8.0,"key":"SMITH"},{"data":"Neutralize","floor":11.0,"key":"SMITH"},{"data":"Dash","floor":15.0,"key":"SMITH"},{"data":"Catalyst","floor":23.0,"key":"SMITH"}],"neow_cost":"NONE","seed_source_timestamp":509693308600,"circlet_count":0,"master_deck":["AscendersBane","Defend_G","Defend_G","Defend_G","Defend_G","Defend_G","Strike_G","Strike_G","Strike_G","Strike_G","Strike_G","Survivor","Neutralize+1","Deadly Poison","Terror","Sucker Punch+1","Footwork+1","Dash+1","Dagger Spray","Poisoned Stab","Adrenaline","Endless Agony","Deflect","Catalyst+1","PiercingWail+1"],"special_seed":0,"relics":["Sozu","Pantograph","Golden Idol","Gremlin Horn","Snake Skull","Darkstone Periapt","WarpedTongs","WristBlade","Ancient Tea Set","Nunchaku"],"potions_floor_usage":[],"damage_taken":[{"damage":3.0,"enemies":"Cultist","floor":1.0,"turns":5.0},{"damage":0.0,"enemies":"Small Slimes","floor":3.0,"turns":4.0},{"damage":0.0,"enemies":"Jaw Worm","floor":4.0,"turns":3.0},{"damage":41.0,"enemies":"3 Sentries","floor":7.0,"turns":14.0},{"damage":7.0,"enemies":"Lagavulin","floor":10.0,"turns":7.0},{"damage":2.0,"enemies":"Exordium Thugs","floor":13.0,"turns":5.0},{"damage":19.0,"enemies":"Hexaghost","floor":16.0,"turns":8.0},{"damage":19.0,"enemies":"Spheric Guardian","floor":18.0,"turns":5.0},{"damage":2.0,"enemies":"Shell Parasite","floor":22.0,"turns":3.0},{"damage":45.0,"enemies":"Book of Stabbing","floor":24.0,"turns":6.0},{"damage":28,"enemies":"Shelled Parasite and Fungi","floor":25,"turns":4}],"seed_played":"-4207556765832038690","potions_obtained":[],"is_trial":false,"path_per_floor":["M","?","M","M","?","R","E","R","T","E","R","?","M","$","R","B",null,"M","?","$","?","M","R","E","M"],"character_chosen":"THE_SILENT","items_purchased":["Poisoned Stab","Deflect"],"campfire_rested":0,"item_purchase_floors":[14,20],"current_hp_per_floor":[56,56,56,56,56,56,15,15,15,8,8,14,12,12,12,18,54,35,41,41,72,70,70,25,0],"gold":61,"neow_bonus":"BOSS_RELIC","is_prod":false,"is_daily":false,"chose_seed":false,"campfire_upgraded":5,"win_rate":0,"timestamp":1550531206,"path_taken":["M","?","?","M","?","R","E","R","T","E","R","?","?","$","R","BOSS","M","?","$","?","?","R","E","M"],"build_version":"2019-02-06","purchased_purges":2,"victory":false,"max_hp_per_floor":[66,66,66,66,60,60,60,60,60,60,60,66,66,66,66,66,66,66,72,72,72,72,72,72,72],"card_choices":[{"not_picked":["Masterful Stab","Well Laid Plans"],"picked":"Deadly Poison","floor":1.0},{"not_picked":["Bane","Cloak And Dagger"],"picked":"Terror","floor":3.0},{"not_picked":["Setup","Terror"],"picked":"Sucker Punch","floor":4.0},{"not_picked":["Dodge and Roll","Dagger Throw"],"picked":"Footwork","floor":7.0},{"not_picked":["Storm of Steel","Noxious Fumes"],"picked":"Dash","floor":10.0},{"not_picked":["Skewer","Underhanded Strike"],"picked":"Dagger Spray","floor":13.0},{"not_picked":["Wraith Form v2","Glass Knife"],"picked":"Adrenaline","floor":16.0},{"not_picked":["Deflect","Setup"],"picked":"Endless Agony","floor":18.0},{"not_picked":["Dagger Throw","Backstab"],"picked":"Catalyst","floor":22.0},{"not_picked":["Bouncing Flask","Outmaneuver"],"picked":"PiercingWail+1","floor":24.0}],"player_experience":1164921,"relics_obtained":[{"floor":7.0,"key":"Gremlin Horn"},{"floor":9.0,"key":"Snake Skull"},{"floor":10.0,"key":"Darkstone Periapt"},{"floor":24.0,"key":"Nunchaku"}],"event_choices":[{"damage_healed":0.0,"max_hp_gain":0.0,"max_hp_loss":0.0,"gold_gain":0.0,"event_name":"WeMeetAgain","player_choice":"Paid Gold","floor":2.0,"gold_loss":97.0,"damage_taken":0.0,"relics_obtained":["Pantograph"]},{"damage_healed":0.0,"max_hp_gain":0.0,"max_hp_loss":6.0,"gold_gain":0.0,"event_name":"Golden Idol","player_choice":"Lose Max HP","floor":5.0,"gold_loss":0.0,"damage_taken":0.0,"relics_obtained":["Golden Idol"]},{"damage_healed":0.0,"max_hp_gain":0.0,"max_hp_loss":0.0,"gold_gain":0.0,"event_name":"Accursed Blacksmith","player_choice":"Rummage","floor":12.0,"gold_loss":0.0,"damage_taken":0.0,"relics_obtained":["WarpedTongs"],"cards_obtained":["Pain"]},{"damage_healed":0.0,"max_hp_gain":0.0,"max_hp_loss":0.0,"gold_gain":0.0,"event_name":"The Mausoleum","player_choice":"Opened","floor":19.0,"gold_loss":0.0,"damage_taken":0.0,"relics_obtained":["Ancient Tea Set"],"cards_obtained":["Writhe"]},{"damage_healed":31.0,"max_hp_gain":0.0,"max_hp_loss":0.0,"gold_gain":0.0,"event_name":"Wheel of Change","player_choice":"Full Heal","floor":21.0,"gold_loss":0.0,"damage_taken":0.0}],"is_beta":true,"boss_relics":[{"not_picked":["HoveringKite","Philosopher\u0027s Stone"],"picked":"WristBlade"}],"items_purged_floors":[14,20],"is_endless":false,"potions_floor_spawned":[1,10,13,22],"killed_by":"Shelled Parasite and Fungi","ascension_level":20}