{"gold_per_floor":[366,49,49,67,77,110,110,124,149,149,179,179,209,209,209,308,308,326,425,414,314,314,340,340,401,401,430,430,442,458,458,458,556,556,570,176,194,194,49,81,0,52,132,161,192,279,291,333,345,357],"floor_reached":51,"playtime":3770,"items_purged":["Decay","Strike_G","Strike_G+1"],"score":843,"play_id":"ff1e48ce-c166-424e-97b5-fc0a580bd30c","local_time":"20190711174950","is_ascension_mode":true,"campfire_choices":[{"data":"Neutralize","floor":7,"key":"SMITH"},{"data":"Blur","floor":10,"key":"SMITH"},{"data":"Blade Dance","floor":12,"key":"SMITH"},{"data":"Blur","floor":15,"key":"SMITH"},{"data":"A Thousand Cuts","floor":28,"key":"SMITH"},{"floor":32,"key":"REST"},{"data":"Footwork","floor":49,"key":"SMITH"}],"neow_cost":"CURSE","seed_source_timestamp":128134605748113,"circlet_count":0,"master_deck":["Strike_G+1","Strike_G+1","Strike_G+1","Defend_G+1","Defend_G+1","Defend_G+1","Defend_G+1","Survivor","Neutralize+1","Cloak And Dagger+1","Dramatic Entrance+1","Blur+1","Backflip","Blur+1","Blade Dance+1","A Thousand Cuts+1","Leg Sweep","Footwork+1","Deflect","Cloak And Dagger","Terror+1","Dagger Spray+1","Tools of the Trade+1","Backflip+1","Blade Dance","Choke+1","Predator+1","Infinite Blades+1"],"relics":["Ring of the Serpent","Vajra","Dream Catcher","PreservedInsect","Anchor","Juzu Bracelet","Matryoshka","Bag of Preparation","Tiny Chest","Pear","Art of War","Frozen Egg 2","HoveringKite","Shuriken","Whetstone","Darkstone Periapt","Red Mask","Gambling Chip","Gremlin Horn","MawBank","Bottled Lightning","Lantern"],"potions_floor_usage":[11,27,33],"damage_taken":[{"damage":3,"enemies":"Cultist","floor":1,"turns":3},{"damage":0,"enemies":"Small Slimes","floor":4,"turns":2},{"damage":0,"enemies":"2 Louse","floor":5,"turns":2},{"damage":25,"enemies":"Gremlin Nob","floor":6,"turns":5},{"damage":0,"enemies":"2 Fungi Beasts","floor":8,"turns":2},{"damage":1,"enemies":"3 Sentries","floor":11,"turns":4},{"damage":7,"enemies":"Lagavulin","floor":13,"turns":5},{"damage":6,"enemies":"The Guardian","floor":16,"turns":19},{"damage":0,"enemies":"Chosen","floor":18,"turns":6},{"damage":2,"enemies":"2 Thieves","floor":20,"turns":4},{"damage":15,"enemies":"Slavers","floor":23,"turns":7},{"damage":0,"enemies":"Gremlin Leader","floor":25,"turns":7},{"damage":2,"enemies":"Slavers","floor":27,"turns":4},{"damage":16,"enemies":"3 Cultists","floor":29,"turns":5},{"damage":5,"enemies":"Sentry and Sphere","floor":30,"turns":6},{"damage":41,"enemies":"Automaton","floor":33,"turns":14},{"damage":0,"enemies":"3 Shapes","floor":35,"turns":4},{"damage":1,"enemies":"Orb Walker","floor":37,"turns":3},{"damage":5,"enemies":"Giant Head","floor":40,"turns":6},{"damage":6,"enemies":"2 Orb Walkers","floor":42,"turns":4},{"damage":10,"enemies":"4 Shapes","floor":44,"turns":4},{"damage":0,"enemies":"Spire Growth","floor":45,"turns":4},{"damage":0,"enemies":"Reptomancer","floor":48,"turns":2},{"damage":34,"enemies":"Time Eater","floor":50,"turns":14}],"seed_played":"9090594513234303702","potions_obtained":[{"floor":4,"key":"Strength Potion"},{"floor":5,"key":"SpeedPotion"},{"floor":8,"key":"Ancient Potion"},{"floor":18,"key":"Block Potion"},{"floor":29,"key":"SpeedPotion"},{"floor":30,"key":"Strength Potion"},{"floor":33,"key":"AttackPotion"},{"floor":37,"key":"Block Potion"}],"is_trial":false,"path_per_floor":["M","$","?","M","M","E","R","M","T","R","E","R","E","T","R","B",null,"M","?","M","$","?","E","?","E","T","E","R","M","M","?","R","B",null,"M","$","M","?","$","E","?","?","T","M","M","T","?","E","R","B",null],"character_chosen":"THE_SILENT","items_purchased":["Vajra","Dramatic Entrance","Blade Dance","Shuriken","Whetstone"],"campfire_rested":1,"item_purchase_floors":[2,2,36,36,39],"current_hp_per_floor":[67,67,67,67,67,42,42,42,42,42,41,41,34,34,34,28,70,70,70,68,68,68,53,40,40,50,48,48,32,27,27,52,11,85,85,85,84,81,81,76,76,70,70,60,60,60,60,60,60,26],"gold":369,"neow_bonus":"TWO_FIFTY_GOLD","is_prod":false,"is_daily":false,"chose_seed":false,"campfire_upgraded":6,"win_rate":0,"timestamp":1562885390,"path_taken":["M","$","?","M","M","E","R","?","T","R","E","R","E","?","R","BOSS","M","?","M","$","?","E","?","E","T","E","R","M","M","?","R","BOSS","M","$","M","?","$","E","?","?","T","M","M","?","?","E","R","BOSS"],"build_version":"2019-07-05","purchased_purges":3,"victory":true,"max_hp_per_floor":[70,70,70,70,70,70,70,70,70,70,70,70,70,70,70,70,70,70,70,70,70,70,70,75,75,85,85,85,85,85,85,85,85,85,85,85,85,81,81,81,81,81,81,81,81,81,81,81,81,81],"card_choices":[{"not_picked":["Expertise","PiercingWail"],"picked":"Cloak And Dagger","floor":1},{"not_picked":["Outmaneuver","Deadly Poison"],"picked":"Blur","floor":4},{"not_picked":["Deadly Poison","Underhanded Strike"],"picked":"Backflip","floor":5},{"not_picked":["Dagger Throw","Eviscerate","Backflip"],"picked":"SKIP","floor":6},{"not_picked":["Deadly Poison","Tactician"],"picked":"Blur","floor":8},{"not_picked":["Reflex","Concentrate"],"picked":"Blade Dance","floor":11},{"not_picked":["Prepared","Poisoned Stab","Escape Plan"],"picked":"SKIP","floor":13},{"not_picked":["Doppelganger","Grand Finale"],"picked":"A Thousand Cuts","floor":16},{"not_picked":["Flying Knee","Catalyst+1"],"picked":"Leg Sweep","floor":18},{"not_picked":["Deadly Poison","Reflex+1","Outmaneuver"],"picked":"SKIP","floor":20},{"not_picked":["PiercingWail","Underhanded Strike"],"picked":"Deflect","floor":23},{"not_picked":["Flying Knee","Choke","Caltrops+1"],"picked":"SKIP","floor":25},{"not_picked":["Prepared+1","Malaise","Outmaneuver"],"picked":"SKIP","floor":27},{"not_picked":["Caltrops+1","Outmaneuver"],"picked":"Cloak And Dagger","floor":29},{"not_picked":["Endless Agony","Setup"],"picked":"Terror+1","floor":30},{"not_picked":["Backflip","Caltrops+1"],"picked":"Dagger Spray","floor":32},{"not_picked":["Venomology","Wraith Form v2+1"],"picked":"Tools of the Trade+1","floor":33},{"not_picked":["Flying Knee","Well Laid Plans+1"],"picked":"Backflip+1","floor":35},{"not_picked":["Expertise","Slice+1","Concentrate"],"picked":"SKIP","floor":37},{"not_picked":["Tactician","Deadly Poison","Grand Finale"],"picked":"SKIP","floor":40},{"not_picked":["Slice+1","Reflex"],"picked":"Choke+1","floor":42},{"not_picked":["Sucker Punch","Deflect","Deadly Poison+1"],"picked":"SKIP","floor":44},{"not_picked":["Catalyst","Acrobatics+1"],"picked":"Predator+1","floor":45},{"not_picked":["Dash+1","Malaise"],"picked":"Infinite Blades+1","floor":48}],"player_experience":845636,"relics_obtained":[{"floor":6,"key":"Dream Catcher"},{"floor":9,"key":"PreservedInsect"},{"floor":11,"key":"Anchor"},{"floor":13,"key":"Juzu Bracelet"},{"floor":14,"key":"Matryoshka"},{"floor":23,"key":"Bag of Preparation"},{"floor":25,"key":"Tiny Chest"},{"floor":26,"key":"Pear"},{"floor":26,"key":"Art of War"},{"floor":27,"key":"Frozen Egg 2"},{"floor":40,"key":"Darkstone Periapt"},{"floor":42,"key":"Gambling Chip"},{"floor":43,"key":"Gremlin Horn"},{"floor":43,"key":"MawBank"},{"floor":46,"key":"Bottled Lightning"},{"floor":48,"key":"Lantern"}],"event_choices":[{"damage_healed":0,"gold_gain":0,"player_choice":"Forge","damage_taken":0,"max_hp_gain":0,"max_hp_loss":0,"event_name":"Accursed Blacksmith","floor":3,"gold_loss":0,"cards_upgraded":["Cloak And Dagger"]},{"damage_healed":0,"gold_gain":99,"player_choice":"Stole From Cult","damage_taken":0,"max_hp_gain":0,"max_hp_loss":0,"event_name":"Nest","floor":19,"gold_loss":0},{"damage_healed":0,"gold_gain":0,"player_choice":"Read","damage_taken":0,"max_hp_gain":0,"max_hp_loss":0,"event_name":"The Library","floor":22,"gold_loss":0,"cards_obtained":["Footwork"]},{"damage_healed":0,"gold_gain":0,"player_choice":"Shed Blood","damage_taken":18,"max_hp_gain":5,"max_hp_loss":0,"event_name":"Forgotten Altar","floor":24,"gold_loss":0},{"damage_healed":0,"gold_gain":0,"player_choice":"Simplicity","damage_taken":0,"max_hp_gain":0,"max_hp_loss":0,"event_name":"Back to Basics","floor":31,"gold_loss":0,"cards_upgraded":["Strike_G","Strike_G","Strike_G","Strike_G","Defend_G","Defend_G","Defend_G","Defend_G","Defend_G"]},{"damage_healed":0,"gold_gain":0,"player_choice":"Max HP","damage_taken":0,"max_hp_gain":0,"max_hp_loss":4,"event_name":"Winding Halls","floor":38,"gold_loss":0},{"damage_healed":0,"gold_gain":0,"player_choice":"Paid","damage_taken":0,"relics_obtained":["Red Mask"],"max_hp_gain":0,"max_hp_loss":0,"event_name":"Tomb of Lord Red Mask","floor":41,"gold_loss":81},{"damage_healed":0,"gold_gain":0,"player_choice":"Fight","damage_taken":0,"max_hp_gain":0,"max_hp_loss":0,"event_name":"Mysterious Sphere","floor":42,"gold_loss":0},{"cards_removed":["Defend_G"],"damage_healed":0,"gold_gain":0,"player_choice":"Removed Skill","damage_taken":0,"max_hp_gain":0,"max_hp_loss":0,"event_name":"Falling","floor":47,"gold_loss":0}],"is_beta":false,"boss_relics":[{"not_picked":["Tiny House","Empty Cage"],"picked":"Ring of the Serpent"},{"not_picked":["Black Star","Astrolabe"],"picked":"HoveringKite"}],"items_purged_floors":[2,21,36],"is_endless":false,"potions_floor_spawned":[4,5,8,18,23,29,30,33,35,37,48],"ascension_level":1}