{"gold_per_floor":[115,130,130,149,299,299,360,126,149,170,76,127,127,142,142,235,298,317,13,13,38,53,87,87,107,107,107,127,166,191,206,206,296,296,319,319,339,365,105,149,173,191,218,231,356,397,415,431,431,431],"floor_reached":51,"playtime":3964,"items_purged":["Injury","Doubt","Strike_B"],"score":1351,"play_id":"b41dbdb0-339e-468a-86b7-f9680b2b5749","local_time":"20190828004127","is_ascension_mode":true,"campfire_choices":[{"data":"Barrage","floor":6.0,"key":"SMITH"},{"data":"Defragment","floor":15.0,"key":"SMITH"},{"floor":24,"key":"REST"},{"data":"Zap","floor":27,"key":"SMITH"},{"data":"Recycle","floor":32,"key":"SMITH"},{"data":"Apotheosis","floor":49,"key":"SMITH"}],"neow_cost":"NONE","seed_source_timestamp":308145933352730,"circlet_count":0,"master_deck":["AscendersBane","Strike_B","Strike_B","Strike_B","Defend_B","Defend_B","Defend_B","Defend_B","Zap+1","Dualcast","Seek+1","Compile Driver","Glacier","Barrage+1","Melter","Capacitor","Core Surge","Ball Lightning","Defragment+1","Hologram","Electrodynamics","Leap","Conserve Battery","Loop","Defragment+1","Defragment","Coolheaded","Conserve Battery","Recycle+1","Core Surge","Buffer","Mayhem","Bandage Up","Dark Shackles","Glacier+1","Apotheosis+1","Consume"],"special_seed":0,"relics":["Cracked Core","Golden Idol","Tiny Chest","Smiling Mask","Ancient Tea Set","Cables","Tiny House","Bag of Preparation","Bottled Tornado","Strawberry","Bird Faced Urn","Coffee Dripper","Molten Egg 2","DataDisk","Calipers","Vajra"],"potions_floor_usage":[23,23,25,33,37,40,45,50,50],"damage_taken":[{"damage":1.0,"enemies":"Cultist","floor":1.0,"turns":3.0},{"damage":1.0,"enemies":"2 Louse","floor":2.0,"turns":3.0},{"damage":1.0,"enemies":"Jaw Worm","floor":4.0,"turns":5.0},{"damage":15.0,"enemies":"3 Sentries","floor":7.0,"turns":9.0},{"damage":0.0,"enemies":"Looter","floor":10.0,"turns":2.0},{"damage":0.0,"enemies":"Exordium Thugs","floor":14.0,"turns":3.0},{"damage":17.0,"enemies":"Hexaghost","floor":16.0,"turns":7.0},{"damage":0,"enemies":"Chosen","floor":18,"turns":4},{"damage":14,"enemies":"2 Thieves","floor":21,"turns":4},{"damage":13,"enemies":"Snecko","floor":22,"turns":3},{"damage":13,"enemies":"Slavers","floor":23,"turns":4},{"damage":5,"enemies":"Snake Plant","floor":25,"turns":4},{"damage":0,"enemies":"Centurion and Healer","floor":28,"turns":7},{"damage":18,"enemies":"Gremlin Leader","floor":29,"turns":6},{"damage":0,"enemies":"3 Cultists","floor":30,"turns":2},{"damage":4,"enemies":"Chosen and Byrds","floor":31,"turns":5},{"damage":2,"enemies":"Automaton","floor":33,"turns":11},{"damage":3,"enemies":"Orb Walker","floor":35,"turns":4},{"damage":12,"enemies":"3 Darklings","floor":37,"turns":3},{"damage":33,"enemies":"Reptomancer","floor":40,"turns":7},{"damage":23,"enemies":"Maw","floor":41,"turns":7},{"damage":0,"enemies":"Spire Growth","floor":42,"turns":6},{"damage":17,"enemies":"Transient","floor":44,"turns":6},{"damage":0,"enemies":"Mind Bloom Boss Battle","floor":45,"turns":4},{"damage":37,"enemies":"Giant Head","floor":46,"turns":10},{"damage":24,"enemies":"Jaw Worm Horde","floor":47,"turns":5},{"damage":0,"enemies":"4 Shapes","floor":48,"turns":3},{"damage":24,"enemies":"Donu and Deca","floor":50,"turns":6}],"seed_played":"996324500879819110","potions_obtained":[{"floor":2.0,"key":"Dexterity Potion"},{"floor":4.0,"key":"SteroidPotion"},{"floor":16.0,"key":"EssenceOfSteel"},{"floor":17.0,"key":"FairyPotion"},{"floor":22,"key":"SkillPotion"},{"floor":23,"key":"Block Potion"},{"floor":30,"key":"AttackPotion"},{"floor":33,"key":"Block Potion"},{"floor":37,"key":"PowerPotion"},{"floor":40,"key":"Energy Potion"},{"floor":44,"key":"Regen Potion"},{"floor":48,"key":"Fire Potion"}],"is_trial":false,"path_per_floor":["M","M","?","M","?","R","E","$","T","M","$","T","T","M","R","B",null,"M","$","?","M","M","E","R","M","T","R","M","E","M","M","R","B",null,"M","?","M","T","$","E","M","M","T","M","?","E","M","M","R","B",null],"character_chosen":"DEFECT","items_purchased":["Capacitor","Core Surge","Defragment","Bag of Preparation","Loop","Apotheosis"],"campfire_rested":1,"item_purchase_floors":[8,8,11,19,19,39],"current_hp_per_floor":[63,62,62,61,61,61,46,46,46,46,46,46,46,46,46,29,66,66,66,66,52,39,26,48,43,50,50,50,32,40,46,46,56,76,81,71,65,65,65,46,41,59,59,58,83,52,42,54,54,52],"gold":431,"neow_bonus":"ONE_RANDOM_RARE_CARD","is_prod":false,"is_daily":false,"chose_seed":false,"campfire_upgraded":5,"win_rate":0,"timestamp":1566978087,"path_taken":["M","M","?","M","?","R","E","$","T","M","$","?","?","M","R","BOSS","M","$","?","M","?","E","R","M","T","R","M","E","M","?","R","BOSS","M","?","M","?","$","E","M","M","T","M","?","E","M","M","R","BOSS"],"build_version":"2019-07-17","purchased_purges":3,"victory":true,"max_hp_per_floor":[71,71,71,71,71,71,71,71,71,71,71,71,71,71,71,71,76,76,76,76,76,76,76,76,76,83,83,83,83,83,83,83,83,83,83,83,83,83,83,83,83,83,83,83,83,83,83,83,83,83],"card_choices":[{"not_picked":["Rebound","Aggregate"],"picked":"Compile Driver","floor":1.0},{"not_picked":["Capacitor","Steam"],"picked":"Glacier","floor":2.0},{"not_picked":["Conserve Battery","Static Discharge"],"picked":"Barrage","floor":4.0},{"not_picked":["BootSequence","Steam"],"picked":"Melter","floor":7.0},{"not_picked":["Sunder","BootSequence"],"picked":"Ball Lightning","floor":10.0},{"not_picked":["Steam Power","Redo"],"picked":"Hologram","floor":14.0},{"not_picked":["Amplify","Buffer"],"picked":"Electrodynamics","floor":16.0},{"not_picked":["Auto Shields","Redo"],"picked":"Leap","floor":17.0},{"not_picked":["Turbo","Stack"],"picked":"Conserve Battery","floor":18},{"not_picked":["White Noise+1","Ball Lightning"],"picked":"Defragment","floor":21},{"not_picked":["Ball Lightning","Aggregate"],"picked":"Coolheaded","floor":22},{"not_picked":["Cold Snap","Creative AI"],"picked":"Conserve Battery","floor":23},{"not_picked":["Compile Driver+1","Steam","Sweeping Beam"],"picked":"SKIP","floor":25},{"not_picked":["Compile Driver+1","Reprogram","Aggregate+1"],"picked":"SKIP","floor":28},{"not_picked":["Skim","Darkness+1"],"picked":"Recycle","floor":29},{"not_picked":["Static Discharge","Sweeping Beam","Beam Cell"],"picked":"SKIP","floor":30},{"not_picked":["Beam Cell","Turbo"],"picked":"Core Surge","floor":31},{"not_picked":["Multi-Cast","Meteor Strike"],"picked":"Buffer","floor":33},{"not_picked":["Cold Snap","Compile Driver","Coolheaded"],"picked":"SKIP","floor":35},{"not_picked":["Flash of Steel","Swift Strike"],"picked":"Mayhem","floor":36},{"not_picked":["Sadistic Nature","Swift Strike"],"picked":"Bandage Up","floor":36},{"not_picked":["Bandage Up","PanicButton"],"picked":"Dark Shackles","floor":36},{"not_picked":["Turbo+1","Go for the Eyes"],"picked":"Glacier+1","floor":37},{"not_picked":["Steam","Gash+1"],"picked":"Consume","floor":40},{"not_picked":["Hologram","Consume+1","Cold Snap+1"],"picked":"SKIP","floor":41},{"not_picked":["Doom and Gloom+1","Go for the Eyes+1","Barrage+1"],"picked":"SKIP","floor":42},{"not_picked":["Hologram","Darkness","Go for the Eyes+1"],"picked":"SKIP","floor":44},{"not_picked":["Loop","Coolheaded+1","Heatsinks"],"picked":"SKIP","floor":46},{"not_picked":["Loop","Streamline+1","Meteor Strike+1"],"picked":"SKIP","floor":47},{"not_picked":["Leap","Rebound+1","Beam Cell+1"],"picked":"SKIP","floor":48}],"player_experience":743630,"relics_obtained":[{"floor":7.0,"key":"Tiny Chest"},{"floor":9.0,"key":"Smiling Mask"},{"floor":12.0,"key":"Ancient Tea Set"},{"floor":13.0,"key":"Cables"},{"floor":23,"key":"Bottled Tornado"},{"floor":26,"key":"Strawberry"},{"floor":29,"key":"Bird Faced Urn"},{"floor":40,"key":"Molten Egg 2"},{"floor":43,"key":"DataDisk"},{"floor":45,"key":"Calipers"},{"floor":46,"key":"Vajra"}],"event_choices":[{"damage_healed":0.0,"max_hp_gain":0.0,"max_hp_loss":0.0,"gold_gain":0.0,"event_name":"Golden Idol","player_choice":"Take Wound","floor":3.0,"gold_loss":0.0,"damage_taken":0.0,"relics_obtained":["Golden Idol"],"cards_obtained":["Injury"]},{"damage_healed":0.0,"max_hp_gain":0.0,"max_hp_loss":0.0,"gold_gain":150.0,"event_name":"Liars Game","player_choice":"AGREE","floor":5.0,"gold_loss":0.0,"damage_taken":0.0,"cards_obtained":["Doubt"]},{"damage_healed":0,"gold_gain":0,"player_choice":"Copied","damage_taken":0,"max_hp_gain":0,"max_hp_loss":0,"event_name":"Duplicator","floor":20,"gold_loss":0,"cards_obtained":["Defragment"]},{"damage_healed":0,"gold_gain":0,"player_choice":"Memory 3","damage_taken":10,"max_hp_gain":0,"max_hp_loss":0,"event_name":"SensoryStone","floor":36,"gold_loss":0},{"damage_healed":0,"gold_gain":0,"player_choice":"Fight","damage_taken":0,"max_hp_gain":0,"max_hp_loss":0,"event_name":"MindBloom","floor":45,"gold_loss":0}],"is_beta":false,"boss_relics":[{"not_picked":["Snecko Eye","Lizard Tail"],"picked":"Tiny House"},{"not_picked":["Orrery","Cursed Key"],"picked":"Coffee Dripper"}],"items_purged_floors":[11,19,39],"is_endless":false,"potions_floor_spawned":[2,4,16,22,23,30,33,37,40,44,48],"ascension_level":17}