{"gold_per_floor":[118,118,42,53,53,53,80,80,107,137,151,214,89,89,89,218,218,236,159,159,179,278,321,321,337,364,364,408,446,242,255,255,384,384],"floor_reached":34,"playtime":992,"items_purged":["Pain"],"score":629,"play_id":"ff4c98e8-d813-4d53-b4b1-4f5a5d8c6493","local_time":"20180717003407","is_ascension_mode":true,"campfire_choices":[{"data":"Rage","floor":6.0,"key":"SMITH"},{"data":"Perfected Strike","floor":8.0,"key":"SMITH"},{"data":"Armaments","floor":15.0,"key":"SMITH"},{"data":"Uppercut","floor":24.0,"key":"SMITH"},{"data":"Immolate","floor":27.0,"key":"SMITH"},{"data":"Immolate","floor":32.0,"key":"SMITH"}],"neow_cost":"NONE","seed_source_timestamp":0,"circlet_count":0,"master_deck":["Strike_R","Strike_R","Strike_R","Strike_R","Strike_R","Defend_R","Defend_R","Defend_R","Bash","AscendersBane","Thunderclap","Uppercut+1","Rage+1","Perfected Strike+1","Shrug It Off","Perfected Strike","Flex","Metallicize","Armaments+1","Immolate+1","Immolate+1","Spot Weakness","Perfected Strike","Shrug It Off","Metallicize+1","True Grit","Inflame","Offering","Regret"],"special_seed":0,"relics":["Burning Blood","NeowsBlessing","Mercury Hourglass","Anchor","Juzu Bracelet","Turnip","Pantograph","Golden Idol","Cursed Key","Vajra","Art of War","Boot","Red Mask","Omamori","Calling Bell","Bag of Preparation","Letter Opener","Du-Vu Doll"],"potions_floor_usage":[],"damage_taken":[{"damage":0.0,"enemies":"2 Louse","floor":1.0,"turns":1.0},{"damage":0.0,"enemies":"Jaw Worm","floor":4.0,"turns":1.0},{"damage":0.0,"enemies":"Gremlin Nob","floor":7.0,"turns":1.0},{"damage":15.0,"enemies":"Lagavulin","floor":10.0,"turns":6.0},{"damage":0.0,"enemies":"Small Slimes","floor":11.0,"turns":2.0},{"damage":26.0,"enemies":"Gremlin Nob","floor":12.0,"turns":4.0},{"damage":41.0,"enemies":"Hexaghost","floor":16.0,"turns":13.0},{"damage":1.0,"enemies":"2 Thieves","floor":18.0,"turns":3.0},{"damage":1.0,"enemies":"Shell Parasite","floor":21.0,"turns":3.0},{"damage":3.0,"enemies":"Gremlin Leader","floor":23.0,"turns":5.0},{"damage":4.0,"enemies":"Centurion and Healer","floor":25.0,"turns":4.0},{"damage":6.0,"floor":28.0,"turns":3.0},{"damage":19.0,"enemies":"Slavers","floor":29.0,"turns":3.0},{"damage":5.0,"enemies":"Snake Plant","floor":31.0,"turns":3.0},{"damage":53.0,"enemies":"Collector","floor":33.0,"turns":10.0}],"seed_played":"-7959540264429413004","potions_obtained":[{"floor":4.0,"key":"PowerPotion"},{"floor":7.0,"key":"Explosive Potion"},{"floor":12.0,"key":"GamblersBrew"},{"floor":18.0,"key":"AttackPotion"},{"floor":25.0,"key":"FearPotion"},{"floor":31.0,"key":"BloodPotion"}],"is_trial":false,"path_per_floor":["M","?","$","M","?","R","E","R","T","E","M","?","$","?","R","B",null,"M","?","?","M","?","E","R","M","T","R","?","E","$","M","R","B"],"character_chosen":"IRONCLAD","items_purchased":["Uppercut","Metallicize","Armaments","True Grit","Inflame"],"campfire_rested":0,"item_purchase_floors":[3,13,13,30,30],"current_hp_per_floor":[78,71,71,77,65,65,71,71,71,62,68,48,48,28,28,18,65,70,70,70,75,75,78,78,80,80,80,80,67,67,68,68,33,68],"gold":384,"neow_bonus":"THREE_ENEMY_KILL","is_prod":false,"is_daily":false,"chose_seed":false,"campfire_upgraded":6,"win_rate":0,"timestamp":1531812847,"path_taken":["M","?","$","M","?","R","E","R","T","E","M","?","$","?","R","BOSS","M","?","?","M","?","E","R","M","T","R","?","E","$","M","R","BOSS"],"build_version":"2018-07-16","purchased_purges":1,"victory":false,"max_hp_per_floor":[80,80,80,80,80,80,80,80,80,80,80,80,80,80,80,80,80,80,80,80,80,80,80,80,80,80,80,80,80,80,80,80,80,80],"card_choices":[{"not_picked":["Armaments","Searing Blow"],"picked":"Thunderclap","floor":1.0},{"not_picked":["Clash","Warcry"],"picked":"Rage","floor":4.0},{"not_picked":["Uppercut","Havoc"],"picked":"Perfected Strike","floor":7.0},{"not_picked":["Berserk","Pummel"],"picked":"Shrug It Off","floor":10.0},{"not_picked":["Anger","Twin Strike"],"picked":"Perfected Strike","floor":11.0},{"not_picked":["Heavy Blade","Combust"],"picked":"Flex","floor":12.0},{"not_picked":["Impervious","Offering"],"picked":"Immolate","floor":16.0},{"not_picked":["Second Wind","Reckless Charge"],"picked":"Immolate","floor":21.0},{"not_picked":["Sword Boomerang","Clash+1"],"picked":"Spot Weakness","floor":23.0},{"not_picked":["Sword Boomerang","Warcry"],"picked":"Perfected Strike","floor":25.0},{"not_picked":["Blood for Blood","Thunderclap+1"],"picked":"Shrug It Off","floor":28.0},{"not_picked":["Shockwave","Cleave"],"picked":"Metallicize+1","floor":29.0},{"not_picked":["Fiend Fire","Berserk"],"picked":"Offering","floor":33.0}],"player_experience":679760,"relics_obtained":[{"floor":7.0,"key":"Anchor"},{"floor":9.0,"key":"Juzu Bracelet"},{"floor":10.0,"key":"Turnip"},{"floor":23.0,"key":"Art of War"},{"floor":26.0,"key":"Boot"},{"floor":28.0,"key":"Red Mask"},{"floor":29.0,"key":"Omamori"},{"floor":34,"key":"Bag of Preparation"},{"floor":34,"key":"Letter Opener"},{"floor":34,"key":"Du-Vu Doll"}],"event_choices":[{"event_name":"Golden Wing","player_choice":"Card Removal","floor":2.0,"damage_taken":0.0},{"event_name":"Scrap Ooze","player_choice":"success","floor":5.0,"damage_taken":12.0},{"event_name":"Dead Adventurer","player_choice":"Searched \u00272\u0027 times","floor":12.0,"damage_taken":0.0},{"event_name":"Golden Idol","player_choice":"Take Damage","floor":14.0,"damage_taken":0.0},{"event_name":"Drug Dealer","player_choice":"Got JAXXED","floor":19.0,"damage_taken":0.0},{"event_name":"Addict","player_choice":"Gave JAX","floor":20.0,"damage_taken":0.0},{"event_name":"Nest","player_choice":"Stole From Cult","floor":22.0,"damage_taken":0.0},{"event_name":"Masked Bandits","player_choice":"Fought over 364 gold","floor":28.0,"damage_taken":0.0}],"boss_relics":[{"not_picked":["Runic Cube","White Beast Statue"],"picked":"Cursed Key"},{"not_picked":["Runic Dome","Lizard Tail"],"picked":"Calling Bell"}],"items_purged_floors":[30],"is_endless":false,"potions_floor_spawned":[4,7,12,18,25,31],"ascension_level":10}