{"gold_per_floor":[112,287,304,229,242,267,267,267,267,280,280,298,298,312,312,409,409,429,181,198,198,212,245,170,170,170,91,107,126,126,137,137,137],"floor_reached":33,"playtime":4939,"items_purged":["Doubt"],"score":269,"play_id":"b8703875-9bb1-457d-96c8-c518edfac6ca","local_time":"20190825140020","is_ascension_mode":false,"campfire_choices":[{"data":"Zap","floor":8,"key":"SMITH"},{"floor":11,"key":"REST"},{"data":"Doom and Gloom","floor":13,"key":"SMITH"},{"data":"Melter","floor":15,"key":"SMITH"},{"floor":25,"key":"REST"},{"floor":30,"key":"REST"},{"data":"Consume","floor":32,"key":"SMITH"}],"neow_cost":"NONE","seed_source_timestamp":96041195308884,"circlet_count":0,"master_deck":["Defend_B","Defend_B","Defend_B","Defend_B","Zap+1","Dualcast+1","Ball Lightning+1","Ball Lightning","Doom and Gloom+1","Melter+1","Barrage+1","Cold Snap+1","Sweeping Beam+1","Sunder+1","Core Surge+1","Barrage+1","Scrape+1","Doom and Gloom+1","Cold Snap+1","Coolheaded","Sweeping Beam+1","Steam+1","Glacier","Amplify","Self Repair","Consume+1","Chill"],"relics":["Cracked Core","Molten Egg 2","Mummified Hand","Astrolabe","Membership Card","Letter Opener","Darkstone Periapt"],"potions_floor_usage":[6,31],"damage_taken":[{"damage":12,"enemies":"Small Slimes","floor":1,"turns":4},{"damage":6,"enemies":"Jaw Worm","floor":3,"turns":2},{"damage":0,"enemies":"2 Louse","floor":5,"turns":2},{"damage":17,"enemies":"3 Sentries","floor":6,"turns":3},{"damage":0,"enemies":"Looter","floor":10,"turns":2},{"damage":2,"enemies":"Exordium Thugs","floor":12,"turns":3},{"damage":0,"enemies":"3 Louse","floor":14,"turns":2},{"damage":9,"enemies":"Slime Boss","floor":16,"turns":7},{"damage":14,"enemies":"3 Byrds","floor":18,"turns":3},{"damage":0,"enemies":"Chosen","floor":20,"turns":4},{"damage":7,"enemies":"3 Cultists","floor":22,"turns":3},{"damage":17,"enemies":"Slavers","floor":23,"turns":4},{"damage":20,"enemies":"Centurion and Healer","floor":28,"turns":6},{"damage":11,"enemies":"Shelled Parasite and Fungi","floor":29,"turns":5},{"damage":10,"enemies":"Snake Plant","floor":31,"turns":3},{"damage":47,"enemies":"Automaton","floor":33,"turns":6}],"seed_played":"-2064722246770030827","potions_obtained":[{"floor":1,"key":"PowerPotion"},{"floor":5,"key":"Weak Potion"},{"floor":12,"key":"Ancient Potion"},{"floor":18,"key":"Strength Potion"}],"is_trial":false,"path_per_floor":["M","?","M","$","M","E","?","R","T","M","R","M","R","M","R","B",null,"M","$","M","?","M","E","?","R","T","$","M","M","R","M","R","B"],"character_chosen":"DEFECT","items_purchased":["Membership Card","Coolheaded","FocusPotion","Amplify"],"campfire_rested":3,"item_purchase_floors":[19,19,19,27],"current_hp_per_floor":[63,63,57,57,57,40,25,25,25,25,47,45,45,45,45,36,75,61,61,61,47,40,23,23,47,47,47,27,23,47,37,37,0],"gold":137,"neow_bonus":"THREE_CARDS","is_prod":false,"is_daily":false,"chose_seed":false,"campfire_upgraded":4,"win_rate":0,"timestamp":1566766820,"path_taken":["M","?","M","$","M","E","?","R","T","M","R","M","R","M","R","BOSS","M","$","M","?","M","E","?","R","T","$","M","M","R","M","R","BOSS"],"build_version":"2019-07-17","purchased_purges":1,"victory":false,"max_hp_per_floor":[75,75,75,75,75,75,75,75,75,75,75,75,75,75,75,75,75,75,75,75,80,80,80,80,80,80,80,80,80,80,80,80,80],"card_choices":[{"not_picked":["Hologram","Steam"],"picked":"Ball Lightning","floor":0},{"not_picked":["Force Field","Sweeping Beam"],"picked":"Ball Lightning","floor":1},{"not_picked":["Force Field","Reprogram"],"picked":"Doom and Gloom","floor":3},{"not_picked":["Tempest","Streamline"],"picked":"Melter","floor":5},{"not_picked":["Tempest","Force Field"],"picked":"Barrage","floor":6},{"not_picked":["Streamline+1","Gash+1"],"picked":"Cold Snap+1","floor":10},{"not_picked":["Turbo","Ball Lightning+1"],"picked":"Sweeping Beam+1","floor":12},{"not_picked":["Steam","Streamline+1"],"picked":"Sunder+1","floor":14},{"not_picked":["Biased Cognition","Electrodynamics"],"picked":"Core Surge+1","floor":16},{"not_picked":["Storm","Leap"],"picked":"Cold Snap+1","floor":18},{"not_picked":["Beam Cell+1","Static Discharge"],"picked":"Sweeping Beam+1","floor":20},{"not_picked":["Rip and Tear+1","Rebound+1"],"picked":"Steam+1","floor":22},{"not_picked":["Rebound+1","FTL+1"],"picked":"Glacier","floor":23},{"not_picked":["Go for the Eyes+1","Undo"],"picked":"Self Repair","floor":28},{"not_picked":["Rip and Tear+1","Machine Learning"],"picked":"Consume","floor":29},{"not_picked":["Self Repair","Skim"],"picked":"Chill","floor":31}],"player_experience":720528,"relics_obtained":[{"floor":6,"key":"Molten Egg 2"},{"floor":9,"key":"Mummified Hand"},{"floor":23,"key":"Letter Opener"},{"floor":26,"key":"Darkstone Periapt"}],"event_choices":[{"damage_healed":0,"gold_gain":175,"player_choice":"AGREE","damage_taken":0,"max_hp_gain":0,"max_hp_loss":0,"event_name":"Liars Game","floor":2,"gold_loss":0,"cards_obtained":["Doubt"]},{"damage_healed":0,"gold_gain":0,"player_choice":"Entered Light","damage_taken":15,"max_hp_gain":0,"max_hp_loss":0,"event_name":"Shining Light","floor":7,"gold_loss":0,"cards_upgraded":["Ball Lightning","Dualcast"]},{"damage_healed":0,"gold_gain":0,"player_choice":"Shed Blood","damage_taken":19,"max_hp_gain":5,"max_hp_loss":0,"event_name":"Forgotten Altar","floor":21,"gold_loss":0},{"cards_removed":["Strike_B"],"damage_healed":0,"gold_gain":0,"player_choice":"Gave Gold","damage_taken":0,"max_hp_gain":0,"max_hp_loss":0,"event_name":"Beggar","floor":24,"gold_loss":75}],"is_beta":false,"boss_relics":[{"not_picked":["Cursed Key","Busted Crown"],"picked":"Astrolabe"}],"items_purged_floors":[4],"is_endless":false,"potions_floor_spawned":[1,5,12,18,22,29],"killed_by":"Automaton","ascension_level":0}