{"gold_per_floor":[118,268,268,21,33,64,64,91,91,91],"floor_reached":10,"playtime":156,"items_purged":["Doubt"],"score":198,"play_id":"84806110-c3ce-4f82-8939-229dcfecd62e","local_time":"20190102001732","is_ascension_mode":true,"campfire_choices":[],"neow_cost":"NONE","seed_source_timestamp":1871543003083611,"circlet_count":0,"master_deck":["AscendersBane","Defend_G","Defend_G","Defend_G","Defend_G","Defend_G","Strike_G","Strike_G","Strike_G","Strike_G","Strike_G","Survivor","Neutralize","Dagger Spray","Footwork","Bouncing Flask","Footwork","Dagger Spray","Corpse Explosion"],"special_seed":0,"relics":["Ring of the Snake","NeowsBlessing","Dodecahedron","Bottled Flame","Dream Catcher","Ancient Tea Set"],"potions_floor_usage":[8,10],"damage_taken":[{"damage":0.0,"enemies":"2 Louse","floor":1.0,"turns":1.0},{"damage":0.0,"enemies":"Cultist","floor":5.0,"turns":1.0},{"damage":0.0,"enemies":"Gremlin Nob","floor":6.0,"turns":1.0},{"damage":24,"enemies":"Lagavulin","floor":8,"turns":7},{"damage":0,"enemies":"Gremlin Nob","floor":10,"turns":2}],"seed_played":"-7869174610835223433","potions_obtained":[{"floor":5.0,"key":"Swift Potion"},{"floor":8,"key":"Swift Potion"}],"is_trial":false,"path_per_floor":["M","?","?","$","M","E","?","E","T","E"],"character_chosen":"THE_SILENT","items_purchased":["Footwork","Bouncing Flask"],"campfire_rested":0,"item_purchase_floors":[4,4],"current_hp_per_floor":[59,59,59,59,59,59,48,24,24,24],"gold":91,"neow_bonus":"THREE_ENEMY_KILL","is_prod":false,"is_daily":false,"chose_seed":false,"campfire_upgraded":0,"win_rate":0,"timestamp":1546417052,"path_taken":["M","?","?","$","?","E","?","E","T","E"],"build_version":"2018-12-25","purchased_purges":1,"victory":false,"max_hp_per_floor":[66,66,66,66,66,66,66,66,66,66],"card_choices":[{"not_picked":["Escape Plan","Backflip"],"picked":"Dagger Spray","floor":1.0},{"not_picked":["Endless Agony","Predator"],"picked":"Footwork","floor":5.0},{"not_picked":["Tactician","Cloak And Dagger"],"picked":"Dagger Spray","floor":6},{"not_picked":["Dagger Spray","Underhanded Strike"],"picked":"Corpse Explosion","floor":8}],"player_experience":1011802,"relics_obtained":[{"floor":3.0,"key":"Dodecahedron"},{"floor":6,"key":"Bottled Flame"},{"floor":8,"key":"Ancient Tea Set"}],"event_choices":[{"damage_healed":0.0,"max_hp_gain":0.0,"max_hp_loss":0.0,"gold_gain":150.0,"event_name":"Liars Game","player_choice":"AGREE","floor":2.0,"gold_loss":0.0,"damage_taken":0.0,"cards_obtained":["Doubt"]},{"damage_healed":0.0,"max_hp_gain":0.0,"max_hp_loss":0.0,"gold_gain":0.0,"event_name":"Wheel of Change","player_choice":"Relic","floor":3.0,"gold_loss":0.0,"damage_taken":0.0},{"damage_healed":0,"gold_gain":0,"player_choice":"Success","damage_taken":11,"relics_obtained":["Dream Catcher"],"max_hp_gain":0,"max_hp_loss":0,"event_name":"Scrap Ooze","floor":7,"gold_loss":0}],"is_beta":true,"boss_relics":[],"items_purged_floors":[4],"is_endless":false,"potions_floor_spawned":[5,8],"killed_by":"Gremlin Nob","ascension_level":20}