{"gold_per_floor":[112,125,138,151,161,161,171,200,200,213,213,213,229,229,229,331,331,321,420,420,420,420,445,445,78,105,119,131,141,151,151,151,252,252,265,275,275,288,24,49,49,59,86,99,114,114,114,125,125,125],"floor_reached":51,"playtime":2891,"items_purged":["Guardian:Strike_Guardian","Guardian:Strike_Guardian"],"score":705,"play_id":"f6933c27-815c-4219-830c-fbd1f0984f9b","local_time":"20190725183607","is_ascension_mode":false,"campfire_choices":[{"data":"Guardian:Harden","floor":6,"key":"SMITH"},{"data":"Guardian:MultiBeam","floor":15,"key":"SMITH"},{"floor":24,"key":"REST"},{"data":"1","floor":32,"key":"LIFT"},{"data":"2","floor":41,"key":"LIFT"},{"data":"3","floor":46,"key":"LIFT"},{"floor":49,"key":"REST"}],"neow_cost":"NONE","seed_source_timestamp":93963810335237,"circlet_count":0,"master_deck":["Guardian:Strike_Guardian","Guardian:Defend_Guardian","Guardian:Defend_Guardian","Guardian:Defend_Guardian","Guardian:Defend_Guardian","Guardian:CurlUp","Guardian:TwinSlam","Guardian:MultiBeam+1","Guardian:PrimingBeam","Guardian:WalkerClaw","Guardian:Harden+1","Guardian:SpikerProtocol","Guardian:Reroute","Guardian:SphericShield","Guardian:StasisField","Guardian:Incinerate","Guardian:PiercingHide","J.A.X.","Guardian:GatlingBeam","Guardian:PrimingBeam+1","Guardian:DonusPower+1","Secret Technique","Guardian:ShieldSpikes+1","Madness","Madness"],"relics":["Guardian:ModeShifter","NeowsBlessing","StoneCalendar","Turnip","construct:ClawGrip","Singing Bowl","Calipers","Girya","Omamori","construct:WeddingRing","Shuriken","Ancient Tea Set"],"potions_floor_usage":[23,33,50],"damage_taken":[{"damage":0,"enemies":"2 Louse","floor":1,"turns":1},{"damage":0,"enemies":"Small Slimes","floor":2,"turns":1},{"damage":0,"enemies":"Jaw Worm","floor":3,"turns":1},{"damage":3,"enemies":"2 Fungi Beasts","floor":4,"turns":3},{"damage":0,"enemies":"Looter","floor":5,"turns":3},{"damage":9,"enemies":"Exordium Wildlife","floor":7,"turns":3},{"damage":23,"enemies":"Lagavulin","floor":8,"turns":8},{"damage":0,"enemies":"Exordium Thugs","floor":10,"turns":5},{"damage":0,"enemies":"2 Fungi Beasts","floor":13,"turns":3},{"damage":19,"enemies":"Slime Boss","floor":16,"turns":7},{"damage":10,"enemies":"2 Thieves","floor":18,"turns":4},{"damage":20,"enemies":"Book of Stabbing","floor":23,"turns":6},{"damage":0,"enemies":"3 Byrds","floor":27,"turns":4},{"damage":8,"enemies":"Snake Plant","floor":28,"turns":5},{"damage":1,"enemies":"Cultist and Chosen","floor":29,"turns":7},{"damage":1,"enemies":"Snecko","floor":30,"turns":5},{"damage":44,"enemies":"Automaton","floor":33,"turns":9},{"damage":0,"enemies":"3 Shapes","floor":35,"turns":6},{"damage":22,"enemies":"3 Darklings","floor":36,"turns":6},{"damage":0,"enemies":"Writhing Mass","floor":38,"turns":7},{"damage":10,"enemies":"Reptomancer","floor":40,"turns":8},{"damage":4,"enemies":"Spire Growth","floor":42,"turns":6},{"damage":2,"enemies":"3 Darklings","floor":44,"turns":6},{"damage":6,"enemies":"Jaw Worm Horde","floor":45,"turns":5},{"damage":1,"enemies":"Sphere and 2 Shapes","floor":48,"turns":6},{"damage":33,"enemies":"Awakened One","floor":50,"turns":12}],"seed_played":"2966731425359982415","potions_obtained":[{"floor":2,"key":"PowerPotion"},{"floor":3,"key":"EntropicBrew"},{"floor":8,"key":"FairyPotion"},{"floor":27,"key":"Strength Potion"},{"floor":37,"key":"PowerPotion"}],"is_trial":false,"path_per_floor":["M","M","M","M","M","R","M","E","T","M","?","?","M","?","R","B",null,"M","?","?","?","T","E","R","$","T","M","M","M","M","?","R","B",null,"M","M","?","M","$","E","R","M","T","M","M","R","?","M","R","B",null],"character_chosen":"GUARDIAN","items_purchased":["Girya","Secret Technique"],"campfire_rested":2,"item_purchase_floors":[25,39],"current_hp_per_floor":[80,80,80,77,77,77,68,45,45,45,38,38,38,64,64,45,80,70,70,55,55,55,35,60,60,60,62,56,55,54,54,54,10,89,89,69,69,69,69,61,61,59,59,59,53,53,41,42,71,38],"gold":125,"neow_bonus":"THREE_ENEMY_KILL","is_prod":false,"is_daily":false,"chose_seed":false,"campfire_upgraded":2,"win_rate":0.0,"timestamp":1564047367,"path_taken":["M","M","M","M","M","R","M","E","T","M","?","?","M","?","R","BOSS","M","?","?","?","?","E","R","?","T","M","M","?","M","?","R","BOSS","M","M","?","M","$","E","R","M","T","?","M","R","?","M","R","BOSS"],"build_version":"2019-07-17","purchased_purges":2,"victory":true,"max_hp_per_floor":[80,80,80,80,80,80,80,80,80,80,80,80,80,80,80,80,80,80,80,85,85,85,85,85,85,85,87,89,89,89,89,89,89,89,89,91,91,91,91,93,93,95,95,97,97,97,97,99,99,99],"card_choices":[{"not_picked":["Guardian:Gem_Green","Guardian:Harden"],"picked":"Guardian:MultiBeam","floor":1},{"not_picked":["Guardian:RollAttack","Guardian:TimeBomb"],"picked":"Guardian:PrimingBeam","floor":2},{"not_picked":["Guardian:Suspension","Guardian:PiercingHide"],"picked":"Guardian:WalkerClaw","floor":3},{"not_picked":["Guardian:Incinerate","Guardian:WalkerClaw"],"picked":"Guardian:Gem_Fragmented","floor":4},{"not_picked":["Guardian:PrimingBeam","Guardian:Gem_Cyan"],"picked":"Guardian:Harden","floor":5},{"not_picked":["Guardian:Gem_Green","Guardian:TemporalStrike"],"picked":"Guardian:Gem_Synthetic","floor":7},{"not_picked":["Guardian:Suspension","Guardian:TimeBomb"],"picked":"Guardian:SpikerProtocol","floor":8},{"not_picked":["Guardian:Gem_Red","Guardian:PiercingHide"],"picked":"Guardian:Reroute","floor":10},{"not_picked":["Guardian:SpikerProtocol","Guardian:TemporalStrike"],"picked":"Guardian:Gem_Orange","floor":13},{"not_picked":["Guardian:HyperBeam_Guardian","Guardian:FastForward"],"picked":"Guardian:SphericShield","floor":16},{"not_picked":["Guardian:Recover","Guardian:Gem_Red"],"picked":"Guardian:Gem_Cyan","floor":18},{"not_picked":["Guardian:Gem_White","Guardian:BronzeArmor"],"picked":"Guardian:StasisField","floor":23},{"not_picked":["Guardian:BronzeOrb","Guardian:Emergency","Guardian:Recover"],"picked":"Singing Bowl","floor":27},{"not_picked":["Guardian:Recover","Guardian:WalkerClaw","Guardian:Gem_Red"],"picked":"Singing Bowl","floor":28},{"not_picked":["Guardian:ArmoredProtocol","Guardian:TemporalStrike"],"picked":"Guardian:Incinerate","floor":29},{"not_picked":["Guardian:SentryBeam","Guardian:CrystalBeam+1"],"picked":"Guardian:PiercingHide","floor":30},{"not_picked":["Guardian:TimeSifter","Guardian:WeakpointTargeting"],"picked":"Guardian:GatlingBeam","floor":33},{"not_picked":["Guardian:FloatingOrbs","Guardian:Gem_Red"],"picked":"Guardian:PrimingBeam+1","floor":35},{"not_picked":["Guardian:SentryBeam+1","Guardian:Reroute+1","Guardian:Gem_White"],"picked":"Singing Bowl","floor":36},{"not_picked":["Guardian:Gem_Green","Guardian:Recover"],"picked":"Guardian:DonusPower+1","floor":38},{"not_picked":["Guardian:Recover","Guardian:TimeBomb+1","Guardian:PolyBeam"],"picked":"Singing Bowl","floor":40},{"not_picked":["Guardian:PrimingBeam+1","Guardian:PiercingHide+1","Guardian:FastForward"],"picked":"Singing Bowl","floor":42},{"not_picked":["Guardian:ArmoredProtocol","Guardian:TimeBomb","Guardian:Gem_Crimson"],"picked":"Singing Bowl","floor":44},{"not_picked":["Guardian:Gem_Fragmented","Guardian:Incinerate+1"],"picked":"Guardian:ShieldSpikes+1","floor":45},{"not_picked":["Guardian:Gem_Red","Guardian:Suspension","Guardian:ChargeCore"],"picked":"Singing Bowl","floor":48}],"player_experience":116224,"relics_obtained":[{"floor":8,"key":"StoneCalendar"},{"floor":9,"key":"Turnip"},{"floor":22,"key":"Singing Bowl"},{"floor":23,"key":"Calipers"},{"floor":26,"key":"Omamori"},{"floor":40,"key":"Shuriken"},{"floor":43,"key":"Ancient Tea Set"}],"event_choices":[{"cards_removed":["Guardian:Strike_Guardian"],"damage_healed":0,"gold_gain":0,"player_choice":"Card Removal","damage_taken":7,"max_hp_gain":0,"max_hp_loss":0,"event_name":"Golden Wing","floor":11,"gold_loss":0},{"damage_healed":0,"gold_gain":0,"player_choice":"Ignored","damage_taken":0,"max_hp_gain":0,"max_hp_loss":0,"event_name":"Golden Idol","floor":12,"gold_loss":0},{"damage_healed":26,"gold_gain":0,"player_choice":"Banana","damage_taken":0,"max_hp_gain":0,"max_hp_loss":0,"event_name":"Big Fish","floor":14,"gold_loss":0},{"damage_healed":0,"gold_gain":99,"player_choice":"Stole From Cult","damage_taken":0,"max_hp_gain":0,"max_hp_loss":0,"event_name":"Nest","floor":19,"gold_loss":0},{"damage_healed":0,"gold_gain":0,"player_choice":"Shed Blood","damage_taken":20,"max_hp_gain":5,"max_hp_loss":0,"event_name":"Forgotten Altar","floor":20,"gold_loss":0},{"damage_healed":0,"gold_gain":0,"player_choice":"Ignored","damage_taken":0,"max_hp_gain":0,"max_hp_loss":0,"event_name":"Vampires","floor":21,"gold_loss":0},{"damage_healed":0,"gold_gain":0,"player_choice":"Obtain J.A.X.","damage_taken":0,"max_hp_gain":0,"max_hp_loss":0,"event_name":"Drug Dealer","floor":31,"gold_loss":0,"cards_obtained":["J.A.X."]},{"damage_healed":0,"gold_gain":0,"player_choice":"Got Potions","damage_taken":0,"max_hp_gain":0,"max_hp_loss":0,"event_name":"Lab","floor":37,"gold_loss":0},{"damage_healed":0,"gold_gain":0,"player_choice":"Embrace Madness","damage_taken":12,"max_hp_gain":0,"max_hp_loss":0,"event_name":"Winding Halls","floor":47,"gold_loss":0,"cards_obtained":["Madness","Madness"]}],"is_beta":false,"boss_relics":[{"not_picked":["Fusion Hammer","Coffee Dripper"],"picked":"construct:ClawGrip"},{"not_picked":["Guardian:ModeShifterPlus","Eternal Feather"],"picked":"construct:WeddingRing"}],"items_purged_floors":[25,39],"is_endless":false,"potions_floor_spawned":[2,3,8,27,29,38,40,44],"ascension_level":0}