{"gold_per_floor":[109,109,109,128,203,203,238,238,238,273,306,318,30,65,65,159,159,180,210,54,54,4,4,4,17,17,55,4,24,63,86,86,86],"floor_reached":33,"playtime":727,"items_purged":["Strike_R"],"score":698,"play_id":"e0833c10-c10c-451b-908a-25929b09f7ea","local_time":"20190824000601","is_ascension_mode":true,"campfire_choices":[{"data":"Bash","floor":6,"key":"SMITH"},{"data":"Wild Strike","floor":8,"key":"SMITH"},{"data":"Armaments","floor":12,"key":"SMITH"},{"data":"Clothesline","floor":15,"key":"SMITH"},{"data":"Immolate","floor":23,"key":"SMITH"},{"data":"True Grit","floor":32,"key":"SMITH"}],"neow_cost":"NONE","seed_source_timestamp":3148502143769,"circlet_count":0,"master_deck":["AscendersBane","Strike_R","Strike_R+1","Strike_R","Strike_R","Defend_R","Defend_R","Defend_R","Defend_R+1","Bash+1","Anger+1","Wild Strike+1","Armaments+1","Clothesline+1","Metallicize","Cleave","Impervious","Bludgeon","Shame","Immolate+1","Headbutt+1","Heavy Blade","True Grit+1","Carnage","Shrug It Off","Inflame","Clothesline+1"],"relics":["Burning Blood","NeowsBlessing","Golden Idol","Sundial","Happy Flower","MawBank","Oddly Smooth Stone","Snecko Eye","Tiny Chest","Dodecahedron","Whetstone","Juzu Bracelet"],"potions_floor_usage":[10,16,16,27,29,30],"damage_taken":[{"damage":0,"enemies":"Small Slimes","floor":1,"turns":1},{"damage":0,"enemies":"2 Louse","floor":4,"turns":1},{"damage":0,"enemies":"Gremlin Nob","floor":7,"turns":1},{"damage":30,"enemies":"3 Sentries","floor":10,"turns":7},{"damage":2,"enemies":"Jaw Worm","floor":11,"turns":2},{"damage":8,"enemies":"Lagavulin","floor":14,"turns":5},{"damage":15,"enemies":"Slime Boss","floor":16,"turns":10},{"damage":18,"enemies":"3 Byrds","floor":18,"turns":5},{"damage":0,"enemies":"Shell Parasite","floor":25,"turns":2},{"damage":23,"enemies":"Slavers","floor":27,"turns":4},{"damage":13,"enemies":"Centurion and Healer","floor":29,"turns":3},{"damage":0,"enemies":"Gremlin Leader","floor":30,"turns":5},{"damage":13,"enemies":"Snecko","floor":31,"turns":4},{"damage":25,"enemies":"Collector","floor":33,"turns":6}],"seed_played":"12111833977287254","potions_obtained":[{"floor":7,"key":"Strength Potion"},{"floor":11,"key":"SkillPotion"},{"floor":18,"key":"Explosive Potion"},{"floor":27,"key":"BloodPotion"},{"floor":29,"key":"Regen Potion"},{"floor":31,"key":"Ancient Potion"}],"is_trial":false,"path_per_floor":["M","?","?","M","?","R","E","R","T","E","M","R","$","E","R","B",null,"M","?","$","?","$","R","?","M","T","E","$","M","E","M","R","B"],"character_chosen":"IRONCLAD","items_purchased":["Metallicize","Cleave","Fire Potion","Fire Potion","Immolate","Heavy Blade","Shrug It Off"],"campfire_rested":0,"item_purchase_floors":[13,13,13,13,20,22,28],"current_hp_per_floor":[74,51,51,57,46,46,52,52,52,28,32,32,32,30,30,21,56,44,44,44,44,44,44,44,50,50,33,33,43,63,56,56,31],"gold":86,"neow_bonus":"THREE_ENEMY_KILL","is_prod":false,"is_daily":false,"chose_seed":false,"campfire_upgraded":6,"win_rate":0,"timestamp":1566630361,"path_taken":["M","?","?","M","?","R","E","R","T","E","M","R","$","E","R","BOSS","M","?","$","?","$","R","?","M","T","E","?","M","E","M","R","BOSS"],"build_version":"2019-08-15","purchased_purges":1,"victory":false,"max_hp_per_floor":[75,75,68,68,68,68,68,68,68,68,68,68,68,68,68,68,68,68,68,68,68,68,68,68,68,68,68,68,68,68,68,68,68],"card_choices":[{"not_picked":["Pommel Strike","Rampage"],"picked":"Anger","floor":1},{"not_picked":["Cleave","Power Through"],"picked":"Wild Strike","floor":7},{"not_picked":["Demon Form","Iron Wave"],"picked":"Armaments","floor":10},{"not_picked":["Corruption","Iron Wave"],"picked":"Clothesline","floor":11},{"not_picked":["Reaper","Body Slam"],"picked":"Impervious","floor":14},{"not_picked":["Offering","Barricade"],"picked":"Bludgeon","floor":16},{"not_picked":["Thunderclap","Sword Boomerang+1"],"picked":"True Grit","floor":25},{"not_picked":["Offering","Clash"],"picked":"Carnage","floor":27},{"not_picked":["Reckless Charge","Flex"],"picked":"Inflame","floor":30},{"not_picked":["Feel No Pain","Battle Trance"],"picked":"Clothesline+1","floor":31}],"player_experience":1428261,"relics_obtained":[{"floor":7,"key":"Sundial"},{"floor":9,"key":"Happy Flower"},{"floor":10,"key":"MawBank"},{"floor":14,"key":"Oddly Smooth Stone"},{"floor":26,"key":"Dodecahedron"},{"floor":27,"key":"Whetstone"},{"floor":30,"key":"Juzu Bracelet"}],"event_choices":[{"damage_healed":0,"gold_gain":0,"player_choice":"Entered Light","damage_taken":23,"max_hp_gain":0,"max_hp_loss":0,"event_name":"Shining Light","floor":2,"gold_loss":0,"cards_upgraded":["Defend_R","Strike_R"]},{"damage_healed":0,"gold_gain":0,"player_choice":"Lose Max HP","damage_taken":0,"relics_obtained":["Golden Idol"],"max_hp_gain":0,"max_hp_loss":7,"event_name":"Golden Idol","floor":3,"gold_loss":0},{"damage_healed":0,"gold_gain":75,"player_choice":"Gather Gold","damage_taken":11,"max_hp_gain":0,"max_hp_loss":0,"event_name":"World of Goop","floor":5,"gold_loss":0},{"damage_healed":0,"gold_gain":0,"player_choice":"Stole Relic","damage_taken":0,"relics_obtained":["Tiny Chest"],"max_hp_gain":0,"max_hp_loss":0,"event_name":"Addict","floor":19,"gold_loss":0,"cards_obtained":["Shame"]},{"damage_healed":0,"gold_gain":0,"player_choice":"Read","damage_taken":0,"max_hp_gain":0,"max_hp_loss":0,"event_name":"The Library","floor":21,"gold_loss":0,"cards_obtained":["Headbutt"]},{"damage_healed":0,"gold_gain":0,"player_choice":"Ignored","damage_taken":0,"max_hp_gain":0,"max_hp_loss":0,"event_name":"Ghosts","floor":24,"gold_loss":0}],"is_beta":true,"boss_relics":[{"not_picked":["Cursed Key","Ectoplasm"],"picked":"Snecko Eye"}],"items_purged_floors":[13],"is_endless":false,"potions_floor_spawned":[7,11,18,27,29,31],"killed_by":"Collector","ascension_level":20}