{"gold_per_floor":[111,24,99,99,99,127,139,64,64,64,91,108,54,54,54,126,126,144,160,85,85,104,104,104,104,127,51,51],"floor_reached":28,"playtime":419,"items_purged":[],"score":519,"play_id":"e9c30409-96ef-447d-a8b5-ca467312a73e","local_time":"20190228174715","is_ascension_mode":true,"campfire_choices":[{"data":"Uppercut","floor":10,"key":"SMITH"},{"data":"Armaments","floor":15,"key":"SMITH"},{"floor":23,"key":"REST"}],"neow_cost":"NONE","seed_source_timestamp":2131157702239,"circlet_count":0,"master_deck":["AscendersBane","Strike_R","Strike_R","Strike_R","Bash","Perfected Strike","Uppercut+1","Shockwave","Perfected Strike+1","Clash","Armaments+1","Bludgeon","Impervious+1","Bloodletting+1","Sentinel+1","Perfected Strike","Flame Barrier","Perfected Strike","Perfected Strike","Disarm"],"relics":["Burning Blood","NeowsBlessing","Potion Belt","Vajra","Happy Flower","Astrolabe","Enchiridion","Lantern"],"potions_floor_usage":[16,16,22],"damage_taken":[{"damage":0,"enemies":"Small Slimes","floor":1,"turns":2},{"damage":0,"enemies":"Gremlin Nob","floor":6,"turns":1},{"damage":0,"enemies":"Jaw Worm","floor":7,"turns":1},{"damage":49,"enemies":"3 Sentries","floor":11,"turns":7},{"damage":0,"enemies":"2 Louse","floor":12,"turns":2},{"damage":16,"enemies":"The Guardian","floor":16,"turns":9},{"damage":14,"enemies":"Spheric Guardian","floor":18,"turns":3},{"damage":20,"enemies":"2 Thieves","floor":19,"turns":4},{"damage":21,"enemies":"Sentry and Sphere","floor":22,"turns":5},{"damage":34,"enemies":"Shelled Parasite and Fungi","floor":28,"turns":4}],"seed_played":"-2265543712661173975","potions_obtained":[{"floor":6,"key":"BloodPotion"},{"floor":11,"key":"Dexterity Potion"},{"floor":19,"key":"AttackPotion"}],"is_trial":false,"path_per_floor":["M","$","?","?","?","E","M","?","T","R","E","M","$","?","R","B",null,"M","M","?","?","M","R","?","?","T","$","M"],"character_chosen":"IRONCLAD","items_purchased":["Uppercut","Armaments","Disarm"],"campfire_rested":1,"item_purchase_floors":[2,13,27],"current_hp_per_floor":[74,74,63,56,61,67,73,73,73,73,30,36,36,12,12,10,63,55,41,41,41,26,50,50,29,29,29,0],"gold":51,"neow_bonus":"THREE_ENEMY_KILL","is_prod":false,"is_daily":false,"chose_seed":false,"campfire_upgraded":2,"win_rate":0,"timestamp":1551404835,"path_taken":["M","$","?","?","?","E","?","?","T","R","E","M","$","?","R","BOSS","M","M","?","?","M","R","?","?","T","?","M"],"build_version":"2019-02-06","purchased_purges":0,"victory":false,"max_hp_per_floor":[75,75,75,75,80,80,80,80,80,80,80,80,80,80,80,80,80,80,80,80,80,80,80,80,80,80,80,80],"card_choices":[{"not_picked":["Havoc","Entrench"],"picked":"Perfected Strike","floor":1},{"not_picked":["Whirlwind","Burning Pact"],"picked":"Shockwave","floor":6},{"not_picked":["Fire Breathing","Thunderclap"],"picked":"Perfected Strike","floor":7},{"not_picked":["Hemokinesis","Body Slam"],"picked":"Clash","floor":11},{"not_picked":["Juggernaut","Barricade"],"picked":"Bludgeon","floor":16},{"not_picked":["Anger","Warcry"],"picked":"Perfected Strike","floor":18},{"not_picked":["Clothesline","Corruption"],"picked":"Flame Barrier","floor":19},{"not_picked":["Rupture","Sword Boomerang"],"picked":"Perfected Strike","floor":22}],"player_experience":1228824,"relics_obtained":[{"floor":6,"key":"Potion Belt"},{"floor":9,"key":"Vajra"},{"floor":11,"key":"Happy Flower"},{"floor":25,"key":"Enchiridion"},{"floor":26,"key":"Lantern"}],"event_choices":[{"damage_healed":0,"gold_gain":75,"player_choice":"Gather Gold","damage_taken":11,"max_hp_gain":0,"max_hp_loss":0,"event_name":"World of Goop","floor":3,"gold_loss":0},{"cards_removed":["Defend_R"],"damage_healed":0,"gold_gain":0,"player_choice":"Card Removal","damage_taken":7,"max_hp_gain":0,"max_hp_loss":0,"event_name":"Golden Wing","floor":4,"gold_loss":0},{"damage_healed":0,"gold_gain":0,"player_choice":"Donut","damage_taken":0,"max_hp_gain":5,"max_hp_loss":0,"event_name":"Big Fish","floor":5,"gold_loss":0},{"cards_removed":["Defend_R"],"damage_healed":0,"gold_gain":0,"player_choice":"Card Removal","damage_taken":0,"max_hp_gain":0,"max_hp_loss":0,"event_name":"The Cleric","floor":8,"gold_loss":75},{"damage_healed":0,"gold_gain":0,"player_choice":"Entered Light","damage_taken":24,"max_hp_gain":0,"max_hp_loss":0,"event_name":"Shining Light","floor":14,"gold_loss":0,"cards_upgraded":["Perfected Strike","Defend_R"]},{"cards_removed":["Defend_R"],"damage_healed":0,"gold_gain":0,"player_choice":"Gave Gold","damage_taken":0,"max_hp_gain":0,"max_hp_loss":0,"event_name":"Beggar","floor":20,"gold_loss":75},{"damage_healed":0,"gold_gain":0,"player_choice":"Ignored","damage_taken":0,"max_hp_gain":0,"max_hp_loss":0,"event_name":"Vampires","floor":21,"gold_loss":0},{"damage_healed":0,"gold_gain":0,"player_choice":"Read","damage_taken":0,"max_hp_gain":0,"max_hp_loss":0,"event_name":"The Library","floor":24,"gold_loss":0,"cards_obtained":["Perfected Strike"]},{"damage_healed":0,"gold_gain":0,"player_choice":"Obtained Book","damage_taken":21,"max_hp_gain":0,"max_hp_loss":0,"event_name":"Cursed Tome","floor":25,"gold_loss":0}],"is_beta":true,"boss_relics":[{"not_picked":["Runic Pyramid","Runic Cube"],"picked":"Astrolabe"}],"items_purged_floors":[],"is_endless":false,"potions_floor_spawned":[6,11,19],"killed_by":"Shelled Parasite and Fungi","ascension_level":20}