{"gold_per_floor":[119,129,129,13,31,59,72,72,72,72,91,51,62,93,93,189,189,199,214,231,231,92,92,124,124,124,139,156,175,175,175],"floor_reached":31,"playtime":1658,"items_purged":["Defend_G","Skewer"],"score":309,"play_id":"60edf43e-5fdf-47d5-90bb-95d75326fad5","local_time":"20190828054316","is_ascension_mode":true,"campfire_choices":[{"data":"Caltrops","floor":8,"key":"SMITH"},{"floor":15,"key":"REST"},{"floor":23,"key":"REST"}],"neow_cost":"TEN_PERCENT_HP_LOSS","seed_source_timestamp":78409040545900,"circlet_count":0,"master_deck":["Survivor","Neutralize","Blur","Caltrops+1","Caltrops+1","Noxious Fumes","Blur","Cloak And Dagger","After Image","Footwork","Endless Agony","Die Die Die","Well Laid Plans","Bane","Noxious Fumes","Footwork","Accuracy","Backflip","Footwork","Decay"],"relics":["Ring of the Snake","Pen Nib","Pear","Lantern","Girya","Pandora\u0027s Box","Bag of Preparation","Smiling Mask"],"potions_floor_usage":[6,7,7,14,18,20,24,27,31],"damage_taken":[{"damage":1,"enemies":"Cultist","floor":1,"turns":4},{"damage":5,"enemies":"2 Louse","floor":2,"turns":4},{"damage":0,"enemies":"Small Slimes","floor":5,"turns":3},{"damage":22,"enemies":"3 Sentries","floor":6,"turns":8},{"damage":6,"enemies":"Exordium Wildlife","floor":7,"turns":7},{"damage":11,"enemies":"3 Louse","floor":11,"turns":3},{"damage":0,"enemies":"Looter","floor":13,"turns":4},{"damage":17,"enemies":"Lagavulin","floor":14,"turns":7},{"damage":4,"enemies":"The Guardian","floor":16,"turns":11},{"damage":28,"enemies":"2 Thieves","floor":18,"turns":3},{"damage":21,"enemies":"3 Byrds","floor":19,"turns":4},{"damage":12,"enemies":"Snake Plant","floor":20,"turns":4},{"damage":0,"enemies":"Book of Stabbing","floor":24,"turns":5},{"damage":11,"enemies":"Snecko","floor":27,"turns":6},{"damage":11,"enemies":"Sentry and Sphere","floor":28,"turns":7},{"damage":4,"enemies":"Snake Plant","floor":29,"turns":6},{"damage":15,"enemies":"Snecko","floor":31,"turns":5}],"seed_played":"-1480967763756886882","potions_obtained":[{"floor":2,"key":"Explosive Potion"},{"floor":5,"key":"Weak Potion"},{"floor":6,"key":"AttackPotion"},{"floor":11,"key":"Strength Potion"},{"floor":16,"key":"AttackPotion"},{"floor":18,"key":"EssenceOfSteel"},{"floor":19,"key":"Ancient Potion"},{"floor":24,"key":"AttackPotion"},{"floor":29,"key":"Energy Potion"}],"is_trial":false,"path_per_floor":["M","M","T","$","M","E","M","R","T","?","M","$","M","E","R","B",null,"M","M","M","?","$","R","E","?","T","M","M","M","?","M"],"character_chosen":"THE_SILENT","items_purchased":["Caltrops","Noxious Fumes","Accuracy"],"campfire_rested":2,"item_purchase_floors":[4,12,22],"current_hp_per_floor":[62,57,57,57,57,45,39,39,39,39,28,28,28,11,32,28,73,45,24,12,12,12,33,33,33,33,22,11,7,7,0],"gold":175,"neow_bonus":"REMOVE_TWO","is_prod":false,"is_daily":false,"chose_seed":false,"campfire_upgraded":1,"win_rate":0,"timestamp":1566996196,"path_taken":["M","M","?","$","M","E","M","R","T","?","M","$","?","E","R","BOSS","M","M","M","?","$","R","E","?","T","M","M","M","?","M"],"build_version":"2019-07-17","purchased_purges":2,"victory":false,"max_hp_per_floor":[63,63,63,63,63,73,73,73,73,73,73,73,73,73,73,73,73,73,73,73,73,73,73,73,73,73,73,73,73,73,73],"card_choices":[{"not_picked":["Slice","Eviscerate","Underhanded Strike"],"picked":"SKIP","floor":1},{"not_picked":["Backstab","Underhanded Strike"],"picked":"Blur","floor":2},{"not_picked":["Underhanded Strike","Dodge and Roll","Flying Knee"],"picked":"SKIP","floor":5},{"not_picked":["Skewer","Quick Slash"],"picked":"Caltrops","floor":6},{"not_picked":["Blade Dance","Reflex","Outmaneuver"],"picked":"SKIP","floor":7},{"not_picked":["Dagger Throw","Slice","Glass Knife"],"picked":"SKIP","floor":11},{"not_picked":["Dagger Throw","Backstab"],"picked":"Blur","floor":13},{"not_picked":["Backstab","Caltrops"],"picked":"Cloak And Dagger","floor":14},{"not_picked":["Adrenaline","Storm of Steel"],"picked":"After Image","floor":16},{"not_picked":["Quick Slash","Dagger Spray","Catalyst"],"picked":"SKIP","floor":18},{"not_picked":["Dagger Throw","Outmaneuver+1","Calculated Gamble"],"picked":"SKIP","floor":19},{"not_picked":["Heel Hook+1","Blade Dance"],"picked":"Footwork","floor":20},{"not_picked":["Blade Dance","Choke","Quick Slash+1"],"picked":"SKIP","floor":24},{"not_picked":["Dagger Throw+1","Tools of the Trade"],"picked":"Backflip","floor":27},{"not_picked":["Expertise","Slice"],"picked":"Footwork","floor":28},{"not_picked":["PiercingWail","Terror","Prepared"],"picked":"SKIP","floor":29}],"player_experience":133198,"relics_obtained":[{"floor":3,"key":"Pen Nib"},{"floor":6,"key":"Pear"},{"floor":9,"key":"Lantern"},{"floor":14,"key":"Girya"},{"floor":24,"key":"Bag of Preparation"},{"floor":26,"key":"Smiling Mask"}],"event_choices":[{"damage_healed":0,"gold_gain":0,"player_choice":"Upgraded","damage_taken":0,"max_hp_gain":0,"max_hp_loss":0,"event_name":"Upgrade Shrine","floor":10,"gold_loss":0,"cards_upgraded":["Caltrops"]},{"damage_healed":0,"gold_gain":0,"player_choice":"Ignored","damage_taken":0,"max_hp_gain":0,"max_hp_loss":0,"event_name":"Vampires","floor":21,"gold_loss":0},{"damage_healed":0,"gold_gain":0,"player_choice":"Ignored","damage_taken":0,"max_hp_gain":0,"max_hp_loss":0,"event_name":"Cursed Tome","floor":25,"gold_loss":0},{"damage_healed":0,"gold_gain":0,"player_choice":"Smashed Altar","damage_taken":0,"max_hp_gain":0,"max_hp_loss":0,"event_name":"Forgotten Altar","floor":30,"gold_loss":0,"cards_obtained":["Decay"]}],"is_beta":false,"boss_relics":[{"not_picked":["White Beast Statue","Ectoplasm"],"picked":"Pandora\u0027s Box"}],"items_purged_floors":[4,22],"is_endless":false,"potions_floor_spawned":[2,5,6,11,16,18,19,24,29],"killed_by":"Snecko","ascension_level":1}