{"gold_per_floor":[111,61,77,27,102,135,135,146,146,146,67,84,98,110,110,110],"floor_reached":16,"playtime":542,"items_purged":[],"score":102,"play_id":"45b6306c-52aa-4cc7-a2d5-4836fc44b824","local_time":"20190110110248","is_ascension_mode":false,"campfire_choices":[{"data":"Shrug It Off","floor":7,"key":"SMITH"},{"floor":15,"key":"REST"}],"neow_cost":"NONE","seed_source_timestamp":61185141462551,"circlet_count":0,"master_deck":["Strike_R","Strike_R","Strike_R","Strike_R","Defend_R","Defend_R","Defend_R","Defend_R","Bash","Infernal Blade","Flex","Shrug It Off+1","Armaments","Ghostly Armor+1","Pommel Strike"],"relics":["Burning Blood","Ornamental Fan","Bronze Scales","Toxic Egg 2"],"potions_floor_usage":[16,16],"damage_taken":[{"damage":9,"enemies":"Jaw Worm","floor":1,"turns":6},{"damage":4,"enemies":"2 Louse","floor":3,"turns":3},{"damage":46,"enemies":"3 Sentries","floor":6,"turns":13},{"damage":11,"enemies":"Small Slimes","floor":8,"turns":3},{"damage":1,"enemies":"Exordium Wildlife","floor":12,"turns":5},{"damage":6,"enemies":"3 Louse","floor":13,"turns":3},{"damage":0,"enemies":"Blue Slaver","floor":14,"turns":3},{"damage":70,"enemies":"Slime Boss","floor":16,"turns":13}],"seed_played":"5823776481460255769","potions_obtained":[{"floor":1,"key":"BloodPotion"},{"floor":3,"key":"Block Potion"}],"is_trial":false,"path_per_floor":["M","?","M","$","?","E","R","M","T","?","$","M","M","M","R","B"],"character_chosen":"IRONCLAD","items_purchased":["Flex","Ghostly Armor+1"],"campfire_rested":1,"item_purchase_floors":[4,11],"current_hp_per_floor":[85,85,87,87,76,36,36,31,31,24,24,29,29,35,61,0],"gold":110,"neow_bonus":"TEN_PERCENT_HP_BONUS","is_prod":false,"is_daily":false,"chose_seed":false,"campfire_upgraded":1,"win_rate":0.0,"timestamp":1547136168,"path_taken":["M","?","M","$","?","E","R","M","T","?","?","M","?","M","R","BOSS"],"build_version":"2019-01-03v4","purchased_purges":0,"victory":false,"max_hp_per_floor":[88,88,88,88,88,88,88,88,88,88,88,88,88,88,88,88],"card_choices":[{"not_picked":["Pummel","Body Slam","Battle Trance"],"picked":"SKIP","floor":1},{"not_picked":["Burning Pact","Fire Breathing"],"picked":"Infernal Blade","floor":3},{"not_picked":["Armaments","Iron Wave"],"picked":"Shrug It Off","floor":6},{"not_picked":["Shockwave","Cleave"],"picked":"Armaments","floor":8},{"not_picked":["Thunderclap","Barricade"],"picked":"Pommel Strike","floor":12},{"not_picked":["Body Slam","Dual Wield+1","Thunderclap"],"picked":"SKIP","floor":13},{"not_picked":["Perfected Strike","Clothesline","Dual Wield+1"],"picked":"SKIP","floor":14}],"player_experience":10242,"relics_obtained":[{"floor":6,"key":"Ornamental Fan"},{"floor":9,"key":"Bronze Scales"}],"event_choices":[{"cards_removed":["Strike_R"],"damage_healed":0,"gold_gain":0,"player_choice":"Card Removal","damage_taken":0,"max_hp_gain":0,"max_hp_loss":0,"event_name":"The Cleric","floor":2,"gold_loss":50},{"damage_healed":0,"gold_gain":75,"player_choice":"Gather Gold","damage_taken":11,"max_hp_gain":0,"max_hp_loss":0,"event_name":"World of Goop","floor":5,"gold_loss":0},{"damage_healed":0,"gold_gain":0,"player_choice":"Success","damage_taken":7,"relics_obtained":["Toxic Egg 2"],"max_hp_gain":0,"max_hp_loss":0,"event_name":"Scrap Ooze","floor":10,"gold_loss":0}],"is_beta":false,"boss_relics":[],"items_purged_floors":[],"is_endless":false,"potions_floor_spawned":[1,3],"killed_by":"Slime Boss","ascension_level":0}