{"gold_per_floor":[116,136,136,146,146,146,181,195,221,221,23,36,36,64,64,64],"floor_reached":16,"playtime":561,"items_purged":[],"score":220,"play_id":"8c961677-c164-486a-b21d-c41657de4b88","local_time":"20181213184114","is_ascension_mode":true,"campfire_choices":[{"data":"Streamline","floor":6,"key":"SMITH"},{"data":"Darkness","floor":10,"key":"SMITH"},{"data":"Loop","floor":13,"key":"SMITH"},{"floor":15,"key":"REST"}],"neow_cost":"NONE","seed_source_timestamp":448545174516757,"circlet_count":0,"master_deck":["AscendersBane","Strike_B","Strike_B","Strike_B","Defend_B","Defend_B","Defend_B","Defend_B","Zap","Dualcast","Cold Snap","Coolheaded","Streamline+1","Darkness+1","Capacitor","Loop+1","Hologram","Stack","White Noise","FTL"],"relics":["Sozu","Juzu Bracelet","Bag of Marbles","Anchor"],"potions_floor_usage":[],"damage_taken":[{"damage":0,"enemies":"2 Louse","floor":1,"turns":3},{"damage":3,"enemies":"Small Slimes","floor":2,"turns":4},{"damage":0,"enemies":"Jaw Worm","floor":4,"turns":5},{"damage":12,"enemies":"Lagavulin","floor":7,"turns":6},{"damage":0,"enemies":"2 Fungi Beasts","floor":8,"turns":4},{"damage":7,"enemies":"3 Louse","floor":12,"turns":2},{"damage":17,"enemies":"3 Sentries","floor":14,"turns":8},{"damage":42,"enemies":"Slime Boss","floor":16,"turns":9}],"seed_played":"-6090212882754858113","potions_obtained":[],"is_trial":false,"path_per_floor":["M","M","?","M","?","R","E","M","T","R","$","M","R","E","R","B"],"character_chosen":"DEFECT","items_purchased":["Loop","Hologram","Stack"],"campfire_rested":1,"item_purchase_floors":[11,11,11],"current_hp_per_floor":[64,61,61,61,54,54,42,42,42,42,42,35,35,18,39,0],"gold":64,"neow_bonus":"BOSS_RELIC","is_prod":false,"is_daily":false,"chose_seed":false,"campfire_upgraded":3,"win_rate":0,"timestamp":1544755274,"path_taken":["M","M","?","M","?","R","E","M","T","R","?","M","R","E","R","BOSS"],"build_version":"2018-12-12","purchased_purges":0,"victory":false,"max_hp_per_floor":[71,71,71,71,71,71,71,71,71,71,71,71,71,71,71,71],"card_choices":[{"not_picked":["Sweeping Beam","Darkness"],"picked":"Cold Snap","floor":1},{"not_picked":["Tempest","BootSequence"],"picked":"Coolheaded","floor":2},{"not_picked":["Turbo","Chaos"],"picked":"Streamline","floor":4},{"not_picked":["Rip and Tear","Turbo"],"picked":"Darkness","floor":7},{"not_picked":["Redo","Static Discharge"],"picked":"Capacitor","floor":8},{"not_picked":["Chaos","Capacitor"],"picked":"White Noise","floor":12},{"not_picked":["Rip and Tear","Streamline"],"picked":"FTL","floor":14}],"player_experience":992184,"relics_obtained":[{"floor":7,"key":"Juzu Bracelet"},{"floor":9,"key":"Bag of Marbles"},{"floor":14,"key":"Anchor"}],"event_choices":[{"damage_healed":0,"gold_gain":0,"player_choice":"Ignored","damage_taken":0,"max_hp_gain":0,"max_hp_loss":0,"event_name":"Liars Game","floor":3,"gold_loss":0},{"cards_removed":["Strike_B"],"damage_healed":0,"gold_gain":0,"player_choice":"Card Removal","damage_taken":7,"max_hp_gain":0,"max_hp_loss":0,"event_name":"Golden Wing","floor":5,"gold_loss":0}],"is_beta":true,"boss_relics":[],"items_purged_floors":[],"is_endless":false,"potions_floor_spawned":[7,8,14],"killed_by":"Slime Boss","ascension_level":20}