{"gold_per_floor":[118,193,205,205,223,223,255,255,255,255,255,286,20,33,33,111,111],"floor_reached":17,"playtime":497,"items_purged":["Strike_B"],"score":285,"play_id":"2a30a6b6-c409-4e04-af51-0888d34f1876","local_time":"20180811224012","is_ascension_mode":true,"campfire_choices":[{"data":"Hologram","floor":6,"key":"SMITH"},{"floor":8,"key":"REST"},{"data":"Zap","floor":10,"key":"SMITH"},{"floor":15,"key":"REST"}],"neow_cost":"NONE","seed_source_timestamp":20952541724217,"circlet_count":0,"master_deck":["Strike_B","Strike_B","Defend_B+1","Defend_B","Defend_B","Defend_B","Zap+1","Dualcast+1","AscendersBane","Hologram+1","White Noise","Melter","Static Discharge","White Noise","Chill","Go for the Eyes","Loop","Hologram","Rainbow"],"relics":["White Beast Statue","Dodecahedron","War Paint","Blue Candle"],"potions_floor_usage":[5,7,7,12,14,16],"damage_taken":[{"damage":8,"enemies":"Jaw Worm","floor":1,"turns":5},{"damage":0,"enemies":"Small Slimes","floor":3,"turns":4},{"damage":7,"enemies":"Cultist","floor":5,"turns":6},{"damage":24,"enemies":"Gremlin Nob","floor":7,"turns":4},{"damage":17,"enemies":"Lagavulin","floor":12,"turns":7},{"damage":17,"enemies":"Gremlin Gang","floor":14,"turns":5},{"damage":21,"enemies":"The Guardian","floor":16,"turns":11}],"seed_played":"2750480280450378243","potions_obtained":[{"floor":1,"key":"Weak Potion"},{"floor":3,"key":"PowerPotion"},{"floor":5,"key":"Fire Potion"},{"floor":7,"key":"Dexterity Potion"},{"floor":12,"key":"GamblersBrew"},{"floor":14,"key":"LiquidBronze"},{"floor":16,"key":"PowerPotion"}],"is_trial":false,"path_per_floor":["M","?","M","?","M","R","E","R","T","R","?","E","$","M","R","B"],"character_chosen":"DEFECT","items_purchased":["Chill","Go for the Eyes","Loop"],"campfire_rested":2,"item_purchase_floors":[13,13,13],"current_hp_per_floor":[56,45,45,45,38,38,14,35,35,35,35,18,18,1,22,1,1],"gold":111,"neow_bonus":"BOSS_RELIC","is_prod":false,"is_daily":false,"chose_seed":false,"campfire_upgraded":2,"win_rate":0,"timestamp":1534052412,"path_taken":["M","?","?","?","?","R","E","R","T","R","?","E","$","M","R","BOSS"],"build_version":"2018-08-08","purchased_purges":1,"victory":false,"max_hp_per_floor":[71,71,71,71,71,71,71,71,71,71,71,71,71,71,71,71,71],"card_choices":[{"not_picked":["Undo","Streamline"],"picked":"Hologram","floor":1},{"not_picked":["Steam","Go for the Eyes"],"picked":"White Noise","floor":5},{"not_picked":["Barrage","Steam"],"picked":"Melter","floor":7},{"not_picked":["Ball Lightning","Aggregate"],"picked":"White Noise","floor":12},{"not_picked":["Rebound","Static Discharge"],"picked":"Hologram","floor":14},{"not_picked":["Biased Cognition","Electrodynamics"],"picked":"Rainbow","floor":16}],"player_experience":803023,"relics_obtained":[{"floor":7,"key":"Dodecahedron"},{"floor":9,"key":"War Paint"},{"floor":12,"key":"Blue Candle"}],"event_choices":[{"event_name":"World of Goop","player_choice":"Gather Gold","floor":2,"damage_taken":0},{"event_name":"The Lab","player_choice":"Got Potions","floor":4,"damage_taken":0},{"event_name":"Living Wall","player_choice":"Change","floor":11,"damage_taken":0}],"is_beta":true,"boss_relics":[],"items_purged_floors":[13],"is_endless":false,"potions_floor_spawned":[1,3,5,7,12,14,16],"ascension_level":15}