{"gold_per_floor":[113,113,113,132,52,52,80,90,90,90,119,138,154,216,216,216],"floor_reached":16,"playtime":346,"items_purged":[],"score":270,"play_id":"cae8ef27-bcfe-491a-80fd-0431beebcaf8","local_time":"20190301211358","is_ascension_mode":true,"campfire_choices":[{"data":"Neutralize","floor":6,"key":"SMITH"},{"data":"Predator","floor":10,"key":"SMITH"},{"floor":15,"key":"REST"}],"neow_cost":"NONE","seed_source_timestamp":711591535840,"circlet_count":0,"master_deck":["AscendersBane","Defend_G","Defend_G","Defend_G","Defend_G","Defend_G","Strike_G","Strike_G","Strike_G","Strike_G","Strike_G","Survivor","Neutralize+1","Predator+1","Deadly Poison","Footwork","Dash","Concentrate","Flying Knee","Predator","Bouncing Flask"],"relics":["Ring of the Snake","NeowsBlessing","Sundial","Smiling Mask","Tingsha","Bronze Scales"],"potions_floor_usage":[11,11,14],"damage_taken":[{"damage":0,"enemies":"Jaw Worm","floor":1,"turns":1},{"damage":0,"enemies":"Cultist","floor":4,"turns":1},{"damage":0,"enemies":"3 Sentries","floor":7,"turns":2},{"damage":0,"enemies":"2 Louse","floor":8,"turns":4},{"damage":26,"enemies":"Lagavulin","floor":11,"turns":12},{"damage":9,"enemies":"Exordium Wildlife","floor":12,"turns":3},{"damage":4,"enemies":"Blue Slaver","floor":13,"turns":4},{"damage":14,"enemies":"Gremlin Nob","floor":14,"turns":3},{"damage":0,"enemies":"The Guardian","floor":16,"turns":2}],"seed_played":"-8952457849560896082","potions_obtained":[{"floor":1,"key":"SpeedPotion"},{"floor":7,"key":"Weak Potion"},{"floor":12,"key":"FearPotion"},{"floor":14,"key":"SpeedPotion"}],"is_trial":false,"path_per_floor":["M","?","?","M","$","R","E","M","T","R","E","M","M","?","R","B"],"character_chosen":"THE_SILENT","items_purchased":["Footwork"],"campfire_rested":1,"item_purchase_floors":[5],"current_hp_per_floor":[59,64,60,60,60,60,60,60,60,60,34,25,21,7,28,28],"gold":216,"neow_bonus":"THREE_ENEMY_KILL","is_prod":false,"is_daily":false,"chose_seed":false,"campfire_upgraded":2,"win_rate":0,"timestamp":1551503638,"path_taken":["M","?","?","M","$","R","E","M","T","R","E","M","?","?","R","BOSS"],"build_version":"2019-02-06","purchased_purges":0,"victory":false,"max_hp_per_floor":[66,71,71,71,71,71,71,71,71,71,71,71,71,71,71,71],"card_choices":[{"not_picked":["Endless Agony","Dodge and Roll"],"picked":"Predator","floor":1},{"not_picked":["Bane","Cloak And Dagger"],"picked":"Deadly Poison","floor":4},{"not_picked":["Reflex","Bullet Time"],"picked":"Dash","floor":8},{"not_picked":["Choke","Skewer"],"picked":"Concentrate","floor":11},{"not_picked":["Blade Dance","Catalyst"],"picked":"Flying Knee","floor":12},{"not_picked":["Terror","Footwork"],"picked":"Predator","floor":13},{"not_picked":["Quick Slash","Sucker Punch"],"picked":"Bouncing Flask","floor":14}],"player_experience":1257933,"relics_obtained":[{"floor":7,"key":"Sundial"},{"floor":9,"key":"Smiling Mask"},{"floor":11,"key":"Tingsha"},{"floor":14,"key":"Bronze Scales"}],"event_choices":[{"damage_healed":0,"gold_gain":0,"player_choice":"Donut","damage_taken":0,"max_hp_gain":5,"max_hp_loss":0,"event_name":"Big Fish","floor":2,"gold_loss":0},{"damage_healed":0,"gold_gain":0,"player_choice":"Bought 0 Potions","damage_taken":0,"max_hp_gain":0,"max_hp_loss":0,"event_name":"The Woman in Blue","floor":3,"gold_loss":0},{"damage_healed":0,"gold_gain":0,"player_choice":"Searched \u00271\u0027 times","damage_taken":0,"max_hp_gain":0,"max_hp_loss":0,"event_name":"Dead Adventurer","floor":14,"gold_loss":0}],"is_beta":true,"boss_relics":[],"items_purged_floors":[],"is_endless":false,"potions_floor_spawned":[1,7,12,14],"killed_by":"The Guardian","ascension_level":20}