{"gold_per_floor":[115,126,9,24,24,24,36,36,36,36,85,15,26,39,39,116,116,131,21,31,31,44,44,44],"floor_reached":24,"playtime":629,"items_purged":[],"score":354,"play_id":"83954dc5-513c-4b5c-b87f-664d0c5be20b","local_time":"20180730233327","is_ascension_mode":true,"campfire_choices":[{"data":"Neutralize","floor":6.0,"key":"SMITH"},{"data":"Bouncing Flask","floor":8.0,"key":"SMITH"},{"data":"Backstab","floor":10.0,"key":"SMITH"},{"data":"Noxious Fumes","floor":15,"key":"SMITH"},{"floor":23,"key":"REST"}],"neow_cost":"NONE","seed_source_timestamp":452861895648170,"circlet_count":0,"master_deck":["Defend_G","Defend_G","Defend_G","Defend_G","Defend_G","Survivor","Neutralize+1","AscendersBane","Bouncing Flask+1","Bane","Backflip","Backstab+1","Deadly Poison","Deflect+1","Noxious Fumes+1","Deadly Poison+1","Dagger Spray","Tools of the Trade","Catalyst+1","Bullet Time+1","Dodge and Roll+1","Deflect+1","Cloak And Dagger+1","Dash","Infinite Blades","Deflect+1","Bite","Bite","Bite","Bite","Bite","Distraction+1"],"special_seed":0,"relics":["Eternal Feather","Toxic Egg 2","Boot","Anchor","Orrery"],"potions_floor_usage":[22,24],"damage_taken":[{"damage":5.0,"enemies":"Cultist","floor":1.0,"turns":6.0},{"damage":0.0,"enemies":"Jaw Worm","floor":2.0,"turns":4.0},{"damage":0.0,"enemies":"Small Slimes","floor":4.0,"turns":2.0},{"damage":9.0,"enemies":"Exordium Wildlife","floor":7.0,"turns":4.0},{"damage":0,"enemies":"Looter","floor":13,"turns":3},{"damage":0,"enemies":"2 Fungi Beasts","floor":14,"turns":4},{"damage":14,"enemies":"The Guardian","floor":16,"turns":9},{"damage":0,"enemies":"Spheric Guardian","floor":18,"turns":3},{"damage":26,"enemies":"Shell Parasite","floor":20,"turns":7},{"damage":15,"enemies":"Snake Plant","floor":22,"turns":4},{"damage":24,"enemies":"Book of Stabbing","floor":24,"turns":5}],"seed_played":"497891645997898659","potions_obtained":[{"floor":2.0,"key":"Swift Potion"},{"floor":13,"key":"Explosive Potion"},{"floor":14,"key":"Dexterity Potion"}],"is_trial":false,"path_per_floor":["M","M","$","M","?","R","M","R","T","R","T","$","M","M","R","B",null,"M","$","M","?","M","R"],"character_chosen":"THE_SILENT","items_purchased":["Backflip","Backstab","Noxious Fumes","Dash","Infinite Blades"],"campfire_rested":1,"item_purchase_floors":[3,3,12,19,19],"current_hp_per_floor":[54,54,54,54,36,45,36,45,45,54,54,54,54,54,66,52,63,63,63,37,37,26,46,28],"gold":44,"neow_bonus":"BOSS_RELIC","is_prod":false,"is_daily":false,"chose_seed":false,"campfire_upgraded":4,"win_rate":0,"timestamp":1533018807,"path_taken":["M","M","$","M","?","R","M","R","T","R","?","$","M","?","R","BOSS","M","$","M","?","M","R","E"],"build_version":"2018-07-30","purchased_purges":0,"victory":false,"max_hp_per_floor":[66,66,66,66,66,66,66,66,66,66,66,66,66,66,66,66,66,66,66,66,46,46,46,46],"card_choices":[{"not_picked":["Quick Slash","Outmaneuver"],"picked":"Bouncing Flask","floor":1.0},{"not_picked":["Outmaneuver","Terror"],"picked":"Bane","floor":2.0},{"not_picked":["Flechettes","Underhanded Strike"],"picked":"Deadly Poison","floor":4.0},{"not_picked":["Deadly Poison+1","Calculated Gamble+1"],"picked":"Deflect+1","floor":7.0},{"not_picked":["Underhanded Strike","Slice"],"picked":"Deadly Poison+1","floor":13},{"not_picked":["Dodge and Roll+1","Dash"],"picked":"Dagger Spray","floor":14},{"not_picked":["Storm of Steel+1","A Thousand Cuts"],"picked":"Tools of the Trade","floor":16},{"not_picked":["Slice","Blade Dance+1"],"picked":"Catalyst+1","floor":17},{"not_picked":["Outmaneuver+1","Accuracy"],"picked":"Bullet Time+1","floor":17},{"not_picked":["Prepared+1","Slice"],"picked":"Dodge and Roll+1","floor":17},{"not_picked":["Blade Dance+1","Endless Agony"],"picked":"Deflect+1","floor":17},{"not_picked":["Dagger Spray","Slice"],"picked":"Cloak And Dagger+1","floor":18},{"not_picked":["Flying Knee","Poisoned Stab"],"picked":"Deflect+1","floor":20},{"not_picked":["PiercingWail+1","Dodge and Roll+1"],"picked":"Distraction+1","floor":22}],"player_experience":704916,"relics_obtained":[{"floor":9.0,"key":"Boot"},{"floor":11.0,"key":"Anchor"}],"event_choices":[{"event_name":"Scrap Ooze","player_choice":"success","floor":5.0,"damage_taken":18.0},{"event_name":"Vampires","player_choice":"Became a vampire","floor":21,"damage_taken":0}],"is_beta":true,"boss_relics":[{"not_picked":["WristBlade","Philosopher\u0027s Stone"],"picked":"Orrery"}],"items_purged_floors":[],"is_endless":false,"potions_floor_spawned":[2,13,14,16,18],"killed_by":"Book of Stabbing","ascension_level":15}