{"gold_per_floor":[109,124,138,148,148,177,19,19,94,94,21,21,21,33,33,133,133,144,69,69,69,89,89,103,103,158,158,174,200,214,10,10,111,111,121,169,69,79,0,33,33,62,62,76,125,125,140,39,39,39],"floor_reached":51,"playtime":3335,"items_purged":["Escape Plan","Strike_G"],"score":798,"play_id":"fb3d4f0b-1893-49c8-a88a-32c2b8f0f026","local_time":"20180816174325","is_ascension_mode":false,"campfire_choices":[{"floor":8,"key":"REST"},{"data":"Neutralize","floor":15,"key":"SMITH"},{"floor":23,"key":"REST"},{"data":"Leg Sweep","floor":25,"key":"SMITH"},{"data":"Noxious Fumes","floor":32,"key":"SMITH"},{"data":"A Thousand Cuts","floor":41,"key":"SMITH"},{"floor":49,"key":"REST"}],"neow_cost":"NONE","seed_source_timestamp":0,"circlet_count":0,"master_deck":["Defend_G+1","Defend_G+1","Defend_G+1","Defend_G+1","Defend_G+1","Strike_G+1","Strike_G+1","Strike_G+1","Survivor+1","Neutralize+1","Crippling Poison+1","Dagger Spray+1","Dash+1","Leg Sweep+1","Infinite Blades+1","Infinite Blades+1","Backflip+1","Bullet Time+1","Noxious Fumes+1","Choke+1","Prepared+1","Bullet Time+1","A Thousand Cuts+1","Parasite","PiercingWail+1","Eviscerate+1","Leg Sweep+1"],"special_seed":0,"relics":["Ring of the Snake","Vajra","Tingsha","Darkstone Periapt","Ancient Tea Set","Pantograph","Snecko Eye","Snake Skull","War Paint","Mummified Hand","DollysMirror","Cursed Key","Bag of Preparation","Red Mask","Toxic Egg 2","Bottled Lightning","Sundial","Mark of the Bloom"],"potions_floor_usage":[4,22,29,33,33,33,50,50,50],"damage_taken":[{"damage":1,"enemies":"Cultist","floor":1,"turns":4},{"damage":5,"enemies":"Jaw Worm","floor":2,"turns":4},{"damage":0,"enemies":"Small Slimes","floor":3,"turns":3},{"damage":1,"enemies":"Exordium Thugs","floor":4,"turns":4},{"damage":31,"enemies":"Gremlin Nob","floor":6,"turns":5},{"damage":10,"enemies":"2 Fungi Beasts","floor":14,"turns":3},{"damage":15,"enemies":"Hexaghost","floor":16,"turns":12},{"damage":0,"enemies":"3 Byrds","floor":18,"turns":4},{"damage":12,"enemies":"2 Thieves","floor":22,"turns":4},{"damage":0,"enemies":"Centurion and Healer","floor":24,"turns":7},{"damage":0,"enemies":"3 Cultists","floor":28,"turns":5},{"damage":0,"enemies":"Gremlin Leader","floor":29,"turns":5},{"damage":5,"enemies":"Snake Plant","floor":30,"turns":3},{"damage":0,"enemies":"Collector","floor":33,"turns":6},{"damage":2,"enemies":"Orb Walker","floor":35,"turns":2},{"damage":0,"enemies":"Flame Bruiser 1 Orb","floor":38,"turns":3},{"damage":4,"enemies":"Giant Head","floor":40,"turns":8},{"damage":0,"enemies":"2 Orb Walkers","floor":42,"turns":3},{"damage":0,"enemies":"Maw","floor":44,"turns":5},{"damage":0,"floor":45,"turns":4},{"damage":0,"enemies":"Transient","floor":47,"turns":5},{"damage":44,"enemies":"Donu and Deca","floor":50,"turns":6}],"seed_played":"8236818051884207591","potions_obtained":[{"floor":2,"key":"Fire Potion"},{"floor":3,"key":"Dexterity Potion"},{"floor":14,"key":"LiquidBronze"},{"floor":16,"key":"Swift Potion"},{"floor":24,"key":"Dexterity Potion"},{"floor":29,"key":"Fire Potion"},{"floor":35,"key":"Poison Potion"},{"floor":47,"key":"Weak Potion"}],"is_trial":false,"path_per_floor":["M","M","M","M","?","E","$","R","T","?","$","?","T","M","R","B",null,"M","$","?","?","M","R","M","R","T","?","M","E","M","$","R","B",null,"M","T","$","M","?","E","R","E","T","M","?","?","M","$","R","B"],"character_chosen":"THE_SILENT","items_purchased":["Leg Sweep","Infinite Blades","Infinite Blades","DollysMirror","Strength Potion","Poison Potion"],"campfire_rested":3,"item_purchase_floors":[7,7,11,31,48,48],"current_hp_per_floor":[69,64,64,63,63,32,32,53,53,53,53,39,39,29,29,39,70,70,70,57,57,45,67,67,67,67,67,67,67,62,62,62,75,75,73,79,79,79,79,75,75,75,75,75,75,75,75,75,75,31],"gold":39,"neow_bonus":"RANDOM_COMMON_RELIC","is_prod":false,"is_daily":false,"chose_seed":false,"campfire_upgraded":4,"win_rate":0,"timestamp":1534455805,"path_taken":["M","M","?","M","?","E","$","R","T","?","$","?","?","M","R","BOSS","M","$","?","?","M","R","M","R","T","?","?","E","M","$","R","BOSS","M","?","$","M","?","E","R","E","T","M","?","?","M","$","R","BOSS"],"build_version":"2018-08-16","purchased_purges":2,"victory":true,"max_hp_per_floor":[70,70,70,70,70,70,70,70,70,70,70,70,70,70,70,70,70,70,70,75,75,75,75,75,75,75,75,75,75,75,75,75,75,75,75,81,81,81,81,81,81,81,81,81,81,81,81,81,81,81],"card_choices":[{"not_picked":["Quick Slash","Tactician"],"picked":"Crippling Poison","floor":1},{"not_picked":["Flying Knee","Bane"],"picked":"Dagger Spray","floor":2},{"not_picked":["Slice","All Out Attack"],"picked":"Dash","floor":3},{"not_picked":["Slice","Choke","Accuracy"],"picked":"SKIP","floor":4},{"not_picked":["Slice","Sucker Punch"],"picked":"Escape Plan","floor":6},{"not_picked":["Outmaneuver","Bouncing Flask"],"picked":"Backflip","floor":14},{"not_picked":["Wraith Form v2","Grand Finale"],"picked":"Bullet Time","floor":16},{"not_picked":["Flechettes","Setup"],"picked":"Noxious Fumes","floor":18},{"not_picked":["Infinite Blades","Poisoned Stab","Deadly Poison"],"picked":"SKIP","floor":22},{"not_picked":["Infinite Blades+1","Quick Slash","Poisoned Stab+1"],"picked":"SKIP","floor":24},{"not_picked":["Caltrops","Backflip+1"],"picked":"Choke+1","floor":28},{"not_picked":["Deadly Poison+1","Slice","Backstab"],"picked":"SKIP","floor":29},{"not_picked":["Bane","Choke"],"picked":"Prepared+1","floor":30},{"not_picked":["Envenom","Phantasmal Killer"],"picked":"A Thousand Cuts","floor":33},{"not_picked":["Dagger Spray+1","Setup+1","Poisoned Stab+1"],"picked":"SKIP","floor":35},{"not_picked":["Deadly Poison","PiercingWail+1","Blade Dance+1"],"picked":"SKIP","floor":38},{"not_picked":["Deadly Poison+1","Outmaneuver","Endless Agony"],"picked":"SKIP","floor":40},{"not_picked":["Outmaneuver+1","Venomology+1"],"picked":"PiercingWail+1","floor":42},{"not_picked":["Dodge and Roll+1","Quick Slash","Prepared+1"],"picked":"SKIP","floor":44},{"not_picked":["Escape Plan+1","Outmaneuver+1"],"picked":"Eviscerate","floor":45},{"not_picked":["Cloak And Dagger+1","Sucker Punch+1"],"picked":"Leg Sweep+1","floor":47}],"player_experience":303898,"relics_obtained":[{"floor":6,"key":"Tingsha"},{"floor":9,"key":"Darkstone Periapt"},{"floor":13,"key":"Pantograph"},{"floor":26,"key":"War Paint"},{"floor":29,"key":"Mummified Hand"},{"floor":36,"key":"Bag of Preparation"},{"floor":40,"key":"Toxic Egg 2"},{"floor":42,"key":"Bottled Lightning"},{"floor":45,"key":"Sundial"}],"event_choices":[{"event_name":"Purifier","player_choice":"One Purge","floor":5,"damage_taken":0},{"event_name":"Wheel of Change","player_choice":"Relic","floor":10,"damage_taken":0},{"event_name":"Shining Light","player_choice":"Entered Light","floor":12,"damage_taken":0},{"event_name":"Forgotten Altar","player_choice":"Shed Blood","floor":20,"damage_taken":0},{"event_name":"The Mausoleum","player_choice":"Yes","floor":21,"damage_taken":0},{"event_name":"Upgrade Shrine","player_choice":"Upgraded","floor":27,"damage_taken":0},{"event_name":"Tomb of Lord Red Mask","player_choice":"Paid","floor":39,"damage_taken":0},{"event_name":"Mysterious Sphere","player_choice":"Fight","floor":45,"damage_taken":0},{"event_name":"MindBloom","player_choice":"Upgrade","floor":46,"damage_taken":0}],"is_beta":true,"boss_relics":[{"not_picked":["Runic Pyramid","Tiny House"],"picked":"Snecko Eye"},{"not_picked":["Philosopher\u0027s Stone","Lizard Tail"],"picked":"Cursed Key"}],"items_purged_floors":[19,37],"is_endless":false,"potions_floor_spawned":[2,3,14,16,24,29,35,47],"ascension_level":0}