{"gold_per_floor":[112,112,123,138,11,11,23,38,38,53,53,65,65,78,78,78],"floor_reached":16,"playtime":177,"items_purged":["Defend_R"],"score":96,"play_id":"1debb815-9045-4222-b109-d33e5bef6252","local_time":"20180717005156","is_ascension_mode":false,"campfire_choices":[{"data":"Perfected Strike","floor":6,"key":"SMITH"},{"data":"Perfected Strike","floor":13,"key":"SMITH"},{"data":"Uppercut","floor":15,"key":"SMITH"}],"neow_cost":"","seed_source_timestamp":395452836854973,"circlet_count":0,"master_deck":["Strike_R","Strike_R","Strike_R","Strike_R","Strike_R","Defend_R","Defend_R","Defend_R","Bash","Perfected Strike+1","Perfected Strike+1","Pommel Strike","Twin Strike","Uppercut+1","Wild Strike","Twin Strike"],"relics":["Burning Blood","Singing Bowl"],"potions_floor_usage":[7],"damage_taken":[{"damage":17,"enemies":"Small Slimes","floor":1,"turns":3},{"damage":1,"enemies":"Cultist","floor":3,"turns":3},{"damage":0,"enemies":"2 Louse","floor":4,"turns":3},{"damage":17,"enemies":"Gremlin Gang","floor":7,"turns":3},{"damage":12,"enemies":"Exordium Thugs","floor":8,"turns":2},{"damage":0,"enemies":"Large Slime","floor":10,"turns":2},{"damage":0,"enemies":"Blue Slaver","floor":12,"turns":1},{"damage":16,"enemies":"Lots of Slimes","floor":14,"turns":4},{"damage":0,"enemies":"The Guardian","floor":16,"turns":1}],"seed_played":"-1045486028251867399","potions_obtained":[{"floor":1,"key":"SteroidPotion"},{"floor":4,"key":"Energy Potion"},{"floor":8,"key":"Block Potion"}],"is_trial":false,"path_per_floor":["M","?","M","M","$","R","M","M","T","M","$","M","R","M","R"],"character_chosen":"IRONCLAD","items_purchased":["Twin Strike"],"campfire_rested":0,"item_purchase_floors":[5],"current_hp_per_floor":[69,74,79,85,85,85,74,68,68,74,74,80,80,72,72,72],"gold":78,"neow_bonus":"","is_prod":false,"is_daily":false,"chose_seed":false,"campfire_upgraded":3,"win_rate":0,"timestamp":1531813916,"path_taken":["M","?","M","M","?","R","M","?","T","M","$","?","R","M","R","BOSS"],"build_version":"2018-07-16","purchased_purges":1,"victory":false,"max_hp_per_floor":[80,85,85,85,85,85,85,85,85,85,85,85,85,87,87,87],"card_choices":[{"not_picked":["Pummel","Wild Strike"],"picked":"Perfected Strike","floor":1},{"not_picked":["Sword Boomerang","Heavy Blade"],"picked":"Perfected Strike","floor":3},{"not_picked":["Bludgeon","Sword Boomerang"],"picked":"Pommel Strike","floor":4},{"not_picked":["Reckless Charge","Havoc"],"picked":"Uppercut","floor":7},{"not_picked":["Flex","Bloodletting"],"picked":"Wild Strike","floor":10},{"not_picked":["Dropkick","Flex"],"picked":"Twin Strike","floor":12},{"not_picked":["Headbutt","Clothesline","Iron Wave"],"picked":"Singing Bowl","floor":14}],"player_experience":681549,"relics_obtained":[{"floor":9,"key":"Singing Bowl"}],"event_choices":[{"event_name":"Big Fish","player_choice":"Donut","floor":2,"damage_taken":0}],"boss_relics":[],"items_purged_floors":[5],"is_endless":false,"potions_floor_spawned":[1,4,8],"killed_by":"The Guardian","ascension_level":0}