{"path_per_floor":["M","?","$","M","M","E","R","M","T","$","R","M","?","M","R","B",null,"M","$","M","?","M","R","?"],"character_chosen":"DEFECT","items_purchased":["Self Repair","Cold Snap","Defragment","Go for the Eyes"],"gold_per_floor":[118,118,6,22,34,61,61,78,101,55,55,65,65,78,78,176,176,192,3,21,120,139,139,139,139],"floor_reached":25,"campfire_rested":1,"playtime":1649,"item_purchase_floors":[3,10,19,19],"current_hp_per_floor":[63,63,63,66,64,49,49,52,52,52,52,61,54,63,63,65,75,72,72,75,75,9,31,31,0],"items_purged":["Decay","Strike_B"],"gold":139,"score":228,"play_id":"59d8e35a-6742-4290-9f99-081e11f646ae","local_time":"20180617140652","is_prod":false,"is_daily":false,"chose_seed":false,"is_ascension_mode":false,"campfire_upgraded":3,"win_rate":0,"timestamp":1529258812,"campfire_choices":[{"data":"Buffer","floor":7,"key":"SMITH"},{"data":"Buffer","floor":11,"key":"SMITH"},{"data":"Fusion","floor":15,"key":"SMITH"},{"floor":23,"key":"REST"}],"path_taken":["M","?","$","M","M","E","R","M","T","$","R","M","?","M","R","BOSS","M","?","M","?","M","R","?","E"],"build_version":"2018-06-14v2","seed_source_timestamp":319020369052794,"purchased_purges":2,"victory":false,"master_deck":["Defend_B","Defend_B","Defend_B","Zap","Dualcast","Gash","Buffer+1","Self Repair","Gash","Fusion+1","Buffer+1","Cold Snap","Storm","Ball Lightning","Echo Form","Sunder","Defragment","Go for the Eyes","Leap","Amplify","Bite","Bite","Bite","Bite","Bite"],"max_hp_per_floor":[75,75,75,75,75,75,75,75,75,75,75,75,75,75,75,75,75,75,75,75,75,75,75,75,75],"relics":["Cracked Core","Ginger","Juzu Bracelet"],"card_choices":[{"not_picked":["Recycle","White Noise"],"picked":"Gash","floor":1},{"not_picked":["Compile Driver","Leap","Stack"],"picked":"SKIP","floor":4},{"not_picked":["Rebound","Sunder"],"picked":"Gash","floor":5},{"not_picked":["Undo","Steam"],"picked":"Fusion","floor":6},{"not_picked":["Heatsinks","Sweeping Beam"],"picked":"Buffer","floor":8},{"not_picked":["Barrage","Reinforced Body"],"picked":"Storm","floor":12},{"not_picked":["Hologram","Conserve Battery"],"picked":"Ball Lightning","floor":14},{"not_picked":["All For One","Thunder Strike"],"picked":"Echo Form","floor":16},{"not_picked":["Cold Snap","Rip and Tear"],"picked":"Sunder","floor":18},{"not_picked":["BootSequence","Turbo"],"picked":"Leap","floor":20},{"not_picked":["Beam Cell","Scrape"],"picked":"Amplify","floor":22}],"player_experience":119648,"potions_floor_usage":[14,16,18,22],"damage_taken":[{"damage":12,"enemies":"Jaw Worm","floor":1,"turns":4},{"damage":4,"enemies":"Cultist","floor":4,"turns":4},{"damage":9,"enemies":"2 Louse","floor":5,"turns":2},{"damage":22,"enemies":"3 Sentries","floor":6,"turns":10},{"damage":4,"enemies":"Blue Slaver","floor":8,"turns":3},{"damage":0,"enemies":"Large Slime","floor":12,"turns":5},{"damage":0,"enemies":"Exordium Wildlife","floor":14,"turns":4},{"damage":7,"enemies":"Slime Boss","floor":16,"turns":12},{"damage":10,"enemies":"2 Thieves","floor":18,"turns":5},{"damage":0,"enemies":"Spheric Guardian","floor":20,"turns":5},{"damage":73,"enemies":"3 Cultists","floor":22,"turns":7},{"damage":40,"enemies":"Book of Stabbing","floor":25,"turns":4}],"relics_obtained":[{"floor":6,"key":"Juzu Bracelet"},{"floor":9,"key":"Blood Vial"}],"event_choices":[{"event_name":"Transmorgrifier","player_choice":"Transform","floor":2,"damage_taken":0},{"event_name":"Golden Wing","player_choice":"Card Removal","floor":13,"damage_taken":0},{"event_name":"Nest","player_choice":"Stole From Cult","floor":21,"damage_taken":0},{"event_name":"Vampires","player_choice":"Became a vampire (Vial)","floor":24,"damage_taken":0}],"boss_relics":[{"not_picked":["Cursed Key","Coffee Dripper","Velvet Choker"]}],"items_purged_floors":[3,19],"is_endless":false,"potions_floor_spawned":[1,5,14,16,18,20],"seed_played":"-4467611419914671969","killed_by":"Book of Stabbing","ascension_level":0,"potions_obtained":[{"floor":1,"key":"Strength Potion"},{"floor":5,"key":"Swift Potion"},{"floor":14,"key":"Strength Potion"},{"floor":16,"key":"Energy Potion"},{"floor":18,"key":"Dexterity Potion"},{"floor":20,"key":"GamblersBrew"}],"is_trial":false}