{"gold_per_floor":[109,109,51,64,83,83,44,78,161,161,192,208,67,86,86,86],"floor_reached":16,"playtime":288,"items_purged":[],"score":220,"play_id":"429d6975-6499-49f6-8331-8cd57cacaf8f","local_time":"20190402000223","is_ascension_mode":true,"campfire_choices":[{"data":"Zap","floor":6,"key":"SMITH"},{"data":"Hologram","floor":10,"key":"SMITH"},{"data":"Coolheaded","floor":15,"key":"SMITH"}],"neow_cost":"NONE","seed_source_timestamp":24150706586457,"circlet_count":0,"master_deck":["AscendersBane","Strike_B","Strike_B","Strike_B+1","Strike_B","Defend_B","Defend_B","Defend_B","Defend_B","Zap+1","Dualcast","Hologram+1","Gash+1","Rebound","Coolheaded+1","FTL","Leap","Genetic Algorithm","Ball Lightning","FTL","Rebound"],"special_seed":0,"relics":["Cracked Core","NeowsBlessing","Anchor","Tiny Chest","Whetstone"],"potions_floor_usage":[8,11,14],"damage_taken":[{"damage":0.0,"enemies":"Small Slimes","floor":1.0,"turns":1.0},{"damage":0,"enemies":"Cultist","floor":4,"turns":1},{"damage":0,"enemies":"2 Louse","floor":5,"turns":1},{"damage":11,"enemies":"3 Sentries","floor":8,"turns":6},{"damage":51,"enemies":"Gremlin Nob","floor":11,"turns":5},{"damage":0,"enemies":"Blue Slaver","floor":12,"turns":2},{"damage":0,"enemies":"2 Fungi Beasts","floor":14,"turns":2},{"damage":4,"enemies":"Slime Boss","floor":16,"turns":5}],"seed_played":"-3304968869986064017","potions_obtained":[{"floor":1.0,"key":"Explosive Potion"},{"floor":5,"key":"LiquidBronze"},{"floor":12,"key":"FearPotion"}],"is_trial":false,"path_per_floor":["M","?","$","M","M","R","$","E","T","R","E","M","$","M","R","B"],"character_chosen":"DEFECT","items_purchased":["Gash","FTL","Ball Lightning","FTL"],"campfire_rested":0,"item_purchase_floors":[3,7,13,13],"current_hp_per_floor":[64,64,64,64,64,64,64,53,53,53,2,2,2,2,2,0],"gold":86,"neow_bonus":"THREE_ENEMY_KILL","is_prod":false,"is_daily":false,"chose_seed":false,"campfire_upgraded":3,"win_rate":0,"timestamp":1554188543,"path_taken":["M","?","?","?","M","R","$","E","T","R","E","M","$","M","R","BOSS"],"build_version":"2019-03-15","purchased_purges":0,"victory":false,"max_hp_per_floor":[71,71,71,71,71,71,71,71,71,71,71,71,71,71,71,71],"card_choices":[{"not_picked":["Tempest","Compile Driver"],"picked":"Hologram","floor":1.0},{"not_picked":["Sweeping Beam","Leap"],"picked":"Rebound","floor":4},{"not_picked":["Reprogram","BootSequence"],"picked":"Coolheaded","floor":5},{"not_picked":["Reprogram","Turbo"],"picked":"Leap","floor":8},{"not_picked":["Sweeping Beam","Turbo"],"picked":"Genetic Algorithm","floor":11},{"not_picked":["Turbo","Coolheaded"],"picked":"Rebound","floor":14}],"player_experience":1397257,"relics_obtained":[{"floor":8,"key":"Anchor"},{"floor":9,"key":"Tiny Chest"},{"floor":11,"key":"Whetstone"}],"event_choices":[{"damage_healed":0,"gold_gain":0,"player_choice":"0 cards matched","damage_taken":0,"max_hp_gain":0,"max_hp_loss":0,"event_name":"Match and Keep!","floor":2,"gold_loss":0,"cards_obtained":[]}],"is_beta":true,"boss_relics":[],"items_purged_floors":[],"is_endless":false,"potions_floor_spawned":[1,5,12],"killed_by":"Slime Boss","ascension_level":20}