{"gold_per_floor":[110,120,120,120,14,42,42,42,88,88,120,133,165,178,178,252,252,266,44,44,57,332,350,350,33,33,33,62,79,96,21,21,93,93,109,59,72,90,10,10,24,42,42,42,42,42],"floor_reached":46,"playtime":1667,"items_purged":["Strike_B"],"score":1241,"play_id":"c57de7b5-99b4-4775-9180-89eb2d37bfe9","local_time":"20190413100159","is_ascension_mode":true,"campfire_choices":[{"data":"Zap","floor":8.0,"key":"SMITH"},{"data":"Dualcast","floor":10.0,"key":"SMITH"},{"data":"Hologram","floor":15.0,"key":"SMITH"},{"data":"Beam Cell","floor":24.0,"key":"SMITH"},{"data":"Sunder","floor":27.0,"key":"SMITH"},{"data":"Hologram","floor":32.0,"key":"SMITH"},{"floor":40,"key":"REST"}],"neow_cost":"NONE","seed_source_timestamp":363919917994,"circlet_count":0,"master_deck":["AscendersBane","Defend_B+1","Defend_B","Defend_B","Zap+1","Dualcast+1","Hello World+1","White Noise+1","Sunder+1","Coolheaded+1","All For One","Auto Shields+1","Hologram+1","BootSequence","Undo","Beam Cell+1","Meteor Strike","Finesse","Turbo","Glacier","Multi-Cast","Conserve Battery","Regret","Electrodynamics","Pain","Hologram+1","BootSequence","Steam+1","FTL","Compile Driver","Parasite","Conserve Battery","Rebound","Chaos+1","Stack+1","Pain","Machine Learning","Pain"],"special_seed":0,"relics":["Cracked Core","NeowsBlessing","Emotion Chip","War Paint","Happy Flower","Potion Belt","Cursed Key","Du-Vu Doll","Sundial","Blood Vial","Nuclear Battery","Bird Faced Urn"],"potions_floor_usage":[41],"damage_taken":[{"damage":0.0,"enemies":"Jaw Worm","floor":1.0,"turns":1.0},{"damage":0.0,"enemies":"2 Louse","floor":2.0,"turns":1.0},{"damage":0.0,"enemies":"3 Sentries","floor":6.0,"turns":1.0},{"damage":22.0,"enemies":"Gremlin Nob","floor":11.0,"turns":4.0},{"damage":0.0,"enemies":"Cultist","floor":12.0,"turns":2.0},{"damage":0.0,"enemies":"Lagavulin","floor":13.0,"turns":7.0},{"damage":0.0,"enemies":"2 Fungi Beasts","floor":14.0,"turns":2.0},{"damage":0.0,"enemies":"Hexaghost","floor":16.0,"turns":9.0},{"damage":0.0,"enemies":"Chosen","floor":18.0,"turns":3.0},{"damage":0.0,"enemies":"2 Thieves","floor":21.0,"turns":4.0},{"damage":2.0,"enemies":"Centurion and Healer","floor":23.0,"turns":6.0},{"damage":6.0,"enemies":"Book of Stabbing","floor":28.0,"turns":3.0},{"damage":13.0,"enemies":"Chosen and Byrds","floor":29.0,"turns":7.0},{"damage":2.0,"enemies":"3 Cultists","floor":30.0,"turns":3.0},{"damage":32,"enemies":"Collector","floor":33,"turns":9},{"damage":0,"enemies":"Orb Walker","floor":35,"turns":3},{"damage":2,"enemies":"3 Darklings","floor":37,"turns":3},{"damage":31,"enemies":"Writhing Mass","floor":38,"turns":6},{"damage":10,"enemies":"Sphere and 2 Shapes","floor":41,"turns":4},{"damage":32,"enemies":"Spire Growth","floor":42,"turns":5},{"damage":46,"enemies":"Writhing Mass","floor":46,"turns":7}],"seed_played":"-172775299576973833","potions_obtained":[{"floor":6.0,"key":"Dexterity Potion"},{"floor":11.0,"key":"Swift Potion"},{"floor":12.0,"key":"AttackPotion"},{"floor":16.0,"key":"GamblersBrew"},{"floor":18.0,"key":"Poison Potion"},{"floor":21.0,"key":"AttackPotion"},{"floor":28.0,"key":"LiquidBronze"},{"floor":33,"key":"EssenceOfSteel"},{"floor":41,"key":"FearPotion"},{"floor":42,"key":"LiquidBronze"}],"is_trial":false,"path_per_floor":["M","M","?","?","$","E","?","R","T","R","E","M","E","M","R","B",null,"M","$","?","M","?","M","R","$","T","R","E","M","M","?","R","B",null,"M","?","M","M","$","R","M","M","T","?","$","M"],"character_chosen":"DEFECT","items_purchased":["Sunder","Coolheaded","Finesse","Turbo","Du-Vu Doll","Conserve Battery","Rebound"],"campfire_rested":1,"item_purchase_floors":[5,5,19,19,25,39,39],"current_hp_per_floor":[64,64,43,43,43,43,43,43,43,43,21,21,21,21,21,21,59,59,59,59,59,59,57,57,57,57,57,51,40,40,40,40,10,56,58,58,58,29,29,50,42,12,12,12,12,0],"gold":42,"neow_bonus":"THREE_ENEMY_KILL","is_prod":false,"is_daily":false,"chose_seed":false,"campfire_upgraded":6,"win_rate":0,"timestamp":1555174919,"path_taken":["M","M","?","?","$","E","?","R","T","R","E","M","E","M","R","BOSS","M","$","?","M","?","M","R","$","T","R","E","?","M","?","R","BOSS","M","?","M","M","$","R","?","M","T","?","$","?"],"build_version":"2019-04-04","purchased_purges":1,"victory":false,"max_hp_per_floor":[71,71,71,71,71,71,71,71,71,71,71,71,71,71,71,71,71,71,71,71,71,71,71,71,71,71,71,71,71,71,71,71,71,71,71,71,71,71,71,71,71,71,71,71,71,71],"card_choices":[{"not_picked":["Compile Driver","Coolheaded"],"picked":"Hello World","floor":1.0},{"not_picked":["Fusion","Leap"],"picked":"White Noise","floor":2.0},{"not_picked":["Fusion","Streamline"],"picked":"All For One","floor":6.0},{"not_picked":["Machine Learning","Coolheaded"],"picked":"Hologram","floor":11.0},{"not_picked":["Barrage","Leap"],"picked":"BootSequence","floor":12.0},{"not_picked":["Lockon","Turbo"],"picked":"Undo","floor":13.0},{"not_picked":["FTL","Scrape"],"picked":"Beam Cell","floor":14.0},{"not_picked":["Creative AI","Hyperbeam"],"picked":"Meteor Strike","floor":16.0},{"not_picked":["Streamline+1","Gash"],"picked":"Conserve Battery","floor":21.0},{"not_picked":["Ball Lightning","Hologram"],"picked":"Electrodynamics","floor":23.0},{"not_picked":["Scrape","Reprogram"],"picked":"Hologram","floor":28.0},{"not_picked":["Conserve Battery","Coolheaded"],"picked":"BootSequence","floor":29.0},{"not_picked":["Hologram","Doom and Gloom"],"picked":"Steam+1","floor":30.0},{"not_picked":["Ball Lightning+1","Melter"],"picked":"FTL","floor":35},{"not_picked":["Heatsinks","Redo"],"picked":"Compile Driver","floor":37},{"not_picked":["Gash","Barrage"],"picked":"Chaos+1","floor":41},{"not_picked":["Rebound","Sweeping Beam"],"picked":"Stack+1","floor":42}],"player_experience":1421072,"relics_obtained":[{"floor":6.0,"key":"Emotion Chip"},{"floor":9.0,"key":"War Paint"},{"floor":11.0,"key":"Happy Flower"},{"floor":13.0,"key":"Potion Belt"},{"floor":26.0,"key":"Sundial"},{"floor":28.0,"key":"Blood Vial"},{"floor":43,"key":"Bird Faced Urn"}],"event_choices":[{"damage_healed":0.0,"max_hp_gain":0.0,"max_hp_loss":0.0,"gold_gain":0.0,"event_name":"Shining Light","player_choice":"Entered Light","floor":3.0,"gold_loss":0.0,"damage_taken":21.0,"cards_upgraded":["Hello World","White Noise"]},{"damage_healed":0.0,"max_hp_gain":0.0,"max_hp_loss":0.0,"gold_gain":0.0,"event_name":"The Cleric","player_choice":"Leave","floor":4.0,"gold_loss":0.0,"damage_taken":0.0},{"damage_healed":0.0,"max_hp_gain":0.0,"max_hp_loss":0.0,"gold_gain":0.0,"cards_transformed":["Strike_B"],"event_name":"Transmorgrifier","player_choice":"Transformed","floor":7.0,"gold_loss":0.0,"damage_taken":0.0,"cards_obtained":["Auto Shields"]},{"damage_healed":0.0,"max_hp_gain":0.0,"max_hp_loss":0.0,"gold_gain":0.0,"cards_transformed":["Strike_B","Strike_B"],"event_name":"Drug Dealer","player_choice":"Became Test Subject","floor":20.0,"gold_loss":0.0,"damage_taken":0.0,"cards_obtained":["Glacier","Multi-Cast"]},{"damage_healed":0.0,"max_hp_gain":0.0,"max_hp_loss":0.0,"gold_gain":275.0,"event_name":"Golden Shrine","player_choice":"Desecrate","floor":22.0,"gold_loss":0.0,"damage_taken":0.0,"cards_obtained":["Regret"]},{"cards_removed":["Defend_B"],"damage_healed":0.0,"max_hp_gain":0.0,"max_hp_loss":0.0,"gold_gain":0.0,"event_name":"Beggar","player_choice":"Gave Gold","floor":31.0,"gold_loss":75.0,"damage_taken":0.0},{"damage_healed":0,"gold_gain":0,"player_choice":"Upgrade","damage_taken":0,"max_hp_gain":0,"max_hp_loss":0,"event_name":"Designer","floor":36,"gold_loss":50,"cards_upgraded":["Coolheaded"]},{"damage_healed":0,"gold_gain":0,"player_choice":"2 cards matched","damage_taken":0,"max_hp_gain":0,"max_hp_loss":0,"event_name":"Match and Keep!","floor":44,"gold_loss":0,"cards_obtained":["Machine Learning","Pain"]}],"is_beta":true,"boss_relics":[{"not_picked":["Philosopher\u0027s Stone","Inserter"],"picked":"Cursed Key"},{"not_picked":["Empty Cage","Busted Crown"],"picked":"Nuclear Battery"}],"items_purged_floors":[19],"is_endless":false,"potions_floor_spawned":[6,11,12,16,18,21,28,33,41,42],"killed_by":"Writhing Mass","ascension_level":20}