{"gold_per_floor":[109,86,103,103,103,103,130,151,151,179,179,18,38,56,56,130,130,117,117],"floor_reached":19,"playtime":654,"items_purged":[],"score":306,"play_id":"2c8e749d-1852-42c5-b106-149bc1a5df4d","local_time":"20180714235503","is_ascension_mode":true,"campfire_choices":[{"floor":6,"key":"REST"},{"floor":11,"key":"REST"},{"floor":15,"key":"REST"}],"neow_cost":"NONE","seed_source_timestamp":326457919519722,"circlet_count":0,"master_deck":["Strike_B","Strike_B","Strike_B","Defend_B","Defend_B","Defend_B","Defend_B","Zap","Dualcast","AscendersBane","Coolheaded","Streamline","Leap","Meteor Strike","Stack","Rebound","Streamline","Seek","Cold Snap","Cold Snap","Machine Learning"],"relics":["Fusion Hammer","Gremlin Horn","Odd Mushroom","Meat on the Bone","Anchor","Sozu"],"potions_floor_usage":[7],"damage_taken":[{"damage":2,"enemies":"2 Louse","floor":1,"turns":2},{"damage":1,"enemies":"Cultist","floor":3,"turns":4},{"damage":12,"enemies":"Lagavulin","floor":7,"turns":6},{"damage":16,"floor":8,"turns":5},{"damage":14,"enemies":"3 Sentries","floor":10,"turns":10},{"damage":0,"enemies":"Small Slimes","floor":13,"turns":2},{"damage":0,"enemies":"2 Fungi Beasts","floor":14,"turns":3},{"damage":10,"enemies":"The Guardian","floor":16,"turns":15},{"damage":3,"enemies":"2 Thieves","floor":18,"turns":4},{"damage":11,"enemies":"Shell Parasite","floor":19,"turns":3}],"seed_played":"-2555221192484552479","potions_obtained":[{"floor":3,"key":"AttackPotion"},{"floor":10,"key":"FearPotion"},{"floor":14,"key":"SpeedPotion"}],"is_trial":false,"path_per_floor":["M","$","M","?","?","R","E","?","T","E","R","$","M","M","R","B",null,"M"],"character_chosen":"DEFECT","items_purchased":["Streamline","Seek"],"campfire_rested":3,"item_purchase_floors":[2,12],"current_hp_per_floor":[62,62,61,61,66,76,64,48,48,46,68,68,68,68,76,66,74,71,60],"gold":117,"neow_bonus":"BOSS_RELIC","is_prod":false,"is_daily":false,"chose_seed":false,"campfire_upgraded":0,"win_rate":0,"timestamp":1531637703,"path_taken":["M","$","M","?","?","R","E","?","T","E","R","$","?","M","R","BOSS","M","M"],"build_version":"2018-07-13","purchased_purges":0,"victory":false,"max_hp_per_floor":[71,71,71,71,76,76,76,76,76,76,76,76,76,76,76,76,76,76,76],"card_choices":[{"not_picked":["Rebound","Tempest"],"picked":"Coolheaded","floor":1},{"not_picked":["Genetic Algorithm","Loop"],"picked":"Leap","floor":3},{"not_picked":["Static Discharge","Rip and Tear"],"picked":"Stack","floor":7},{"not_picked":["Heatsinks","Sweeping Beam"],"picked":"Rebound","floor":8},{"not_picked":["Steam Power","Lockon"],"picked":"Streamline","floor":10},{"not_picked":["Blizzard","Steam Power"],"picked":"Cold Snap","floor":13},{"not_picked":["Ball Lightning","Rebound"],"picked":"Cold Snap","floor":14},{"not_picked":["Seek","Reboot"],"picked":"Machine Learning","floor":16}],"player_experience":652097,"relics_obtained":[{"floor":7,"key":"Gremlin Horn"},{"floor":8,"key":"Odd Mushroom"},{"floor":9,"key":"Meat on the Bone"},{"floor":10,"key":"Anchor"}],"event_choices":[{"event_name":"Transmorgrifier","player_choice":"Transform","floor":4,"damage_taken":0},{"event_name":"Big Fish","player_choice":"Donut","floor":5,"damage_taken":0},{"event_name":"Mushrooms","player_choice":"Fought Mushrooms","floor":8,"damage_taken":0}],"boss_relics":[{"not_picked":["Philosopher\u0027s Stone","Black Star"],"picked":"Sozu"}],"items_purged_floors":[],"is_endless":false,"potions_floor_spawned":[3,10,14,16,18],"killed_by":"Shell Parasite","ascension_level":15}