{"gold_per_floor":[111,126,126,276,50,50,60,60,60,89,107,7,7,17,17,91,91,104,104,121,121,136,136,136,136,183,395,407],"floor_reached":28,"playtime":646,"items_purged":["Doubt","Decay"],"score":432,"play_id":"70e77c9c-11bb-44fd-9894-ba4bb2575514","local_time":"20190123004926","is_ascension_mode":true,"campfire_choices":[{"data":"Melter","floor":6,"key":"SMITH"},{"data":"Streamline","floor":8,"key":"SMITH"},{"data":"Streamline","floor":15,"key":"SMITH"},{"data":"Go for the Eyes","floor":23,"key":"SMITH"},{"data":"Coolheaded","floor":25,"key":"SMITH"}],"neow_cost":"NONE","seed_source_timestamp":17690836947076,"circlet_count":0,"master_deck":["AscendersBane","Strike_B+1","Strike_B+1","Defend_B+1","Defend_B+1","Defend_B+1","Defend_B+1","Zap","Dualcast","Coolheaded+1","Coolheaded","Melter+1","Capacitor","Streamline+1","Go for the Eyes+1","Chaos+1","Streamline+1","All For One","Gash","Sunder+1","Auto Shields","All For One","Amplify","Parasite"],"relics":["Cursed Key","Blood Vial","StoneCalendar","Coffee Dripper","Nilry\u0027s Codex","MawBank"],"potions_floor_usage":[11,18],"damage_taken":[{"damage":1,"enemies":"Cultist","floor":1,"turns":4},{"damage":2,"enemies":"Small Slimes","floor":2,"turns":4},{"damage":0,"enemies":"2 Louse","floor":7,"turns":2},{"damage":13,"enemies":"3 Sentries","floor":10,"turns":9},{"damage":3,"enemies":"Large Slime","floor":11,"turns":4},{"damage":12,"enemies":"Exordium Thugs","floor":14,"turns":5},{"damage":26,"enemies":"The Guardian","floor":16,"turns":8},{"damage":1,"enemies":"2 Thieves","floor":18,"turns":4},{"damage":23,"enemies":"Shell Parasite","floor":20,"turns":3},{"damage":10,"enemies":"Centurion and Healer","floor":22,"turns":4},{"damage":26,"enemies":"Slavers","floor":28,"turns":1}],"seed_played":"-1755300528977743977","potions_obtained":[{"floor":7,"key":"Weak Potion"},{"floor":14,"key":"Block Potion"},{"floor":18,"key":"FocusPotion"},{"floor":20,"key":"FairyPotion"}],"is_trial":false,"path_per_floor":["M","?","?","?","?","?","?","?"],"character_chosen":"DEFECT","items_purchased":["Melter","Capacitor"],"campfire_rested":0,"item_purchase_floors":[5,5],"current_hp_per_floor":[63,61,61,61,61,61,61,61,61,50,49,49,49,39,39,15,57,58,58,37,16,8,8,8,8,8,8,0],"gold":407,"neow_bonus":"BOSS_RELIC","is_prod":false,"is_daily":false,"chose_seed":false,"campfire_upgraded":5,"win_rate":0,"timestamp":1548233366,"path_taken":["M","?","?","?","$","R","M","R","T","E","M","$","?","M","R","BOSS","M","?","M","?","M","R","?","R","T","?","E"],"build_version":"2019-01-22","purchased_purges":2,"victory":false,"max_hp_per_floor":[71,71,71,71,71,71,71,71,71,71,71,71,71,71,71,71,71,71,71,71,71,71,71,71,71,71,71,71],"card_choices":[{"not_picked":["Leap","Ball Lightning"],"picked":"Coolheaded","floor":1},{"not_picked":["Capacitor","Redo"],"picked":"Coolheaded","floor":2},{"not_picked":["Sweeping Beam","Darkness"],"picked":"Streamline","floor":7},{"not_picked":["Sweeping Beam","Reinforced Body"],"picked":"Go for the Eyes","floor":10},{"not_picked":["Melter","Undo"],"picked":"Chaos","floor":11},{"not_picked":["Double Energy","Lockon"],"picked":"Streamline","floor":14},{"not_picked":["Echo Form","Fission"],"picked":"All For One","floor":16},{"not_picked":["Steam Power","FTL"],"picked":"Gash","floor":18},{"not_picked":["Aggregate","Sweeping Beam"],"picked":"Sunder+1","floor":20},{"not_picked":["Rebound","Static Discharge+1"],"picked":"Auto Shields","floor":22}],"player_experience":1044746,"relics_obtained":[{"floor":9,"key":"Blood Vial"},{"floor":10,"key":"StoneCalendar"},{"floor":21,"key":"Nilry\u0027s Codex"},{"floor":26,"key":"MawBank"}],"event_choices":[{"damage_healed":0,"gold_gain":0,"player_choice":"Leave","damage_taken":0,"max_hp_gain":0,"max_hp_loss":0,"event_name":"The Cleric","floor":3,"gold_loss":0},{"damage_healed":0,"gold_gain":150,"player_choice":"AGREE","damage_taken":0,"max_hp_gain":0,"max_hp_loss":0,"event_name":"Liars Game","floor":4,"gold_loss":0,"cards_obtained":["Doubt"]},{"damage_healed":0,"gold_gain":0,"player_choice":"Upgraded","damage_taken":0,"max_hp_gain":0,"max_hp_loss":0,"event_name":"Upgrade Shrine","floor":13,"gold_loss":0,"cards_upgraded":["Chaos"]},{"damage_healed":0,"gold_gain":0,"player_choice":"Simplicity","damage_taken":0,"max_hp_gain":0,"max_hp_loss":0,"event_name":"Back to Basics","floor":19,"gold_loss":0,"cards_upgraded":["Strike_B","Strike_B","Strike_B","Strike_B","Defend_B","Defend_B","Defend_B","Defend_B"]},{"damage_healed":0,"gold_gain":0,"player_choice":"Obtained Book","damage_taken":21,"max_hp_gain":0,"max_hp_loss":0,"event_name":"Cursed Tome","floor":21,"gold_loss":0},{"damage_healed":0,"gold_gain":0,"cards_transformed":["Strike_B","Strike_B"],"player_choice":"Became Test Subject","damage_taken":0,"max_hp_gain":0,"max_hp_loss":0,"event_name":"Drug Dealer","floor":24,"gold_loss":0,"cards_obtained":["All For One","Amplify"]},{"damage_healed":0,"gold_gain":200,"player_choice":"Gold","damage_taken":0,"max_hp_gain":0,"max_hp_loss":0,"event_name":"Wheel of Change","floor":27,"gold_loss":0}],"is_beta":true,"boss_relics":[{"not_picked":["Velvet Choker","Busted Crown"],"picked":"Coffee Dripper"}],"items_purged_floors":[5,12],"is_endless":false,"potions_floor_spawned":[7,14,18,20],"killed_by":"Slavers","ascension_level":20}