{"gold_per_floor":[112,187,202,43,43,43,68,16,16,29,41,41,68,84,84,182,182,198,198,198,213,21,50,50,50,50,50,76,76,96,114,114,215,215,230,230,1,18,18,18,51,51,76,76,88,88,99,124,124,124],"floor_reached":51,"playtime":2084,"items_purged":["Doubt"],"score":906,"play_id":"ca609bdc-e02d-4b62-932b-b3a3703ab96c","local_time":"20190812010301","is_ascension_mode":true,"campfire_choices":[{"data":"Zap","floor":6,"key":"SMITH"},{"data":"Glacier","floor":12,"key":"SMITH"},{"data":"Defragment","floor":15,"key":"SMITH"},{"floor":24,"key":"REST"},{"data":"Seek","floor":25,"key":"SMITH"},{"floor":29,"key":"REST"},{"data":"Consume","floor":32,"key":"SMITH"},{"data":"Capacitor","floor":40,"key":"SMITH"},{"data":"Reboot","floor":42,"key":"SMITH"},{"data":"Dualcast","floor":49,"key":"SMITH"}],"neow_cost":"NONE","seed_source_timestamp":128330555412000,"circlet_count":0,"master_deck":["Defend_B","Defend_B","Defend_B","Defend_B","Zap+1","Dualcast+1","Streamline+1","Rebound","Capacitor+1","Glacier+1","Compile Driver","Self Repair","Conserve Battery","Defragment+1","Go for the Eyes+1","Barrage+1","Consume+1","Electrodynamics","Hologram","Sunder+1","Necronomicurse","Master of Strategy","Seek+1","Bite+1","Bite+1","Bite+1","Bite+1","Bite+1","Beam Cell+1","Cold Snap+1","Go for the Eyes+1","Reboot+1","Double Energy+1","Conserve Battery+1","Hologram+1","Conserve Battery+1","Buffer+1","FTL+1"],"relics":["Cracked Core","Omamori","Molten Egg 2","WingedGreaves","Calling Bell","Art of War","Frozen Egg 2","StoneCalendar","Necronomicon","Symbiotic Virus","PreservedInsect","Juzu Bracelet","Eternal Feather","Bag of Preparation","Shuriken","Bag of Marbles","Anchor","Mercury Hourglass"],"potions_floor_usage":[33,41,50,50],"damage_taken":[{"damage":1,"enemies":"2 Louse","floor":1,"turns":2},{"damage":1,"enemies":"Cultist","floor":3,"turns":3},{"damage":11,"enemies":"Lagavulin","floor":7,"turns":5},{"damage":2,"enemies":"Jaw Worm","floor":10,"turns":4},{"damage":12,"enemies":"Exordium Wildlife","floor":11,"turns":5},{"damage":12,"enemies":"Gremlin Nob","floor":13,"turns":4},{"damage":0,"enemies":"Large Slime","floor":14,"turns":4},{"damage":19,"enemies":"Hexaghost","floor":16,"turns":11},{"damage":8,"enemies":"Shell Parasite","floor":18,"turns":7},{"damage":5,"enemies":"Chosen","floor":21,"turns":3},{"damage":48,"enemies":"Book of Stabbing","floor":23,"turns":6},{"damage":30,"enemies":"Slavers","floor":28,"turns":3},{"damage":0,"enemies":"Centurion and Healer","floor":30,"turns":4},{"damage":0,"enemies":"3 Cultists","floor":31,"turns":2},{"damage":31,"enemies":"Champ","floor":33,"turns":8},{"damage":4,"enemies":"3 Shapes","floor":35,"turns":5},{"damage":17,"enemies":"3 Darklings","floor":38,"turns":4},{"damage":34,"enemies":"Reptomancer","floor":41,"turns":6},{"damage":0,"enemies":"4 Shapes","floor":45,"turns":4},{"damage":0,"enemies":"Jaw Worm Horde","floor":47,"turns":2},{"damage":33,"enemies":"Giant Head","floor":48,"turns":7},{"damage":11,"enemies":"Awakened One","floor":50,"turns":10}],"seed_played":"-4264848238941229661","potions_obtained":[{"floor":1,"key":"LiquidBronze"},{"floor":10,"key":"Weak Potion"},{"floor":13,"key":"Explosive Potion"},{"floor":14,"key":"Strength Potion"},{"floor":33,"key":"Regen Potion"},{"floor":47,"key":"Ancient Potion"}],"is_trial":false,"path_per_floor":["M","?","M","$","?","R","E","$","T","M","M","R","E","M","R","B",null,"M","?","?","M","$","E","R","R","T","?","E","R","M","M","R","B",null,"M","?","$","M","?","R","E","R","T","?","M","T","M","E","R","B",null],"character_chosen":"DEFECT","items_purchased":["Capacitor","Glacier","Compile Driver","Conserve Battery","Master of Strategy","Bag of Preparation"],"campfire_rested":2,"item_purchase_floors":[4,4,4,8,22,37],"current_hp_per_floor":[81,70,69,69,69,69,58,58,58,63,58,58,46,53,53,41,82,81,81,65,67,67,26,50,50,50,50,29,46,57,57,57,42,57,57,57,57,50,57,57,39,57,57,57,57,57,57,37,57,57],"gold":124,"neow_bonus":"TEN_PERCENT_HP_BONUS","is_prod":false,"is_daily":false,"chose_seed":false,"campfire_upgraded":8,"win_rate":0,"timestamp":1565539381,"path_taken":["M","?","M","$","?","R","E","$","T","M","M","R","E","M","R","BOSS","M","?","?","M","?","E","R","R","T","?","E","R","M","M","R","BOSS","M","?","$","M","?","R","E","R","T","?","M","?","M","E","R","BOSS"],"build_version":"2019-07-17","purchased_purges":1,"victory":true,"max_hp_per_floor":[82,82,82,82,82,82,82,82,82,82,82,82,82,82,82,82,82,82,82,82,82,82,82,82,82,82,57,57,57,57,57,57,57,57,57,57,57,57,57,57,57,57,57,57,57,57,57,57,57,57],"card_choices":[{"not_picked":["Hello World","Beam Cell"],"picked":"Streamline","floor":1},{"not_picked":["Streamline","Storm"],"picked":"Rebound","floor":3},{"not_picked":["Go for the Eyes","Recycle"],"picked":"Self Repair","floor":7},{"not_picked":["Stack","Barrage+1"],"picked":"Defragment","floor":10},{"not_picked":["Steam","Reinforced Body"],"picked":"Go for the Eyes+1","floor":11},{"not_picked":["Compile Driver+1","Beam Cell+1"],"picked":"Barrage+1","floor":13},{"not_picked":["Leap","Beam Cell+1"],"picked":"Consume","floor":14},{"not_picked":["Machine Learning","Meteor Strike+1"],"picked":"Electrodynamics","floor":16},{"not_picked":["Rip and Tear+1","Barrage+1"],"picked":"Hologram","floor":18},{"not_picked":["Turbo+1","Auto Shields","Redo"],"picked":"SKIP","floor":21},{"not_picked":["Chaos","Darkness"],"picked":"Seek","floor":23},{"not_picked":["Auto Shields","Steam Power"],"picked":"Beam Cell+1","floor":28},{"not_picked":["Storm+1","Streamline+1"],"picked":"Cold Snap+1","floor":30},{"not_picked":["Chaos+1","Steam"],"picked":"Go for the Eyes+1","floor":31},{"not_picked":["Meteor Strike+1","Machine Learning+1"],"picked":"Reboot","floor":33},{"not_picked":["Hologram+1","Storm+1"],"picked":"Double Energy+1","floor":35},{"not_picked":["Go for the Eyes+1","Gash+1"],"picked":"Conserve Battery+1","floor":38},{"not_picked":["Double Energy+1","Scrape+1"],"picked":"Hologram+1","floor":41},{"not_picked":["Sweeping Beam+1","FTL+1"],"picked":"Conserve Battery+1","floor":45},{"not_picked":["Storm+1","Beam Cell+1"],"picked":"Buffer+1","floor":47},{"not_picked":["Ball Lightning+1","Gash+1"],"picked":"FTL+1","floor":48}],"player_experience":127971,"relics_obtained":[{"floor":7,"key":"Omamori"},{"floor":9,"key":"Molten Egg 2"},{"floor":13,"key":"WingedGreaves"},{"floor":17,"key":"Art of War"},{"floor":17,"key":"Frozen Egg 2"},{"floor":17,"key":"StoneCalendar"},{"floor":20,"key":"Necronomicon"},{"floor":23,"key":"Symbiotic Virus"},{"floor":26,"key":"PreservedInsect"},{"floor":28,"key":"Juzu Bracelet"},{"floor":41,"key":"Shuriken"},{"floor":43,"key":"Bag of Marbles"},{"floor":46,"key":"Anchor"},{"floor":48,"key":"Mercury Hourglass"}],"event_choices":[{"damage_healed":0,"gold_gain":75,"player_choice":"Gather Gold","damage_taken":11,"max_hp_gain":0,"max_hp_loss":0,"event_name":"World of Goop","floor":2,"gold_loss":0},{"damage_healed":0,"gold_gain":0,"player_choice":"Upgraded","damage_taken":0,"max_hp_gain":0,"max_hp_loss":0,"event_name":"Upgrade Shrine","floor":5,"gold_loss":0,"cards_upgraded":["Streamline"]},{"damage_healed":0,"gold_gain":0,"player_choice":"Read","damage_taken":0,"max_hp_gain":0,"max_hp_loss":0,"event_name":"The Library","floor":19,"gold_loss":0,"cards_obtained":["Sunder"]},{"damage_healed":0,"gold_gain":0,"player_choice":"Obtained Book","damage_taken":16,"max_hp_gain":0,"max_hp_loss":0,"event_name":"Cursed Tome","floor":20,"gold_loss":0},{"damage_healed":0,"gold_gain":0,"player_choice":"Became a vampire","damage_taken":0,"max_hp_gain":0,"max_hp_loss":25,"event_name":"Vampires","floor":27,"gold_loss":0,"cards_obtained":["Bite","Bite","Bite","Bite","Bite"]},{"damage_healed":0,"gold_gain":0,"player_choice":"Ignored","damage_taken":0,"max_hp_gain":0,"max_hp_loss":0,"event_name":"Tomb of Lord Red Mask","floor":36,"gold_loss":0},{"damage_healed":7,"gold_gain":0,"player_choice":"Full Heal","damage_taken":0,"max_hp_gain":0,"max_hp_loss":0,"event_name":"Wheel of Change","floor":39,"gold_loss":0},{"damage_healed":0,"gold_gain":0,"player_choice":"Ignored","damage_taken":0,"max_hp_gain":0,"max_hp_loss":0,"event_name":"Mysterious Sphere","floor":44,"gold_loss":0}],"is_beta":false,"boss_relics":[{"not_picked":["Cursed Key","Pandora\u0027s Box"],"picked":"Calling Bell"},{"not_picked":["FrozenCore","Lizard Tail"],"picked":"Eternal Feather"}],"items_purged_floors":[37],"is_endless":false,"potions_floor_spawned":[1,10,13,14,28,30,33,38,47,48],"ascension_level":3}