{"gold_per_floor":[112,126,20,20,37,37,37,37,62,93,51,51,81,81],"floor_reached":14,"playtime":267,"items_purged":[],"score":196,"play_id":"a296d800-8c5d-40f2-9b60-1e0b6cef8bf0","local_time":"20190202120441","is_ascension_mode":true,"campfire_choices":[{"data":"Melter","floor":6,"key":"SMITH"}],"neow_cost":"NONE","seed_source_timestamp":34599131425803,"circlet_count":0,"master_deck":["AscendersBane","Strike_B","Strike_B+1","Strike_B","Strike_B+1","Defend_B","Defend_B","Defend_B","Zap+1","Dualcast","Melter+1","Conserve Battery","Undo","Auto Shields","Defragment"],"relics":["Busted Crown","Lantern","Oddly Smooth Stone","Blue Candle"],"potions_floor_usage":[12,13],"damage_taken":[{"damage":4,"enemies":"Jaw Worm","floor":1,"turns":4},{"damage":0,"enemies":"Cultist","floor":2,"turns":3},{"damage":7,"enemies":"Small Slimes","floor":5,"turns":3},{"damage":22,"enemies":"3 Sentries","floor":10,"turns":9},{"damage":0,"enemies":"Blue Slaver","floor":12,"turns":1},{"damage":8,"enemies":"Lagavulin","floor":13,"turns":6},{"damage":6,"enemies":"Exordium Wildlife","floor":14,"turns":1}],"seed_played":"3599337006948124252","potions_obtained":[{"floor":2,"key":"SmokeBomb"},{"floor":10,"key":"Strength Potion"}],"is_trial":false,"path_per_floor":["M","M","$","?","M","R","?","?","T","E","$","M","E","M"],"character_chosen":"DEFECT","items_purchased":["Melter","Conserve Battery","Defragment"],"campfire_rested":0,"item_purchase_floors":[3,3,11],"current_hp_per_floor":[60,60,60,60,53,53,32,32,32,10,10,10,2,0],"gold":81,"neow_bonus":"BOSS_RELIC","is_prod":false,"is_daily":false,"chose_seed":false,"campfire_upgraded":1,"win_rate":0,"timestamp":1549137881,"path_taken":["M","M","$","?","?","R","?","?","T","E","$","M","E","M"],"build_version":"2019-01-23","purchased_purges":0,"victory":false,"max_hp_per_floor":[71,71,71,71,71,71,71,71,71,71,71,71,71,71],"card_choices":[{"not_picked":[],"picked":"Undo","floor":5},{"not_picked":[],"picked":"Auto Shields","floor":10}],"player_experience":1097050,"relics_obtained":[{"floor":9,"key":"Lantern"},{"floor":10,"key":"Oddly Smooth Stone"},{"floor":13,"key":"Blue Candle"}],"event_choices":[{"cards_removed":["Defend_B"],"damage_healed":0,"gold_gain":0,"player_choice":"Offered Basic","damage_taken":0,"max_hp_gain":0,"max_hp_loss":0,"event_name":"Bonfire Elementals","floor":4,"gold_loss":0},{"damage_healed":0,"gold_gain":0,"player_choice":"Entered Light","damage_taken":21,"max_hp_gain":0,"max_hp_loss":0,"event_name":"Shining Light","floor":7,"gold_loss":0,"cards_upgraded":["Strike_B","Strike_B"]},{"damage_healed":0,"gold_gain":0,"player_choice":"Grow","damage_taken":0,"max_hp_gain":0,"max_hp_loss":0,"event_name":"Living Wall","floor":8,"gold_loss":0,"cards_upgraded":["Zap"]}],"is_beta":true,"boss_relics":[],"items_purged_floors":[],"is_endless":false,"potions_floor_spawned":[2,10],"killed_by":"Exordium Wildlife","ascension_level":20}