{"gold_per_floor":[114,114,130,130,147,147,43,73,73,89,108,119,44,58,58,134,134,134],"floor_reached":18,"playtime":288,"items_purged":[],"score":328,"play_id":"36d43f00-f426-40d7-a19f-405724198f94","local_time":"20190228235116","is_ascension_mode":true,"campfire_choices":[{"data":"Whirlwind","floor":6.0,"key":"SMITH"},{"data":"Flex","floor":15,"key":"SMITH"}],"neow_cost":"NONE","seed_source_timestamp":24081045237541,"circlet_count":0,"master_deck":["AscendersBane","Strike_R","Strike_R","Strike_R","Strike_R","Strike_R","Defend_R","Defend_R","Bash+1","Headbutt","Clash","Whirlwind+1","Rage","Flex","Flex+1","Clash","Offering"],"special_seed":0,"relics":["Burning Blood","NeowsBlessing","Shuriken","Potion Belt","Art of War","Philosopher\u0027s Stone"],"potions_floor_usage":[10,11,14,14],"damage_taken":[{"damage":0.0,"enemies":"Jaw Worm","floor":1.0,"turns":1.0},{"damage":0.0,"enemies":"Cultist","floor":3.0,"turns":1.0},{"damage":0.0,"enemies":"2 Louse","floor":5.0,"turns":1.0},{"damage":23.0,"enemies":"3 Sentries","floor":8.0,"turns":4.0},{"damage":5,"enemies":"Exordium Thugs","floor":10,"turns":2},{"damage":4,"enemies":"3 Louse","floor":11,"turns":3},{"damage":0,"enemies":"Red Slaver","floor":12,"turns":1},{"damage":5,"enemies":"Large Slime","floor":14,"turns":3},{"damage":48,"enemies":"Slime Boss","floor":16,"turns":9},{"damage":0,"enemies":"3 Byrds","floor":18,"turns":1}],"seed_played":"7364966988499460143","potions_obtained":[{"floor":8.0,"key":"SteroidPotion"},{"floor":10,"key":"SteroidPotion"},{"floor":11,"key":"AttackPotion"},{"floor":12,"key":"GamblersBrew"},{"floor":16,"key":"Explosive Potion"}],"is_trial":false,"path_per_floor":["M","?","M","?","M","R","?","E","T","M","M","M","?","M","R","B",null,"M"],"character_chosen":"IRONCLAD","items_purchased":[],"campfire_rested":0,"item_purchase_floors":[],"current_hp_per_floor":[74,74,75,75,75,75,75,58,58,59,61,67,67,68,68,26,63,63],"gold":134,"neow_bonus":"THREE_ENEMY_KILL","is_prod":false,"is_daily":false,"chose_seed":false,"campfire_upgraded":2,"win_rate":0,"timestamp":1551426676,"path_taken":["M","?","?","?","?","R","?","E","T","M","M","?","?","M","R","BOSS","M"],"build_version":"2019-02-06","purchased_purges":0,"victory":false,"max_hp_per_floor":[75,75,75,75,75,75,75,75,75,75,75,75,75,75,75,75,75,75],"card_choices":[{"not_picked":["Pommel Strike","Evolve"],"picked":"Headbutt","floor":1.0},{"not_picked":["True Grit","Sentinel"],"picked":"Clash","floor":3.0},{"not_picked":["Pommel Strike","Iron Wave"],"picked":"Rage","floor":5.0},{"not_picked":["Iron Wave","Pummel"],"picked":"Flex","floor":8.0},{"not_picked":["Feel No Pain","Headbutt"],"picked":"Flex","floor":11},{"not_picked":["Headbutt","Corruption"],"picked":"Clash","floor":14},{"not_picked":["Fiend Fire","Brutality"],"picked":"Offering","floor":16}],"player_experience":1244699,"relics_obtained":[{"floor":8.0,"key":"Potion Belt"},{"floor":9.0,"key":"Art of War"}],"event_choices":[{"damage_healed":0.0,"max_hp_gain":0.0,"max_hp_loss":0.0,"gold_gain":0.0,"event_name":"Upgrade Shrine","player_choice":"Upgraded","floor":2.0,"gold_loss":0.0,"damage_taken":0.0,"cards_upgraded":["Bash"]},{"damage_healed":0.0,"max_hp_gain":0.0,"max_hp_loss":0.0,"gold_gain":0.0,"cards_transformed":["Defend_R"],"event_name":"Transmorgrifier","player_choice":"Transformed","floor":4.0,"gold_loss":0.0,"damage_taken":0.0,"cards_obtained":["Whirlwind"]},{"damage_healed":0.0,"max_hp_gain":0.0,"max_hp_loss":0.0,"gold_gain":0.0,"event_name":"WeMeetAgain","player_choice":"Paid Gold","floor":7.0,"gold_loss":104.0,"damage_taken":0.0,"relics_obtained":["Shuriken"]},{"cards_removed":["Defend_R"],"damage_healed":0,"gold_gain":0,"player_choice":"Card Removal","damage_taken":0,"max_hp_gain":0,"max_hp_loss":0,"event_name":"The Cleric","floor":13,"gold_loss":75}],"is_beta":true,"boss_relics":[{"not_picked":["Black Blood","Coffee Dripper"],"picked":"Philosopher\u0027s Stone"}],"items_purged_floors":[],"is_endless":false,"potions_floor_spawned":[8,10,11,12,16],"killed_by":"3 Byrds","ascension_level":20}