{"gold_per_floor":[116,116,116,136,156,189,189,189,268,302,302,302,302,132,162,261,261,278,278,296,315,332,366,366,396,396,396,427,77,89,89,89,194,194,213,213,225,75,93,128,128,153,180,194,206,0,33,33,33,33],"floor_reached":51,"playtime":2217,"items_purged":["Strike_R"],"score":1076,"play_id":"7d8b4fcd-e98e-4230-8146-b7175c6a202f","local_time":"20190826163548","is_ascension_mode":true,"campfire_choices":[{"data":"Inflame","floor":7,"key":"SMITH"},{"floor":13,"key":"DIG"},{"floor":15,"key":"DIG"},{"data":"Body Slam","floor":24,"key":"SMITH"},{"floor":32,"key":"DIG"},{"floor":41,"key":"DIG"},{"floor":49,"key":"DIG"}],"neow_cost":"NONE","seed_source_timestamp":531916567192400,"circlet_count":0,"master_deck":["Strike_R+1","Strike_R","Strike_R+1","Defend_R","Defend_R","Defend_R","Defend_R+1","Bash","Sentinel","Inflame+1","Body Slam+1","Spot Weakness","Anger+1","Flame Barrier","Finesse","Immolate","RitualDagger","Power Through","Battle Trance","Cleave+1","Double Tap","Havoc+1","Panache","Heavy Blade+1","Warcry","Shrug It Off","Inflame","Sword Boomerang+1","Disarm+1"],"relics":["Black Blood","Centennial Puzzle","WarpedTongs","PreservedInsect","Bottled Flame","Shovel","Dodecahedron","Tiny Chest","Whetstone","Paper Frog","Unceasing Top","Blue Candle","Bag of Marbles","Ancient Tea Set","Bag of Preparation","Busted Crown","Vajra","Charon\u0027s Ashes","Shuriken","Regal Pillow","Juzu Bracelet","Red Mask","Blood Vial","Oddly Smooth Stone"],"potions_floor_usage":[10,22,23,28,33,50,50],"damage_taken":[{"damage":5,"enemies":"Small Slimes","floor":1,"turns":4},{"damage":7,"enemies":"Cultist","floor":4,"turns":5},{"damage":4,"enemies":"2 Louse","floor":5,"turns":2},{"damage":27,"enemies":"Lagavulin","floor":6,"turns":7},{"damage":7,"enemies":"3 Sentries","floor":10,"turns":4},{"damage":5,"enemies":"Hexaghost","floor":16,"turns":9},{"damage":32,"enemies":"Spheric Guardian","floor":18,"turns":6},{"damage":20,"enemies":"2 Thieves","floor":20,"turns":4},{"damage":7,"enemies":"Centurion and Healer","floor":21,"turns":6},{"damage":4,"enemies":"Snake Plant","floor":22,"turns":4},{"damage":8,"enemies":"Slavers","floor":23,"turns":3},{"damage":19,"enemies":"Book of Stabbing","floor":25,"turns":4},{"damage":13,"enemies":"Gremlin Leader","floor":28,"turns":2},{"damage":7,"enemies":"Chosen and Byrds","floor":30,"turns":4},{"damage":56,"enemies":"Automaton","floor":33,"turns":10},{"damage":0,"enemies":"3 Darklings","floor":35,"turns":3},{"damage":0,"enemies":"3 Shapes","floor":37,"turns":4},{"damage":1,"enemies":"Transient","floor":39,"turns":5},{"damage":0,"enemies":"Reptomancer","floor":40,"turns":2},{"damage":9,"enemies":"Giant Head","floor":42,"turns":2},{"damage":0,"enemies":"Jaw Worm Horde","floor":44,"turns":1},{"damage":0,"enemies":"Maw","floor":45,"turns":4},{"damage":27,"enemies":"Nemesis","floor":47,"turns":3},{"damage":57,"enemies":"Time Eater","floor":50,"turns":8}],"seed_played":"-4190733471502107887","potions_obtained":[{"floor":1,"key":"SpeedPotion"},{"floor":6,"key":"Dexterity Potion"},{"floor":21,"key":"AttackPotion"},{"floor":22,"key":"Block Potion"},{"floor":23,"key":"Explosive Potion"},{"floor":25,"key":"FearPotion"},{"floor":28,"key":"Explosive Potion"},{"floor":39,"key":"FairyPotion"},{"floor":44,"key":"SteroidPotion"},{"floor":47,"key":"LiquidBronze"}],"is_trial":false,"path_per_floor":["M","?","?","M","M","E","R","?","T","E","?","$","R","$","R","B",null,"M","?","M","M","M","E","R","E","T","?","E","$","M","T","R","B",null,"M","?","M","$","M","E","R","E","T","M","M","?","E","?","R","B",null],"character_chosen":"IRONCLAD","items_purchased":["Finesse","Panache","Bag of Marbles","Vajra"],"campfire_rested":0,"item_purchase_floors":[14,29,29,38],"current_hp_per_floor":[80,62,62,61,63,42,42,26,26,25,25,25,25,25,25,26,67,45,39,29,32,38,40,40,31,31,57,54,54,57,57,57,11,63,73,73,80,80,80,80,80,80,80,80,80,80,63,63,63,18],"gold":33,"neow_bonus":"TRANSFORM_CARD","is_prod":false,"is_daily":false,"chose_seed":false,"campfire_upgraded":2,"win_rate":0,"timestamp":1566804948,"path_taken":["M","?","?","M","?","E","R","?","T","E","?","?","R","$","R","BOSS","M","?","M","M","M","E","R","E","T","?","E","?","?","?","R","BOSS","M","?","?","?","M","E","R","E","T","M","M","?","E","?","R","BOSS"],"build_version":"2019-07-17","purchased_purges":1,"victory":true,"max_hp_per_floor":[80,80,80,80,80,80,80,80,80,80,80,80,80,80,80,80,80,80,80,80,80,80,80,80,80,80,80,80,80,80,80,80,80,80,80,80,80,80,80,80,80,80,80,80,80,80,80,80,80,80],"card_choices":[{"not_picked":["Seeing Red","Sword Boomerang"],"picked":"Inflame","floor":1},{"not_picked":["Havoc","Combust"],"picked":"Body Slam","floor":4},{"not_picked":["Rampage","Perfected Strike"],"picked":"Spot Weakness","floor":5},{"not_picked":["Wild Strike","Clothesline"],"picked":"Anger","floor":6},{"not_picked":["Dropkick","Feel No Pain"],"picked":"Flame Barrier","floor":10},{"not_picked":["Double Tap","Feed"],"picked":"Immolate","floor":16},{"not_picked":["Anger","Seeing Red"],"picked":"Havoc","floor":18},{"not_picked":["Hemokinesis+1","Anger"],"picked":"Power Through","floor":20},{"not_picked":["Rupture","Headbutt"],"picked":"Battle Trance","floor":21},{"not_picked":["Wild Strike+1","Rampage"],"picked":"Cleave+1","floor":22},{"not_picked":["Blood for Blood","Clash","Demon Form"],"picked":"SKIP","floor":23},{"not_picked":["Bloodletting","Body Slam"],"picked":"Double Tap","floor":25},{"not_picked":["Warcry","Anger"],"picked":"Havoc+1","floor":28},{"not_picked":["Heavy Blade","Warcry","Armaments"],"picked":"SKIP","floor":30},{"not_picked":[],"picked":"Heavy Blade+1","floor":35},{"not_picked":[],"picked":"Shrug It Off","floor":37},{"not_picked":[],"picked":"Inflame","floor":39},{"not_picked":["Pommel Strike"],"picked":"SKIP","floor":40},{"not_picked":["Rampage+1"],"picked":"SKIP","floor":42},{"not_picked":["Cleave+1"],"picked":"SKIP","floor":44},{"not_picked":[],"picked":"Sword Boomerang+1","floor":45},{"not_picked":[],"picked":"Disarm+1","floor":47}],"player_experience":251668,"relics_obtained":[{"floor":6,"key":"PreservedInsect"},{"floor":9,"key":"Bottled Flame"},{"floor":10,"key":"Shovel"},{"floor":13,"key":"Dodecahedron"},{"floor":15,"key":"Tiny Chest"},{"floor":23,"key":"Whetstone"},{"floor":25,"key":"Paper Frog"},{"floor":26,"key":"Unceasing Top"},{"floor":28,"key":"Blue Candle"},{"floor":31,"key":"Ancient Tea Set"},{"floor":32,"key":"Bag of Preparation"},{"floor":40,"key":"Charon\u0027s Ashes"},{"floor":41,"key":"Shuriken"},{"floor":42,"key":"Regal Pillow"},{"floor":43,"key":"Juzu Bracelet"},{"floor":47,"key":"Blood Vial"},{"floor":49,"key":"Oddly Smooth Stone"}],"event_choices":[{"damage_healed":0,"gold_gain":0,"player_choice":"Success","damage_taken":18,"relics_obtained":["Centennial Puzzle"],"max_hp_gain":0,"max_hp_loss":0,"event_name":"Scrap Ooze","floor":2,"gold_loss":0},{"damage_healed":0,"gold_gain":0,"player_choice":"Rummage","damage_taken":0,"relics_obtained":["WarpedTongs"],"max_hp_gain":0,"max_hp_loss":0,"event_name":"Accursed Blacksmith","floor":3,"gold_loss":0,"cards_obtained":["Pain"]},{"damage_healed":0,"gold_gain":0,"player_choice":"Entered Light","damage_taken":16,"max_hp_gain":0,"max_hp_loss":0,"event_name":"Shining Light","floor":8,"gold_loss":0,"cards_upgraded":["Strike_R","Defend_R"]},{"cards_removed":["Pain"],"damage_healed":0,"gold_gain":0,"player_choice":"Forget","damage_taken":0,"max_hp_gain":0,"max_hp_loss":0,"event_name":"Living Wall","floor":11,"gold_loss":0},{"damage_healed":0,"gold_gain":0,"player_choice":"Joined the Cult","damage_taken":6,"max_hp_gain":0,"max_hp_loss":0,"event_name":"Nest","floor":19,"gold_loss":0,"cards_obtained":["RitualDagger"]},{"damage_healed":26,"gold_gain":0,"player_choice":"Heal","damage_taken":0,"max_hp_gain":0,"max_hp_loss":0,"event_name":"The Library","floor":27,"gold_loss":0},{"damage_healed":0,"gold_gain":0,"player_choice":"1 cards matched","damage_taken":0,"max_hp_gain":0,"max_hp_loss":0,"event_name":"Match and Keep!","floor":36,"gold_loss":0,"cards_obtained":["Warcry"]},{"damage_healed":0,"gold_gain":0,"player_choice":"Paid","damage_taken":0,"relics_obtained":["Red Mask"],"max_hp_gain":0,"max_hp_loss":0,"event_name":"Tomb of Lord Red Mask","floor":46,"gold_loss":206},{"cards_removed":["Havoc"],"damage_healed":0,"gold_gain":0,"player_choice":"Removed Skill","damage_taken":0,"max_hp_gain":0,"max_hp_loss":0,"event_name":"Falling","floor":48,"gold_loss":0}],"is_beta":false,"boss_relics":[{"not_picked":["Sozu","Calling Bell"],"picked":"Black Blood"},{"not_picked":["White Beast Statue","Astrolabe"],"picked":"Busted Crown"}],"items_purged_floors":[14],"is_endless":false,"potions_floor_spawned":[1,6,21,22,23,25,28,39,44,47],"ascension_level":5}