{"gold_per_floor":[113,188,188,53,53,78,97,97,97,97,116,131,131,145,145,220,220,240,114,29,42,42,42,53,83,83,83,19,29,29,61,61,61],"floor_reached":33,"playtime":944,"items_purged":["Strike_G"],"score":641,"play_id":"bf73f308-ae29-41f4-9791-6f3f249fcde0","local_time":"20190320084330","is_ascension_mode":true,"campfire_choices":[{"data":"Neutralize","floor":8,"key":"SMITH"},{"data":"Cloak And Dagger","floor":10,"key":"SMITH"},{"data":"Sucker Punch","floor":13,"key":"SMITH"},{"data":"Riddle With Holes","floor":15,"key":"SMITH"},{"data":"Malaise","floor":23,"key":"SMITH"},{"floor":27,"key":"REST"},{"floor":32,"key":"REST"}],"neow_cost":"NONE","seed_source_timestamp":538164807366,"circlet_count":0,"master_deck":["AscendersBane","Defend_G","Defend_G","Defend_G","Defend_G","Defend_G","Survivor","Neutralize+1","Cloak And Dagger+1","Terror","Sucker Punch+1","Bouncing Flask","Choke","Deflect","Riddle With Holes+1","Malaise+1","Footwork","Noxious Fumes","Dagger Spray","Backflip+1","Eviscerate","Footwork","Dagger Spray+1","Bite","Bite","Bite","Bite","Bite","Acrobatics"],"relics":["Ring of the Snake","NeowsBlessing","The Courier","Paper Crane","Snecko Eye","Nunchaku","Bronze Scales","Sundial","Dead Branch"],"potions_floor_usage":[16,25,25],"damage_taken":[{"damage":0,"enemies":"Jaw Worm","floor":1,"turns":1},{"damage":0,"enemies":"Gremlin Nob","floor":6,"turns":1},{"damage":0,"enemies":"Small Slimes","floor":7,"turns":1},{"damage":0,"enemies":"Cultist","floor":11,"turns":2},{"damage":6,"enemies":"Large Slime","floor":12,"turns":5},{"damage":2,"enemies":"Blue Slaver","floor":14,"turns":3},{"damage":24,"enemies":"Slime Boss","floor":16,"turns":13},{"damage":6,"enemies":"Chosen","floor":18,"turns":4},{"damage":2,"enemies":"Spheric Guardian","floor":21,"turns":4},{"damage":8,"enemies":"Centurion and Healer","floor":24,"turns":5},{"damage":31,"enemies":"Slavers","floor":25,"turns":6},{"damage":7,"enemies":"Snake Plant","floor":29,"turns":4},{"damage":22,"enemies":"Book of Stabbing","floor":31,"turns":6},{"damage":31,"enemies":"Collector","floor":33,"turns":3}],"seed_played":"-6726603612772881758","potions_obtained":[{"floor":6,"key":"GhostInAJar"},{"floor":12,"key":"Weak Potion"},{"floor":18,"key":"EssenceOfSteel"},{"floor":24,"key":"GhostInAJar"}],"is_trial":false,"path_per_floor":["M","?","?","$","?","E","M","R","T","R","M","M","R","M","R","B",null,"M","$","?","M","?","R","M","E","T","R","$","M","?","E","R","B"],"character_chosen":"THE_SILENT","items_purchased":["Terror","Sucker Punch","Noxious Fumes","Footwork"],"campfire_rested":2,"item_purchase_floors":[4,4,19,28],"current_hp_per_floor":[59,48,48,48,48,48,48,48,48,48,48,42,42,40,40,16,54,48,48,48,46,46,46,38,7,7,26,26,19,19,7,20,0],"gold":61,"neow_bonus":"THREE_ENEMY_KILL","is_prod":false,"is_daily":false,"chose_seed":false,"campfire_upgraded":5,"win_rate":0,"timestamp":1553096610,"path_taken":["M","?","?","$","?","E","M","R","T","R","?","M","R","M","R","BOSS","M","$","?","M","?","R","M","E","T","R","$","M","?","E","R","BOSS"],"build_version":"2019-03-15","purchased_purges":1,"victory":false,"max_hp_per_floor":[66,66,66,66,66,66,66,66,66,66,66,66,66,66,66,66,66,66,66,66,66,66,66,66,66,66,66,66,66,46,46,46,46],"card_choices":[{"not_picked":["Outmaneuver","Slice"],"picked":"Cloak And Dagger","floor":1},{"not_picked":["PiercingWail","Flying Knee"],"picked":"Bouncing Flask","floor":6},{"not_picked":["Dodge and Roll","Quick Slash"],"picked":"Choke","floor":7},{"not_picked":["Acrobatics","Outmaneuver"],"picked":"Deflect","floor":11},{"not_picked":["Deflect","Accuracy"],"picked":"Riddle With Holes","floor":12},{"not_picked":["Storm of Steel","Tools of the Trade"],"picked":"Malaise","floor":16},{"not_picked":["Sucker Punch","Prepared"],"picked":"Footwork","floor":18},{"not_picked":["Acrobatics","Blade Dance"],"picked":"Dagger Spray","floor":21},{"not_picked":["Quick Slash+1","Deflect"],"picked":"Backflip+1","floor":24},{"not_picked":["Sucker Punch","Terror"],"picked":"Eviscerate","floor":25},{"not_picked":["Deadly Poison","Calculated Gamble"],"picked":"Dagger Spray+1","floor":29},{"not_picked":["Deflect","Acrobatics","Tactician"],"picked":"SKIP","floor":31},{"not_picked":["Deflect","Tactician"],"picked":"Acrobatics","floor":31}],"player_experience":1329280,"relics_obtained":[{"floor":6,"key":"The Courier"},{"floor":9,"key":"Paper Crane"},{"floor":25,"key":"Bronze Scales"},{"floor":26,"key":"Sundial"},{"floor":31,"key":"Dead Branch"}],"event_choices":[{"damage_healed":0,"gold_gain":75,"player_choice":"Gather Gold","damage_taken":11,"max_hp_gain":0,"max_hp_loss":0,"event_name":"World of Goop","floor":2,"gold_loss":0},{"damage_healed":0,"gold_gain":0,"player_choice":"Leave","damage_taken":0,"max_hp_gain":0,"max_hp_loss":0,"event_name":"The Cleric","floor":3,"gold_loss":0},{"damage_healed":0,"gold_gain":0,"player_choice":"0 cards matched","damage_taken":0,"max_hp_gain":0,"max_hp_loss":0,"event_name":"Match and Keep!","floor":5,"gold_loss":0,"cards_obtained":[]},{"damage_healed":0,"gold_gain":0,"player_choice":"Obtained Relic","damage_taken":0,"relics_obtained":["Nunchaku"],"max_hp_gain":0,"max_hp_loss":0,"event_name":"Addict","floor":20,"gold_loss":85},{"damage_healed":0,"gold_gain":0,"player_choice":"Ignored","damage_taken":0,"max_hp_gain":0,"max_hp_loss":0,"event_name":"Beggar","floor":22,"gold_loss":0},{"damage_healed":0,"gold_gain":0,"player_choice":"Became a vampire","damage_taken":0,"max_hp_gain":0,"max_hp_loss":20,"event_name":"Vampires","floor":30,"gold_loss":0,"cards_obtained":["Bite","Bite","Bite","Bite","Bite"]}],"is_beta":true,"boss_relics":[{"not_picked":["Black Star","Runic Pyramid"],"picked":"Snecko Eye"}],"items_purged_floors":[19],"is_endless":false,"potions_floor_spawned":[6,12,14,18,24],"killed_by":"Collector","ascension_level":20}