{"gold_per_floor":[117,34,34,109,120,120,135,135,160,170,199,199,46,63,63,142,142,153,167,187,198,11,11,29,29,84,84,84,84,114,39,39,116,116,132,182,0,10,20,20,46,46,46,66,66,83,111,211,211,211,211],"floor_reached":52,"playtime":2405,"items_purged":["Strike_R"],"score":1960,"play_id":"d83754b0-7ee2-4688-90b9-e95c71665cb2","local_time":"20190809001335","is_ascension_mode":true,"campfire_choices":[{"data":"Bash","floor":6.0,"key":"SMITH"},{"data":"Armaments","floor":8.0,"key":"SMITH"},{"data":"Clothesline","floor":12.0,"key":"SMITH"},{"data":"True Grit","floor":15.0,"key":"SMITH"},{"data":"True Grit","floor":23.0,"key":"SMITH"},{"data":"Whirlwind","floor":27,"key":"SMITH"},{"data":"Disarm","floor":29,"key":"SMITH"},{"data":"Inflame","floor":32,"key":"SMITH"},{"data":"Uppercut","floor":40,"key":"SMITH"},{"floor":49,"key":"REST"}],"neow_cost":"NONE","seed_source_timestamp":3298422134078,"circlet_count":0,"master_deck":["AscendersBane","Strike_R+1","Strike_R+1","Strike_R+1","Defend_R+1","Defend_R+1","Defend_R+1","Defend_R+1","Bash+1","Carnage","Clothesline+1","Armaments+1","Battle Trance","Feed","Shrug It Off","Cleave","True Grit+1","Impervious","Feel No Pain+1","Whirlwind+1","True Grit+1","Disarm+1","Shrug It Off","Inflame+1","Reaper","Pommel Strike","Uppercut+1","Entrench","Burning Pact+1"],"special_seed":0,"relics":["Snecko Eye","PreservedInsect","Vajra","Philosopher\u0027s Stone","Anchor","Matryoshka","Busted Crown","Du-Vu Doll","Red Mask","Self Forming Clay","Potion Belt","Regal Pillow","Molten Egg 2","Champion Belt"],"potions_floor_usage":[33,33,44,50],"damage_taken":[{"damage":0.0,"enemies":"Cultist","floor":1.0,"turns":2.0},{"damage":2.0,"enemies":"2 Louse","floor":5.0,"turns":2.0},{"damage":1.0,"enemies":"Small Slimes","floor":7.0,"turns":2.0},{"damage":1.0,"enemies":"3 Louse","floor":10.0,"turns":4.0},{"damage":5.0,"enemies":"3 Sentries","floor":11.0,"turns":2.0},{"damage":1.0,"enemies":"Blue Slaver","floor":14.0,"turns":4.0},{"damage":19.0,"enemies":"Slime Boss","floor":16.0,"turns":8.0},{"damage":0.0,"enemies":"Spheric Guardian","floor":18.0,"turns":3.0},{"damage":9.0,"enemies":"Shell Parasite","floor":19.0,"turns":4.0},{"damage":0.0,"enemies":"3 Cultists","floor":20.0,"turns":3.0},{"damage":2.0,"enemies":"Centurion and Healer","floor":21.0,"turns":5.0},{"damage":11.0,"enemies":"Snecko","floor":24.0,"turns":9.0},{"damage":0,"enemies":"Slavers","floor":30,"turns":4},{"damage":18,"enemies":"Automaton","floor":33,"turns":9},{"damage":8,"enemies":"3 Darklings","floor":35,"turns":5},{"damage":15,"enemies":"2 Orb Walkers","floor":36,"turns":4},{"damage":0,"enemies":"3 Shapes","floor":38,"turns":3},{"damage":0,"enemies":"Sphere and 2 Shapes","floor":39,"turns":2},{"damage":8,"enemies":"Giant Head","floor":41,"turns":6},{"damage":0,"enemies":"Writhing Mass","floor":44,"turns":7},{"damage":41,"enemies":"Jaw Worm Horde","floor":46,"turns":6},{"damage":0,"enemies":"Nemesis","floor":47,"turns":7},{"damage":34,"enemies":"Mind Bloom Boss Battle","floor":48,"turns":10},{"damage":31,"enemies":"Donu and Deca","floor":50,"turns":14},{"damage":56,"enemies":"Awakened One","floor":51,"turns":22}],"seed_played":"-708020768179186433","potions_obtained":[{"floor":1.0,"key":"Explosive Potion"},{"floor":10.0,"key":"Explosive Potion"},{"floor":16.0,"key":"FairyPotion"},{"floor":19.0,"key":"PowerPotion"},{"floor":24.0,"key":"PowerPotion"},{"floor":38,"key":"PowerPotion"},{"floor":39,"key":"Energy Potion"}],"is_trial":false,"path_per_floor":["M","$","$","?","M","R","M","R","T","M","E","R","$","M","R","B",null,"M","M","M","M","$","R","M","?","T","R","?","R","E","?","R","B",null,"M","?","?","M","M","R","E","$","T","M","?","M","E","?","R","B","B",null],"character_chosen":"IRONCLAD","items_purchased":["Carnage","Shrug It Off","Cleave","Disarm","Shrug It Off","Inflame"],"campfire_rested":1,"item_purchase_floors":[2,13,13,22,22,22],"current_hp_per_floor":[68,68,68,57,55,55,54,54,54,53,48,48,48,50,50,31,66,66,60,63,65,65,65,58,58,58,58,58,58,62,62,62,47,86,96,93,93,97,105,105,109,109,109,109,109,112,113,82,116,108,81],"gold":211,"neow_bonus":"BOSS_RELIC","is_prod":false,"is_daily":false,"chose_seed":false,"campfire_upgraded":9,"win_rate":0,"timestamp":1565334815,"path_taken":["M","?","$","?","M","R","M","R","T","M","E","R","$","M","R","BOSS","BOSS","M","M","M","M","$","R","M","?","T","R","?","R","E","?","R","BOSS","M","?","?","M","M","R","E","?","T","M","?","M","E","?","R","BOSS","BOSS"],"build_version":"2019-07-18","purchased_purges":1,"victory":true,"max_hp_per_floor":[75,75,75,75,75,75,75,75,75,75,75,75,75,78,78,78,78,78,81,84,88,88,88,92,92,92,92,92,92,96,96,96,99,99,99,102,102,106,109,109,109,109,109,109,109,113,113,116,116,120,124],"card_choices":[{"not_picked":["Cleave","Body Slam"],"picked":"Clothesline","floor":5.0},{"not_picked":["Havoc","Flex"],"picked":"Armaments","floor":7.0},{"not_picked":["Entrench","Armaments"],"picked":"Battle Trance","floor":10.0},{"not_picked":["Disarm","Rage"],"picked":"Feed","floor":11.0},{"not_picked":["Second Wind","Metallicize"],"picked":"True Grit","floor":14.0},{"not_picked":["Dark Embrace","Fiend Fire"],"picked":"Impervious","floor":16.0},{"not_picked":["Metallicize","Power Through"],"picked":"Feel No Pain+1","floor":18.0},{"not_picked":["Warcry","Headbutt"],"picked":"Whirlwind","floor":19.0},{"not_picked":["Clothesline","Iron Wave"],"picked":"True Grit","floor":20.0},{"not_picked":["Perfected Strike","Headbutt","Cleave"],"picked":"SKIP","floor":24.0},{"not_picked":["Sentinel","Pummel","Fire Breathing+1"],"picked":"SKIP","floor":30},{"not_picked":["Juggernaut","Brutality"],"picked":"Reaper","floor":33},{"not_picked":[],"picked":"Pommel Strike","floor":35},{"not_picked":[],"picked":"Uppercut","floor":38},{"not_picked":[],"picked":"Heavy Blade","floor":39},{"not_picked":[],"picked":"Entrench","floor":41},{"not_picked":["Thunderclap+1"],"picked":"SKIP","floor":44},{"not_picked":["Headbutt"],"picked":"SKIP","floor":46},{"not_picked":[],"picked":"Burning Pact+1","floor":47}],"player_experience":1391796,"relics_obtained":[{"floor":9.0,"key":"PreservedInsect"},{"floor":11.0,"key":"Vajra"},{"floor":26,"key":"Anchor"},{"floor":30,"key":"Matryoshka"},{"floor":36,"key":"Du-Vu Doll"},{"floor":41,"key":"Self Forming Clay"},{"floor":43,"key":"Potion Belt"},{"floor":43,"key":"Regal Pillow"},{"floor":47,"key":"Molten Egg 2"},{"floor":48,"key":"Champion Belt"}],"event_choices":[{"damage_healed":0.0,"max_hp_gain":0.0,"max_hp_loss":0.0,"gold_gain":75.0,"event_name":"World of Goop","player_choice":"Gather Gold","floor":4.0,"gold_loss":0.0,"damage_taken":11.0},{"damage_healed":0,"gold_gain":0,"player_choice":"Simplicity","damage_taken":0,"max_hp_gain":0,"max_hp_loss":0,"event_name":"Back to Basics","floor":28,"gold_loss":0,"cards_upgraded":["Strike_R","Strike_R","Strike_R","Strike_R","Defend_R","Defend_R","Defend_R","Defend_R"]},{"cards_removed":["Strike_R"],"damage_healed":0,"gold_gain":0,"player_choice":"Gave Gold","damage_taken":0,"max_hp_gain":0,"max_hp_loss":0,"event_name":"Beggar","floor":31,"gold_loss":75},{"damage_healed":0,"gold_gain":0,"player_choice":"Fight","damage_taken":0,"max_hp_gain":0,"max_hp_loss":0,"event_name":"Mysterious Sphere","floor":36,"gold_loss":0},{"damage_healed":0,"gold_gain":0,"player_choice":"Paid","damage_taken":0,"relics_obtained":["Red Mask"],"max_hp_gain":0,"max_hp_loss":0,"event_name":"Tomb of Lord Red Mask","floor":37,"gold_loss":182},{"cards_removed":["Heavy Blade"],"damage_healed":0,"gold_gain":0,"player_choice":"Removed Attack","damage_taken":0,"max_hp_gain":0,"max_hp_loss":0,"event_name":"Falling","floor":45,"gold_loss":0},{"damage_healed":0,"gold_gain":0,"player_choice":"Fight","damage_taken":0,"max_hp_gain":0,"max_hp_loss":0,"event_name":"MindBloom","floor":48,"gold_loss":0}],"is_beta":true,"boss_relics":[{"not_picked":["White Beast Statue","Velvet Choker"],"picked":"Philosopher\u0027s Stone"},{"not_picked":["Lizard Tail","Orrery"],"picked":"Busted Crown"}],"items_purged_floors":[13],"is_endless":false,"potions_floor_spawned":[1,10,16,19,24,30,38,39,41],"ascension_level":20}