{"gold_per_floor":[119,69,69,83,100,100,126,126,126,153,169,204,216,141,141,241,241,224,224,240,240,47,47,47,74,129,158,158,11,22,48,48,48],"floor_reached":33,"playtime":1790,"items_purged":["Strike_R","Strike_R+1","Strike_R"],"score":337,"play_id":"dad10265-46d2-454b-978f-718b0096c324","local_time":"20190221190021","is_ascension_mode":true,"campfire_choices":[{"data":"Armaments","floor":6,"key":"SMITH"},{"data":"Shockwave","floor":8,"key":"SMITH"},{"floor":15,"key":"REST"},{"data":"Jack Of All Trades","floor":23,"key":"SMITH"},{"floor":28,"key":"REST"},{"floor":32,"key":"REST"}],"neow_cost":"NONE","seed_source_timestamp":596395758214,"circlet_count":0,"master_deck":["Strike_R+1","Defend_R","Defend_R","Defend_R","Defend_R","Bash","Shockwave+1","Armaments+1","Entrench","True Grit","Shrug It Off","Jack Of All Trades+1","Shockwave","Warcry","True Grit"],"relics":["Sozu","Gremlin Horn","Whetstone","Molten Egg 2","Orichalcum","Runic Pyramid","PreservedInsect","Ancient Tea Set","Bronze Scales","Art of War"],"potions_floor_usage":[],"damage_taken":[{"damage":1,"enemies":"Cultist","floor":1,"turns":3},{"damage":0,"enemies":"2 Louse","floor":4,"turns":2},{"damage":0,"enemies":"Jaw Worm","floor":5,"turns":3},{"damage":19,"enemies":"3 Sentries","floor":7,"turns":11},{"damage":17,"enemies":"Gremlin Nob","floor":10,"turns":4},{"damage":10,"enemies":"Looter","floor":11,"turns":2},{"damage":23,"enemies":"3 Sentries","floor":12,"turns":10},{"damage":0,"enemies":"Exordium Thugs","floor":13,"turns":4},{"damage":10,"enemies":"Hexaghost","floor":16,"turns":14},{"damage":12,"enemies":"2 Thieves","floor":18,"turns":4},{"damage":16,"enemies":"Colosseum Slavers","floor":19,"turns":6},{"damage":0,"enemies":"Shell Parasite","floor":20,"turns":7},{"damage":13,"enemies":"Slavers","floor":25,"turns":10},{"damage":4,"enemies":"Book of Stabbing","floor":27,"turns":7},{"damage":4,"enemies":"Snecko","floor":30,"turns":9},{"damage":16,"enemies":"Slavers","floor":31,"turns":5},{"damage":56,"enemies":"Automaton","floor":33,"turns":18}],"seed_played":"-1557950063654924186","potions_obtained":[],"is_trial":false,"path_per_floor":["M","?","$","M","M","R","E","R","T","E","M","E","M","$","R","B",null,"M","?","M","?","$","R","$","E","T","E","R","$","M","E","R","B"],"character_chosen":"IRONCLAD","items_purchased":["Jack Of All Trades","Warcry"],"campfire_rested":3,"item_purchase_floors":[22,29],"current_hp_per_floor":[79,79,79,79,79,79,60,60,60,43,33,10,10,10,34,24,80,68,52,52,37,37,37,37,24,24,20,45,45,41,25,50,0],"gold":48,"neow_bonus":"BOSS_RELIC","is_prod":false,"is_daily":false,"chose_seed":false,"campfire_upgraded":3,"win_rate":0,"timestamp":1550804421,"path_taken":["M","?","$","M","M","R","E","R","T","E","M","E","M","$","R","BOSS","M","?","M","?","$","R","$","E","T","E","R","$","M","E","R","BOSS"],"build_version":"2019-02-06","purchased_purges":3,"victory":false,"max_hp_per_floor":[80,80,80,80,80,80,80,80,80,80,80,80,80,80,80,80,80,80,80,80,85,85,85,85,85,85,85,85,85,85,85,85,85],"card_choices":[{"not_picked":["Rupture","Clothesline"],"picked":"Shockwave","floor":1},{"not_picked":["Anger","Sword Boomerang"],"picked":"Armaments","floor":4},{"not_picked":["Second Wind","Double Tap"],"picked":"Entrench","floor":7},{"not_picked":["Bloodletting","Thunderclap","Pommel Strike"],"picked":"SKIP","floor":10},{"not_picked":["Hemokinesis+1","Metallicize"],"picked":"True Grit","floor":11},{"not_picked":["Carnage+1","Whirlwind+1"],"picked":"Shrug It Off","floor":13},{"not_picked":["Searing Blow+1","Reaper+1"],"picked":"Shockwave","floor":27},{"not_picked":["Perfected Strike+1","Clothesline+1"],"picked":"True Grit","floor":31}],"player_experience":1200920,"relics_obtained":[{"floor":7,"key":"Gremlin Horn"},{"floor":9,"key":"Whetstone"},{"floor":10,"key":"Molten Egg 2"},{"floor":12,"key":"Orichalcum"},{"floor":25,"key":"PreservedInsect"},{"floor":26,"key":"Ancient Tea Set"},{"floor":27,"key":"Bronze Scales"},{"floor":31,"key":"Art of War"}],"event_choices":[{"cards_removed":["Strike_R"],"damage_healed":0,"gold_gain":0,"player_choice":"Card Removal","damage_taken":0,"max_hp_gain":0,"max_hp_loss":0,"event_name":"The Cleric","floor":2,"gold_loss":50},{"damage_healed":0,"gold_gain":0,"player_choice":"Fight","damage_taken":0,"max_hp_gain":0,"max_hp_loss":0,"event_name":"Colosseum","floor":19,"gold_loss":0},{"damage_healed":0,"gold_gain":0,"player_choice":"Fled From Nobs","damage_taken":0,"max_hp_gain":0,"max_hp_loss":0,"event_name":"Colosseum","floor":19,"gold_loss":0},{"damage_healed":0,"gold_gain":0,"player_choice":"Shed Blood","damage_taken":20,"max_hp_gain":5,"max_hp_loss":0,"event_name":"Forgotten Altar","floor":21,"gold_loss":0}],"is_beta":true,"boss_relics":[{"not_picked":["Snecko Eye","Fusion Hammer"],"picked":"Runic Pyramid"}],"items_purged_floors":[14,22,29],"is_endless":false,"potions_floor_spawned":[1,5,12,25,27,30,31],"killed_by":"Automaton","ascension_level":1}