{"gold_per_floor":[111,5,22,22,22,22,53,53,80,80,91,91,102,177,177,251,251,262,11,11,58,82,94,123,150,212,224,236],"floor_reached":28,"playtime":1317,"items_purged":["Genetic Algorithm"],"score":432,"play_id":"2484b5ba-90c2-4aa3-a906-722886012f74","local_time":"20190214151019","is_ascension_mode":true,"campfire_choices":[{"data":"Ball Lightning","floor":6.0,"key":"SMITH"},{"data":"Coolheaded","floor":8.0,"key":"SMITH"},{"data":"Conserve Battery","floor":10.0,"key":"SMITH"},{"data":"Ball Lightning","floor":15.0,"key":"SMITH"},{"data":"Rainbow","floor":23.0,"key":"SMITH"}],"neow_cost":"NONE","seed_source_timestamp":0,"circlet_count":0,"master_deck":["AscendersBane","Dualcast","Hologram+1","Ball Lightning+1","Coolheaded+1","Conserve Battery+1","Ball Lightning+1","Capacitor","Creative AI","Rainbow+1","Coolheaded","Machine Learning","Reinforced Body","Cold Snap","Defragment","Cold Snap","Leap","Cold Snap","Hello World","Reinforced Body+1","Multi-Cast","Skim"],"special_seed":0,"relics":["Snecko Eye","Anchor","Orichalcum","Pandora\u0027s Box","MawBank","Juzu Bracelet"],"potions_floor_usage":[24,28],"damage_taken":[{"damage":4.0,"enemies":"Small Slimes","floor":1.0,"turns":5.0},{"damage":13.0,"enemies":"Jaw Worm","floor":3.0,"turns":4.0},{"damage":4.0,"enemies":"Lagavulin","floor":7.0,"turns":7.0},{"damage":0.0,"enemies":"Cultist","floor":11.0,"turns":3.0},{"damage":0.0,"enemies":"Blue Slaver","floor":13.0,"turns":4.0},{"damage":28.0,"enemies":"Slime Boss","floor":16.0,"turns":7.0},{"damage":28.0,"enemies":"Chosen","floor":18.0,"turns":5.0},{"damage":0.0,"enemies":"Spheric Guardian","floor":22.0,"turns":5.0},{"damage":4,"enemies":"Snake Plant","floor":24,"turns":8},{"damage":10,"enemies":"3 Cultists","floor":25,"turns":5},{"damage":31,"enemies":"Gremlin Leader","floor":28,"turns":10}],"seed_played":"-7867886548438190548","potions_obtained":[{"floor":3.0,"key":"Strength Potion"},{"floor":7.0,"key":"Strength Potion"},{"floor":13.0,"key":"LiquidBronze"},{"floor":22.0,"key":"Regen Potion"}],"is_trial":false,"path_per_floor":["M","$","M","?","?","R","E","R","T","R","M","?","M","?","R","B",null,"M","$","?","T","M","R","M","M","T","?","E"],"character_chosen":"DEFECT","items_purchased":["Ball Lightning","Coolheaded","Defragment","Cold Snap","Leap"],"campfire_rested":0,"item_purchase_floors":[2,2,19,19,19],"current_hp_per_floor":[60,60,47,47,71,71,67,67,67,67,67,60,60,49,49,21,59,31,31,31,31,31,31,42,32,32,32,1],"gold":236,"neow_bonus":"BOSS_RELIC","is_prod":false,"is_daily":false,"chose_seed":false,"campfire_upgraded":5,"win_rate":0,"timestamp":1550185819,"path_taken":["M","$","M","?","?","R","E","R","T","R","?","?","M","?","R","BOSS","M","$","?","?","M","R","M","?","T","?","E"],"build_version":"2019-02-06","purchased_purges":1,"victory":false,"max_hp_per_floor":[71,71,71,71,71,71,71,71,71,71,71,71,71,71,71,71,71,71,71,71,71,71,71,71,71,71,71,71],"card_choices":[{"not_picked":["Steam Power","Gash"],"picked":"Hologram","floor":1.0},{"not_picked":["Gash","White Noise"],"picked":"Conserve Battery","floor":3.0},{"not_picked":["Genetic Algorithm","Capacitor"],"picked":"Ball Lightning","floor":11.0},{"not_picked":["Rebound","Leap"],"picked":"Capacitor","floor":13.0},{"not_picked":["Core Surge","Biased Cognition"],"picked":"Creative AI","floor":16.0},{"not_picked":["Compile Driver","Tempest+1"],"picked":"Cold Snap","floor":18.0},{"not_picked":["Undo","Darkness"],"picked":"Cold Snap","floor":22.0},{"not_picked":["Stack","Reprogram"],"picked":"Hello World","floor":24},{"not_picked":["Beam Cell","Ball Lightning+1"],"picked":"Reinforced Body+1","floor":25}],"player_experience":1162577,"relics_obtained":[{"floor":7.0,"key":"Anchor"},{"floor":9.0,"key":"Orichalcum"},{"floor":21.0,"key":"MawBank"},{"floor":26,"key":"Juzu Bracelet"}],"event_choices":[{"damage_healed":0.0,"max_hp_gain":0.0,"max_hp_loss":0.0,"gold_gain":0.0,"event_name":"Living Wall","player_choice":"Grow","floor":4.0,"gold_loss":0.0,"damage_taken":0.0,"cards_upgraded":["Hologram"]},{"damage_healed":24.0,"max_hp_gain":0.0,"max_hp_loss":0.0,"gold_gain":0.0,"event_name":"Wheel of Change","player_choice":"Full Heal","floor":5.0,"gold_loss":0.0,"damage_taken":0.0},{"cards_removed":["Strike_B"],"damage_healed":0.0,"max_hp_gain":0.0,"max_hp_loss":0.0,"gold_gain":0.0,"event_name":"Golden Wing","player_choice":"Card Removal","floor":12.0,"gold_loss":0.0,"damage_taken":7.0},{"damage_healed":0.0,"max_hp_gain":0.0,"max_hp_loss":0.0,"gold_gain":75.0,"event_name":"World of Goop","player_choice":"Gather Gold","floor":14.0,"gold_loss":0.0,"damage_taken":11.0},{"cards_removed":["Go for the Eyes"],"damage_healed":0.0,"max_hp_gain":0.0,"max_hp_loss":0.0,"gold_gain":0.0,"event_name":"Back to Basics","player_choice":"Elegance","floor":20.0,"gold_loss":0.0,"damage_taken":0.0},{"damage_healed":0,"gold_gain":0,"cards_transformed":["Zap","Leap"],"player_choice":"Became Test Subject","damage_taken":0,"max_hp_gain":0,"max_hp_loss":0,"event_name":"Drug Dealer","floor":27,"gold_loss":0,"cards_obtained":["Multi-Cast","Skim"]}],"is_beta":true,"boss_relics":[{"not_picked":["Sozu","Runic Dome"],"picked":"Pandora\u0027s Box"}],"items_purged_floors":[19],"is_endless":false,"potions_floor_spawned":[3,7,13,22],"killed_by":"Gremlin Leader","ascension_level":20}