{"path_per_floor":["M","?","M","$","T","R","M","R","T","$","R","T","$","M","R","B",null,"M","$","?","M","M","R","?","M","T","$","R","M","M","T","R","B",null,"M","$","?","?","$","R","M","?","T","R","M","T","R","M","R"],"character_chosen":"IRONCLAD","items_purchased":["Armaments","Shrug It Off","Cleave","Burning Pact","Inflame"],"gold_per_floor":[12,12,25,25,325,325,336,336,359,185,185,185,134,149,149,251,251,269,21,21,41,56,56,56,71,125,0,0,10,29,55,55,151,151,165,15,15,15,15,15,32,32,56,56,75,101,101,119,119],"floor_reached":50,"campfire_rested":5,"playtime":5762,"current_hp_per_floor":[80,77,76,76,76,76,80,80,80,80,80,80,80,80,80,60,80,79,79,79,62,38,62,62,40,40,40,64,66,61,61,80,26,80,71,71,71,71,71,77,60,60,60,66,42,42,74,52,80],"items_purged":["Strike_R","Strike_R","Strike_R","Strike_R"],"gold":119,"score":403,"play_id":"a22fc0d1-5968-49e0-b16c-08430e2c05ea","is_prod":false,"is_daily":false,"is_ascension_mode":false,"campfire_upgraded":6,"path_taken":["M","?","?","$","?","R","M","R","T","$","R","?","$","?","R","BOSS","M","$","?","M","M","R","?","?","T","$","R","M","M","?","R","BOSS","M","$","?","?","?","R","M","?","T","R","M","?","R","?","R","BOSS"],"build_version":"2018-02-22-PROD2","purchased_purges":5,"victory":false,"master_deck":["Strike_R","Defend_R","Defend_R","Defend_R+1","Defend_R+1","Bash+1","Armaments+1","Shrug It Off+1","Cleave+1","Demon Form+1","True Grit","Burning Pact","Inflame","Twin Strike+1","Armaments+1","Twin Strike+1","Body Slam+1","Inflame","Cleave+1","Spot Weakness","Corruption","Pommel Strike+1"],"max_hp_per_floor":[80,80,80,80,80,80,80,80,80,80,80,80,80,80,80,80,80,80,80,80,80,80,80,80,80,80,80,80,80,80,80,80,80,80,80,80,80,80,80,80,80,80,80,80,80,80,80,80,80],"relics":["Burning Blood","Gambling Chip","Molten Egg 2","Old Coin","Vajra","Champion Belt","Sozu","Omamori","Blood Vial","Eternal Feather","Toolbox","Ancient Tea Set","Dream Catcher"],"card_choices":[{"not_picked":["Berserk","Barricade"],"picked":"Demon Form"},{"not_picked":["Rage","Flame Barrier"],"picked":"True Grit"},{"not_picked":["Thunderclap","Bloodletting"],"picked":"Twin Strike"},{"not_picked":["Clothesline","Shockwave"],"picked":"Armaments"},{"not_picked":["Infernal Blade","Armaments"],"picked":"Twin Strike"},{"not_picked":["Shrug It Off","Cleave"],"picked":"Body Slam"},{"not_picked":["Reckless Charge","Burning Pact"],"picked":"Inflame"},{"not_picked":["Armaments","Dropkick"],"picked":"Cleave"},{"not_picked":["Thunderclap","Uppercut"],"picked":"Spot Weakness"},{"not_picked":["True Grit","Disarm"],"picked":"Corruption"},{"not_picked":["Metallicize","Flame Barrier"],"picked":"Pommel Strike"}],"player_experience":41338,"potions_floor_usage":[16,21],"damage_taken":[{"damage":5,"enemies":"Jaw Worm","floor":1,"turns":4},{"damage":7,"enemies":"2 Louse","floor":3,"turns":3},{"damage":2,"enemies":"Small Slimes","floor":7,"turns":4},{"damage":0,"enemies":"Red Slaver","floor":14,"turns":5},{"damage":26,"enemies":"The Guardian","floor":16,"turns":17},{"damage":7,"enemies":"Spheric Guardian","floor":18,"turns":5},{"damage":23,"enemies":"3 Byrds","floor":21,"turns":6},{"damage":30,"enemies":"Sentry and Sphere","floor":22,"turns":12},{"damage":28,"enemies":"Cultist and Chosen","floor":25,"turns":6},{"damage":4,"enemies":"Snecko","floor":29,"turns":6},{"damage":11,"enemies":"Centurion and Healer","floor":30,"turns":6},{"damage":60,"enemies":"Automaton","floor":33,"turns":10},{"damage":15,"enemies":"3 Shapes","floor":35,"turns":5},{"damage":25,"enemies":"Orb Walker","floor":41,"turns":5},{"damage":32,"enemies":"3 Darklings","floor":45,"turns":6},{"damage":30,"enemies":"Sphere and 2 Shapes","floor":48,"turns":4},{"damage":95,"enemies":"Awakened One","floor":50,"turns":12}],"event_choices":[{"event_name":"Scrap Ooze","player_choice":"success","floor":2,"damage_taken":3},{"event_name":"Wheel of Change","player_choice":"Curse","floor":20,"damage_taken":0},{"event_name":"Addict","player_choice":"Ignored","floor":24,"damage_taken":0},{"event_name":"Mysterious Sphere","player_choice":"Ignore","floor":37,"damage_taken":0},{"event_name":"Fountain of Cleansing","player_choice":"Removed Curse","floor":38,"damage_taken":0},{"event_name":"Wheel of Change","player_choice":"Relic","floor":42,"damage_taken":0}],"boss_relics":[{"not_picked":["Ectoplasm","Snecko Eye"],"picked":"Sozu"},{"not_picked":["Philosopher\u0027s Stone","Astrolabe"],"picked":"Eternal Feather"}],"potions_floor_spawned":[14,16,21,29,33,35,45],"seed_played":"-6434590643229966899","killed_by":"Awakened One","ascension_level":0,"is_trial":false}