{"gold_per_floor":[118,29,46,46,46,46,46,73,73,106,106,139,158,171,171,244,244,255,274,53,53,68,68,99,99,123,157,157,16,31,31,31,109,109,120,120,1,1],"floor_reached":38,"playtime":1808,"items_purged":["Strike_G+1"],"score":960,"play_id":"58e41926-cd47-42d8-847d-d496dfb9915b","local_time":"20190328192350","is_ascension_mode":true,"campfire_choices":[{"data":"Skewer","floor":6,"key":"SMITH"},{"data":"Footwork","floor":11,"key":"SMITH"},{"data":"Poisoned Stab","floor":15,"key":"SMITH"},{"floor":23,"key":"REST"},{"floor":25,"key":"REST"},{"floor":28,"key":"REST"},{"floor":32,"key":"REST"}],"neow_cost":"NONE","seed_source_timestamp":21141242212417,"circlet_count":0,"master_deck":["AscendersBane","Defend_G+1","Defend_G+1","Defend_G+1","Defend_G+1","Defend_G+1","Strike_G+1","Strike_G+1","Strike_G+1","Strike_G+1","Survivor","Neutralize+1","Blur","Footwork+1","Dagger Throw","Skewer+1","Flying Knee+1","Poisoned Stab+1","Poisoned Stab","Corpse Explosion","Leg Sweep","Night Terror","Escape Plan","Quick Slash+1","Footwork+1","Endless Agony+1","Crippling Poison","Backflip","Blur","Backflip","Bouncing Flask","Malaise","Backflip","Catalyst"],"relics":["Ring of the Snake","NeowsBlessing","GremlinMask","Lantern","Sundial","Whetstone","Anchor","Fusion Hammer","DollysMirror","The Courier","Happy Flower","Ice Cream","Runic Pyramid"],"potions_floor_usage":[10,10,16,21,24,35,35],"damage_taken":[{"damage":0,"enemies":"Cultist","floor":1,"turns":1},{"damage":0,"enemies":"Small Slimes","floor":3,"turns":1},{"damage":0,"enemies":"Gremlin Nob","floor":8,"turns":1},{"damage":18,"enemies":"3 Sentries","floor":10,"turns":7},{"damage":21,"enemies":"Lagavulin","floor":12,"turns":7},{"damage":0,"enemies":"2 Louse","floor":13,"turns":2},{"damage":0,"enemies":"Exordium Thugs","floor":14,"turns":4},{"damage":12,"enemies":"The Guardian","floor":16,"turns":12},{"damage":2,"enemies":"Shell Parasite","floor":18,"turns":6},{"damage":15,"enemies":"3 Byrds","floor":19,"turns":8},{"damage":0,"enemies":"Cultist and Chosen","floor":21,"turns":5},{"damage":7,"enemies":"Centurion and Healer","floor":22,"turns":7},{"damage":21,"enemies":"Gremlin Leader","floor":24,"turns":10},{"damage":32,"enemies":"Book of Stabbing","floor":27,"turns":8},{"damage":0,"enemies":"Snecko","floor":30,"turns":3},{"damage":21,"enemies":"Automaton","floor":33,"turns":13},{"damage":47,"enemies":"3 Darklings","floor":35,"turns":5},{"damage":0,"enemies":"3 Shapes","floor":38,"turns":1}],"seed_played":"2341498306086586571","potions_obtained":[{"floor":1,"key":"Explosive Potion"},{"floor":8,"key":"SteroidPotion"},{"floor":12,"key":"SmokeBomb"},{"floor":13,"key":"Poison Potion"},{"floor":22,"key":"Fire Potion"},{"floor":30,"key":"LiquidBronze"},{"floor":33,"key":"LiquidBronze"}],"is_trial":false,"path_per_floor":["M","$","M","?","?","R","?","E","T","E","R","E","M","M","R","B",null,"M","M","$","M","M","R","E","R","T","E","R","$","M","?","R","B",null,"M","?","$","M"],"character_chosen":"THE_SILENT","items_purchased":["Footwork","Dagger Throw","DollysMirror","Backflip","Blur","Backflip","Catalyst"],"campfire_rested":4,"item_purchase_floors":[2,2,20,29,29,29,37],"current_hp_per_floor":[59,59,59,59,64,64,64,64,64,46,46,25,25,25,25,13,57,55,40,40,40,33,54,33,54,54,22,43,43,43,43,64,43,64,17,13,13,13],"gold":1,"neow_bonus":"THREE_ENEMY_KILL","is_prod":false,"is_daily":false,"chose_seed":false,"campfire_upgraded":3,"win_rate":0,"timestamp":1553826230,"path_taken":["M","$","?","?","?","R","?","E","T","E","R","E","M","?","R","BOSS","M","M","$","?","M","R","E","R","T","E","R","$","M","?","R","BOSS","M","?","$","M"],"build_version":"2019-03-15","purchased_purges":1,"victory":false,"max_hp_per_floor":[66,66,66,66,71,71,71,71,71,71,71,71,71,71,71,71,71,71,71,71,71,71,71,71,71,71,71,71,71,71,71,71,71,71,71,71,71,71],"card_choices":[{"not_picked":["Prepared","Quick Slash"],"picked":"Blur","floor":1},{"not_picked":["Setup","Underhanded Strike"],"picked":"Skewer","floor":3},{"not_picked":["Acrobatics","Bane"],"picked":"Flying Knee","floor":8},{"not_picked":["PiercingWail","Escape Plan"],"picked":"Poisoned Stab","floor":10},{"not_picked":["Well Laid Plans","Tactician"],"picked":"Poisoned Stab","floor":12},{"not_picked":["Choke","Blade Dance"],"picked":"Corpse Explosion","floor":13},{"not_picked":["Acrobatics","Well Laid Plans"],"picked":"Leg Sweep","floor":14},{"not_picked":["Doppelganger","Tools of the Trade"],"picked":"Night Terror","floor":16},{"not_picked":["Dodge and Roll","Underhanded Strike"],"picked":"Escape Plan","floor":18},{"not_picked":["Backstab","Flying Knee"],"picked":"Quick Slash+1","floor":19},{"not_picked":["Dagger Throw","Slice"],"picked":"Endless Agony+1","floor":22},{"not_picked":["Quick Slash","Riddle With Holes","Prepared"],"picked":"SKIP","floor":24},{"not_picked":["Prepared","Flying Knee"],"picked":"Crippling Poison","floor":27},{"not_picked":["Masterful Stab","Bane"],"picked":"Bouncing Flask","floor":30},{"not_picked":["Doppelganger","Adrenaline"],"picked":"Malaise","floor":33},{"not_picked":["Masterful Stab","Dagger Throw"],"picked":"Backflip","floor":35}],"player_experience":1380026,"relics_obtained":[{"floor":8,"key":"Lantern"},{"floor":9,"key":"Sundial"},{"floor":10,"key":"Whetstone"},{"floor":12,"key":"Anchor"},{"floor":24,"key":"The Courier"},{"floor":26,"key":"Happy Flower"},{"floor":27,"key":"Ice Cream"}],"event_choices":[{"damage_healed":0,"gold_gain":0,"player_choice":"Grow","damage_taken":0,"max_hp_gain":0,"max_hp_loss":0,"event_name":"Living Wall","floor":4,"gold_loss":0,"cards_upgraded":["Neutralize"]},{"damage_healed":0,"gold_gain":0,"player_choice":"Donut","damage_taken":0,"max_hp_gain":5,"max_hp_loss":0,"event_name":"Big Fish","floor":5,"gold_loss":0},{"damage_healed":0,"gold_gain":0,"player_choice":"Trade","damage_taken":0,"relics_obtained":["GremlinMask"],"max_hp_gain":0,"max_hp_loss":0,"event_name":"FaceTrader","floor":7,"gold_loss":0},{"damage_healed":0,"gold_gain":0,"player_choice":"Simplicity","damage_taken":0,"max_hp_gain":0,"max_hp_loss":0,"event_name":"Back to Basics","floor":31,"gold_loss":0,"cards_upgraded":["Defend_G","Defend_G","Defend_G","Defend_G","Defend_G","Strike_G","Strike_G","Strike_G","Strike_G"]},{"damage_healed":0,"gold_gain":0,"player_choice":"Bought 0 Potions","damage_taken":0,"max_hp_gain":0,"max_hp_loss":0,"event_name":"The Woman in Blue","floor":36,"gold_loss":0}],"is_beta":true,"boss_relics":[{"not_picked":["Ring of the Serpent","Black Star"],"picked":"Fusion Hammer"},{"not_picked":["Snecko Eye","Velvet Choker"],"picked":"Runic Pyramid"}],"items_purged_floors":[37],"is_endless":false,"potions_floor_spawned":[1,8,12,13,21,22,30,33],"killed_by":"3 Shapes","ascension_level":20}