{"gold_per_floor":[111,26,26,39,39,73,73,73,73,110,122,175,30,69,69,158,158,158,71,71,71],"floor_reached":21,"playtime":439,"items_purged":["Strike_G"],"score":436,"play_id":"a230afe0-67f9-457b-851e-193c6abad933","local_time":"20190301131035","is_ascension_mode":true,"campfire_choices":[{"data":"Neutralize","floor":7,"key":"SMITH"},{"data":"Envenom","floor":11,"key":"SMITH"},{"floor":15,"key":"DIG"}],"neow_cost":"NONE","seed_source_timestamp":1862983010465,"circlet_count":0,"master_deck":["AscendersBane","Defend_G","Defend_G","Defend_G","Defend_G","Defend_G","Strike_G","Strike_G","Strike_G","Strike_G","Survivor","Neutralize+1","Envenom+1","Poisoned Stab","Deadly Poison","PiercingWail","Flechettes","Backflip","Flying Knee","Flying Knee","Glass Knife","Dash","Bane","Distraction","Writhe"],"relics":["Ring of the Snake","NeowsBlessing","Golden Idol","Juzu Bracelet","Mercury Hourglass","MawBank","Pear","Shovel","Centennial Puzzle","Ectoplasm","Potion Belt"],"potions_floor_usage":[12,16],"damage_taken":[{"damage":0,"enemies":"Jaw Worm","floor":1,"turns":1},{"damage":0,"enemies":"2 Louse","floor":4,"turns":1},{"damage":0,"enemies":"3 Sentries","floor":6,"turns":1},{"damage":5,"enemies":"Small Slimes","floor":10,"turns":4},{"damage":10,"enemies":"Lagavulin","floor":12,"turns":6},{"damage":3,"enemies":"Gremlin Nob","floor":14,"turns":3},{"damage":43,"enemies":"Slime Boss","floor":16,"turns":12},{"damage":22,"enemies":"Shell Parasite","floor":18,"turns":5},{"damage":0,"enemies":"2 Thieves","floor":21,"turns":1}],"seed_played":"8040817678366239699","potions_obtained":[{"floor":1,"key":"Fire Potion"},{"floor":10,"key":"Weak Potion"},{"floor":16,"key":"Regen Potion"}],"is_trial":false,"path_per_floor":["M","$","?","M","?","E","R","T","T","M","R","E","$","E","R","B",null,"M","$","?","M"],"character_chosen":"THE_SILENT","items_purchased":["Envenom","Backflip","Flying Knee","Bane","Distraction"],"campfire_rested":0,"item_purchase_floors":[2,13,13,19,19],"current_hp_per_floor":[59,59,59,59,59,59,59,59,59,54,54,54,54,51,51,8,55,33,33,33,33],"gold":71,"neow_bonus":"THREE_ENEMY_KILL","is_prod":false,"is_daily":false,"chose_seed":false,"campfire_upgraded":2,"win_rate":0,"timestamp":1551474635,"path_taken":["M","$","?","M","?","E","R","?","T","M","R","E","?","E","R","BOSS","M","$","?","M"],"build_version":"2019-02-06","purchased_purges":1,"victory":false,"max_hp_per_floor":[66,66,66,66,60,60,60,60,60,60,60,70,70,70,70,70,70,70,70,70,70],"card_choices":[{"not_picked":["All Out Attack","Choke"],"picked":"Poisoned Stab","floor":4},{"not_picked":["Venomology","Calculated Gamble"],"picked":"Deadly Poison","floor":6},{"not_picked":["Quick Slash","Outmaneuver"],"picked":"PiercingWail","floor":10},{"not_picked":["Acrobatics","Prepared"],"picked":"Flechettes","floor":12},{"not_picked":["Finisher","Skewer"],"picked":"Flying Knee","floor":14},{"not_picked":["Grand Finale","Adrenaline"],"picked":"Glass Knife","floor":16},{"not_picked":["Sucker Punch+1","Flying Knee"],"picked":"Dash","floor":18}],"player_experience":1253294,"relics_obtained":[{"floor":6,"key":"Juzu Bracelet"},{"floor":8,"key":"Mercury Hourglass"},{"floor":9,"key":"MawBank"},{"floor":12,"key":"Pear"},{"floor":14,"key":"Shovel"},{"floor":15,"key":"Centennial Puzzle"}],"event_choices":[{"damage_healed":0,"gold_gain":0,"player_choice":"Leave","damage_taken":0,"max_hp_gain":0,"max_hp_loss":0,"event_name":"The Cleric","floor":3,"gold_loss":0},{"damage_healed":0,"gold_gain":0,"player_choice":"Lose Max HP","damage_taken":0,"relics_obtained":["Golden Idol"],"max_hp_gain":0,"max_hp_loss":6,"event_name":"Golden Idol","floor":5,"gold_loss":0},{"damage_healed":0,"gold_gain":0,"player_choice":"Opened","damage_taken":0,"relics_obtained":["Potion Belt"],"max_hp_gain":0,"max_hp_loss":0,"event_name":"The Mausoleum","floor":20,"gold_loss":0,"cards_obtained":["Writhe"]}],"is_beta":true,"boss_relics":[{"not_picked":["White Beast Statue","Calling Bell"],"picked":"Ectoplasm"}],"items_purged_floors":[13],"is_endless":false,"potions_floor_spawned":[1,10,16],"killed_by":"2 Thieves","ascension_level":20}