{"path_per_floor":["M","M","$","M","M","R","M","R","T","R","?","E","M","M","R","B",null,"M","?","M","?","T","E","$","?","T","M","R","M","R","M","R","B",null,"M","M","$","M","$"],"character_chosen":"THE_SILENT","items_purchased":["Noxious Fumes","Block Potion","Tiny Chest","Energy Potion"],"gold_per_floor":[111,126,6,24,34,34,53,53,53,53,53,86,103,120,120,224,224,239,239,226,226,249,281,206,206,279,289,289,307,307,324,324,428,428,438,454,354,374,81],"floor_reached":40,"campfire_rested":3,"playtime":6619,"current_hp_per_floor":[67,66,66,65,65,65,65,65,65,65,51,14,11,11,32,6,70,53,53,50,50,50,38,38,38,48,30,30,29,53,27,51,4,80,66,52,52,39,39],"items_purged":["Strike_G","Strike_G","Defend_G"],"gold":81,"score":378,"play_id":"38d0ea5e-7bce-4b8d-bea0-8ef830de8c87","is_prod":false,"is_daily":false,"is_ascension_mode":true,"campfire_upgraded":4,"path_taken":["M","M","$","M","M","R","M","R","T","R","?","E","M","M","R","BOSS","M","?","?","?","?","E","$","?","T","M","R","?","R","M","R","BOSS","M","M","$","M","$","E"],"build_version":"2018-02-22-PROD2","purchased_purges":3,"victory":false,"master_deck":["Defend_G","Defend_G+1","Defend_G+1","Survivor","Neutralize+1","Backflip","Noxious Fumes+1","Backflip+1","Dagger Throw","Footwork","Tools of the Trade","Outmaneuver","Catalyst+1","Deadly Poison","Flying Knee","Catalyst","Prepared+1","Tactician","Deflect+1","Infinite Blades+1","Backflip+1","Deflect+1"],"max_hp_per_floor":[70,70,70,70,70,70,70,70,70,70,70,70,70,70,70,70,70,70,70,70,70,70,70,70,70,80,80,80,80,80,80,80,80,80,80,80,80,80,80],"relics":["Ring of the Snake","Pen Nib","Dream Catcher","The Specimen","Prayer Wheel","Anchor","Ginger","Pear","Astrolabe","Tiny Chest"],"card_choices":[{"not_picked":["Endless Agony","PiercingWail"],"picked":"Backflip"},{"not_picked":["Calculated Gamble","Eviscerate"],"picked":"Backflip"},{"not_picked":["Predator","Skewer"],"picked":"Dagger Throw"},{"not_picked":["Slice","Acrobatics"],"picked":"Blade Dance"},{"not_picked":["Glass Knife","Reflex"],"picked":"Footwork"},{"not_picked":["Burst","Unload"],"picked":"Tools of the Trade"},{"not_picked":["Poisoned Stab","Escape Plan"],"picked":"Catalyst"},{"not_picked":["Deflect","Noxious Fumes"],"picked":"Deadly Poison"},{"not_picked":["Deflect","Dagger Throw"],"picked":"Catalyst"},{"not_picked":["Acrobatics","Dagger Spray"],"picked":"Prepared"},{"not_picked":["Venomology","A Thousand Cuts"],"picked":"Tactician"},{"not_picked":["Slice","Dagger Spray"],"picked":"Deflect"}],"player_experience":106346,"potions_floor_usage":[33,40],"damage_taken":[{"damage":3.0,"enemies":"2 Louse","floor":1.0,"turns":4.0},{"damage":1.0,"enemies":"Small Slimes","floor":2.0,"turns":4.0},{"damage":1.0,"enemies":"Jaw Worm","floor":4.0,"turns":6.0},{"damage":0.0,"enemies":"Exordium Wildlife","floor":5.0,"turns":6.0},{"damage":0.0,"enemies":"Blue Slaver","floor":7.0,"turns":4.0},{"damage":37.0,"enemies":"Gremlin Nob","floor":12.0,"turns":6.0},{"damage":3.0,"enemies":"Gremlin Gang","floor":13.0,"turns":4.0},{"damage":0.0,"enemies":"2 Fungi Beasts","floor":14.0,"turns":3.0},{"damage":26.0,"enemies":"Slime Boss","floor":16.0,"turns":12.0},{"damage":17.0,"enemies":"3 Byrds","floor":18.0,"turns":5.0},{"damage":3.0,"enemies":"2 Thieves","floor":20.0,"turns":4.0},{"damage":12.0,"enemies":"Book of Stabbing","floor":23.0,"turns":10.0},{"damage":18.0,"enemies":"Centurion and Healer","floor":27.0,"turns":5.0},{"damage":1.0,"enemies":"Snecko","floor":29.0,"turns":5.0},{"damage":26.0,"enemies":"3 Cultists","floor":31.0,"turns":5.0},{"damage":47,"enemies":"Collector","floor":33,"turns":10},{"damage":14,"enemies":"3 Shapes","floor":35,"turns":7},{"damage":14,"enemies":"3 Darklings","floor":36,"turns":7},{"damage":13,"enemies":"4 Shapes","floor":38,"turns":7},{"damage":52,"enemies":"2 Orb Walkers","floor":40,"turns":5}],"event_choices":[{"event_name":"Shining Light","player_choice":"Entered Light","floor":11.0,"damage_taken":0.0},{"event_name":"The Library","player_choice":"Read","floor":19.0,"damage_taken":0.0},{"event_name":"The Mausoleum","player_choice":"Yes","floor":21.0,"damage_taken":0.0},{"event_name":"Transmorgrifier","player_choice":"Transform","floor":25.0,"damage_taken":0.0}],"boss_relics":[{"not_picked":["Snecko Eye","White Beast Statue"],"picked":"Astrolabe"}],"potions_floor_spawned":[1,2,7,23,27,29,31,36],"seed_played":"-7101794629361105481","killed_by":"2 Orb Walkers","ascension_level":1,"is_trial":false}