{"gold_per_floor":[116,128,128,21,96,96,121,121,198,198,217,217,247,258,258,258],"floor_reached":16,"playtime":263,"items_purged":[],"score":266,"play_id":"5ec715a8-9056-4dd6-9673-1141aad056f9","local_time":"20190321135616","is_ascension_mode":true,"campfire_choices":[{"data":"Neutralize","floor":6,"key":"SMITH"},{"data":"Cloak And Dagger","floor":8,"key":"SMITH"},{"data":"Dagger Spray","floor":10,"key":"SMITH"},{"data":"Deadly Poison","floor":15,"key":"SMITH"}],"neow_cost":"NONE","seed_source_timestamp":14062423548152,"circlet_count":0,"master_deck":["AscendersBane","Defend_G","Defend_G","Defend_G","Defend_G","Defend_G","Strike_G","Strike_G","Strike_G","Strike_G","Strike_G","Survivor","Neutralize+1","Cloak And Dagger+1","Poisoned Stab","Deadly Poison+1","Dagger Spray+1","Quick Slash","Backstab","Acrobatics"],"relics":["Ring of the Snake","NeowsBlessing","Thread and Needle","The Courier","Tingsha","Pantograph"],"potions_floor_usage":[13],"damage_taken":[{"damage":0,"enemies":"2 Louse","floor":1,"turns":1},{"damage":0,"enemies":"Jaw Worm","floor":2,"turns":1},{"damage":0,"enemies":"Lagavulin","floor":7,"turns":1},{"damage":0,"enemies":"Small Slimes","floor":11,"turns":2},{"damage":4,"enemies":"Gremlin Nob","floor":13,"turns":3},{"damage":36,"enemies":"Exordium Thugs","floor":14,"turns":6},{"damage":13,"enemies":"Hexaghost","floor":16,"turns":9}],"seed_played":"-9083142049054800355","potions_obtained":[{"floor":11,"key":"GamblersBrew"},{"floor":14,"key":"Strength Potion"}],"is_trial":false,"path_per_floor":["M","M","?","$","?","R","E","R","T","R","M","?","E","M","R","B"],"character_chosen":"THE_SILENT","items_purchased":["Deadly Poison","Dagger Spray"],"campfire_rested":0,"item_purchase_floors":[4,4],"current_hp_per_floor":[59,59,59,59,48,48,48,48,48,48,48,43,39,3,3,15],"gold":258,"neow_bonus":"THREE_ENEMY_KILL","is_prod":false,"is_daily":false,"chose_seed":false,"campfire_upgraded":4,"win_rate":0,"timestamp":1553201776,"path_taken":["M","M","?","$","?","R","E","R","T","R","M","?","E","M","R","BOSS"],"build_version":"2019-03-15","purchased_purges":0,"victory":false,"max_hp_per_floor":[66,66,66,66,66,66,66,66,66,66,66,66,66,66,66,66],"card_choices":[{"not_picked":["Blade Dance","Riddle With Holes"],"picked":"Cloak And Dagger","floor":1},{"not_picked":["Dodge and Roll","Backflip"],"picked":"Poisoned Stab","floor":2},{"not_picked":["Eviscerate","Choke"],"picked":"Quick Slash","floor":7},{"not_picked":["Slice","Dagger Spray"],"picked":"Backstab","floor":11},{"not_picked":["Blade Dance","Dagger Spray"],"picked":"Acrobatics","floor":13}],"player_experience":1347273,"relics_obtained":[{"floor":7,"key":"Thread and Needle"},{"floor":9,"key":"The Courier"},{"floor":13,"key":"Pantograph"}],"event_choices":[{"damage_healed":0,"gold_gain":0,"player_choice":"Leave","damage_taken":0,"max_hp_gain":0,"max_hp_loss":0,"event_name":"The Cleric","floor":3,"gold_loss":0},{"damage_healed":0,"gold_gain":75,"player_choice":"Gather Gold","damage_taken":11,"max_hp_gain":0,"max_hp_loss":0,"event_name":"World of Goop","floor":5,"gold_loss":0},{"damage_healed":0,"gold_gain":0,"player_choice":"Success","damage_taken":5,"relics_obtained":["Tingsha"],"max_hp_gain":0,"max_hp_loss":0,"event_name":"Scrap Ooze","floor":12,"gold_loss":0}],"is_beta":true,"boss_relics":[],"items_purged_floors":[],"is_endless":false,"potions_floor_spawned":[11,14],"killed_by":"Hexaghost","ascension_level":20}