{"gold_per_floor":[119,33,33,46,121,164,164,182,182,221,221],"floor_reached":11,"playtime":285,"items_purged":[],"score":142,"play_id":"5e79b2df-60eb-4c4a-bbf5-6f4811a3ba31","local_time":"20180808174458","is_ascension_mode":true,"campfire_choices":[{"floor":7,"key":"REST"}],"neow_cost":"NONE","seed_source_timestamp":801263270710233,"circlet_count":0,"master_deck":["Strike_B","Strike_B","Strike_B","Strike_B","Defend_B","Defend_B","Defend_B","Defend_B","Zap","Dualcast","AscendersBane","Redo","FTL","Leap","Compile Driver","White Noise","Compile Driver","Hello World"],"relics":["Nuclear Battery","Golden Idol","Nunchaku","Sundial","Bottled Lightning"],"potions_floor_usage":[10],"damage_taken":[{"damage":5,"enemies":"Cultist","floor":1,"turns":5},{"damage":1,"enemies":"2 Louse","floor":4,"turns":3},{"damage":20,"enemies":"Lagavulin","floor":6,"turns":7},{"damage":3,"enemies":"Small Slimes","floor":8,"turns":4},{"damage":36,"enemies":"Gremlin Nob","floor":10,"turns":5},{"damage":9,"enemies":"Exordium Wildlife","floor":11,"turns":2}],"seed_played":"-7431960596556794705","potions_obtained":[{"floor":6,"key":"Swift Potion"}],"is_trial":false,"path_per_floor":["M","$","?","M","?","E","R","M","T","E"],"character_chosen":"DEFECT","items_purchased":["FTL","Leap"],"campfire_rested":1,"item_purchase_floors":[2,2],"current_hp_per_floor":[59,59,59,58,47,27,46,43,43,7,0],"gold":221,"neow_bonus":"BOSS_RELIC","is_prod":false,"is_daily":false,"chose_seed":false,"campfire_upgraded":0,"win_rate":0,"timestamp":1533775498,"path_taken":["M","$","?","M","?","E","R","M","T","E","M"],"build_version":"2018-08-07v3","purchased_purges":0,"victory":false,"max_hp_per_floor":[71,71,64,64,64,64,64,64,64,64,64],"card_choices":[{"not_picked":["Gash","Sweeping Beam"],"picked":"Redo","floor":1},{"not_picked":["Undo","Steam Power"],"picked":"Compile Driver","floor":4},{"not_picked":["Conserve Battery","Go for the Eyes"],"picked":"White Noise","floor":6},{"not_picked":["BootSequence","Ball Lightning"],"picked":"Compile Driver","floor":8},{"not_picked":["Scrape","Stack"],"picked":"Hello World","floor":10}],"player_experience":770830,"relics_obtained":[{"floor":6,"key":"Nunchaku"},{"floor":9,"key":"Sundial"},{"floor":10,"key":"Bottled Lightning"}],"event_choices":[{"event_name":"Golden Idol","player_choice":"Lose Max HP","floor":3,"damage_taken":0},{"event_name":"World of Goop","player_choice":"Gather Gold","floor":5,"damage_taken":0}],"is_beta":true,"boss_relics":[],"items_purged_floors":[],"is_endless":false,"potions_floor_spawned":[6],"killed_by":"Exordium Wildlife","ascension_level":15}