{"gold_per_floor":[213,18,18,18,36,36,36,36,36,59,59,73,109,128,128,254,254,270,195,211,39,54,54,77,77,77,77,77,98,132,146,146,275,275,299,313,33,58,58,58,73,73,73,87,87,87,87,111,111,111],"floor_reached":50,"playtime":8884,"items_purged":["Strike_B","Strike_B","Strike_B"],"score":565,"play_id":"c4bd40de-5a7d-4e5f-9ea1-ad8c43ea32e7","local_time":"20180630004525","is_ascension_mode":true,"campfire_choices":[{"data":"Dualcast","floor":6,"key":"SMITH"},{"data":"Scrape","floor":8,"key":"SMITH"},{"data":"Zap","floor":11,"key":"SMITH"},{"data":"Beam Cell","floor":15,"key":"SMITH"},{"data":"Steam Power","floor":23,"key":"SMITH"},{"data":"Seek","floor":25,"key":"SMITH"},{"data":"Steam","floor":27,"key":"SMITH"},{"floor":32,"key":"REST"},{"floor":40,"key":"REST"},{"floor":42,"key":"REST"},{"floor":49,"key":"REST"}],"neow_cost":"","seed_source_timestamp":0,"circlet_count":0,"master_deck":["Strike_B","Defend_B","Defend_B","Defend_B","Zap+1","Dualcast+1","Hologram","Steam+1","Scrape+1","Gash","Beam Cell+1","Steam Power+1","Seek+1","Beam Cell","All For One","Gash","Beam Cell+1","Sweeping Beam+1","FTL+1","White Noise+1","Writhe","Reprogram+1","Gash+1"],"special_seed":0,"relics":["Cracked Core","Golden Idol","Meat on the Bone","Singing Bowl","Bottled Flame","White Beast Statue","Molten Egg 2","Bottled Lightning","Fusion Hammer","Bag of Preparation","Smiling Mask"],"potions_floor_usage":[16,20,20,24,30,30,30,33,33,38,38,44,44,44],"damage_taken":[{"damage":0.0,"enemies":"Small Slimes","floor":1.0,"turns":3.0},{"damage":1,"enemies":"Cultist","floor":5,"turns":3},{"damage":1,"enemies":"Jaw Worm","floor":10,"turns":2},{"damage":0,"enemies":"Looter","floor":12,"turns":2},{"damage":10,"enemies":"Lagavulin","floor":13,"turns":4},{"damage":0,"enemies":"Blue Slaver","floor":14,"turns":2},{"damage":34,"enemies":"Slime Boss","floor":16,"turns":10},{"damage":7,"enemies":"3 Byrds","floor":18,"turns":5},{"damage":20,"enemies":"Spheric Guardian","floor":20,"turns":4},{"damage":0,"enemies":"Cultist and Chosen","floor":22,"turns":4},{"damage":9,"enemies":"Centurion and Healer","floor":24,"turns":3},{"damage":6,"enemies":"3 Cultists","floor":29,"turns":3},{"damage":0,"enemies":"Book of Stabbing","floor":30,"turns":3},{"damage":0,"enemies":"Chosen and Byrds","floor":31,"turns":2},{"damage":21,"enemies":"Automaton","floor":33,"turns":6},{"damage":0,"enemies":"3 Shapes","floor":35,"turns":1},{"damage":0,"enemies":"Orb Walker","floor":36,"turns":1},{"damage":0,"enemies":"Maw","floor":38,"turns":4},{"damage":0,"enemies":"3 Darklings","floor":41,"turns":2},{"damage":10,"enemies":"4 Shapes","floor":44,"turns":3},{"damage":0,"enemies":"Sphere and 2 Shapes","floor":48,"turns":2},{"damage":106,"enemies":"Time Eater","floor":50,"turns":6}],"seed_played":"-5697943831192947156","potions_obtained":[{"floor":12,"key":"SneckoOil"},{"floor":13,"key":"GamblersBrew"},{"floor":18,"key":"Fruit Juice"},{"floor":20,"key":"AttackPotion"},{"floor":22,"key":"PowerPotion"},{"floor":24,"key":"SpeedPotion"},{"floor":29,"key":"Dexterity Potion"},{"floor":30,"key":"SteroidPotion"},{"floor":31,"key":"SpeedPotion"},{"floor":33,"key":"LiquidBronze"},{"floor":35,"key":"LiquidBronze"},{"floor":36,"key":"EssenceOfSteel"},{"floor":38,"key":"FocusPotion"},{"floor":41,"key":"AttackPotion"},{"floor":44,"key":"Energy Potion"},{"floor":48,"key":"Explosive Potion"}],"is_trial":false,"path_per_floor":["M","$","?","?","M","R","T","R","T","M","R","M","E","M","R","B",null,"M","?","M","$","M","R","M","R","T","R","?","M","E","M","R","B",null,"M","M","$","M","?","R","M","R","T","M","?","?","?","M","R"],"character_chosen":"DEFECT","items_purchased":["Steam","Scrape","All For One","Bag of Preparation"],"campfire_rested":4,"item_purchase_floors":[2,2,21,37],"current_hp_per_floor":[75,75,75,57,56,56,56,56,56,57,57,57,47,49,49,27,79,72,72,59,59,59,59,52,52,52,52,52,46,48,48,75,56,92,92,92,92,94,94,94,96,96,96,86,88,88,88,90,100,0],"gold":111,"neow_bonus":"","is_prod":false,"is_daily":false,"chose_seed":false,"campfire_upgraded":7,"win_rate":0.0,"timestamp":1530312325,"path_taken":["M","$","?","?","M","R","?","R","T","M","R","M","E","M","R","BOSS","M","?","M","$","M","R","M","R","T","R","?","M","E","?","R","BOSS","M","M","$","?","?","R","M","R","T","?","?","?","?","M","R","BOSS"],"build_version":"2018-06-28","purchased_purges":3,"victory":false,"max_hp_per_floor":[75,75,75,75,75,75,75,75,75,77,77,77,77,79,79,79,79,79,79,86,86,86,86,88,88,88,88,88,88,90,90,90,92,92,92,92,92,94,94,94,96,96,96,96,98,98,98,100,100,100],"card_choices":[{"not_picked":["Sweeping Beam","Steam Power"],"picked":"Hologram","floor":1.0},{"not_picked":["Streamline","Go for the Eyes"],"picked":"Gash","floor":5},{"not_picked":["Streamline","Double Energy","Rip and Tear"],"picked":"Singing Bowl","floor":10},{"not_picked":["Redo","Stack"],"picked":"Beam Cell","floor":12},{"not_picked":["Amplify","Streamline"],"picked":"Steam Power","floor":13},{"not_picked":["Hologram","Steam","Leap"],"picked":"Singing Bowl","floor":14},{"not_picked":["Rainbow","Amplify"],"picked":"Seek","floor":16},{"not_picked":["Streamline+1","Hologram"],"picked":"Beam Cell","floor":18},{"not_picked":["Defragment+1","Stack","Double Energy"],"picked":"Singing Bowl","floor":20},{"not_picked":["Hologram","Buffer"],"picked":"Gash","floor":22},{"not_picked":["Conserve Battery","Leap","Redo"],"picked":"Singing Bowl","floor":24},{"not_picked":["Hologram+1","Buffer"],"picked":"Beam Cell+1","floor":29},{"not_picked":["Consume","Storm","Amplify"],"picked":"Singing Bowl","floor":30},{"not_picked":["Barrage+1","Go for the Eyes+1"],"picked":"Sweeping Beam+1","floor":31},{"not_picked":["Rainbow","Amplify","Biased Cognition"],"picked":"Singing Bowl","floor":33},{"not_picked":["Cold Snap+1","Redo+1"],"picked":"FTL+1","floor":35},{"not_picked":["Aggregate","Redo+1"],"picked":"White Noise+1","floor":36},{"not_picked":["Cold Snap+1","Compile Driver+1","Double Energy"],"picked":"Singing Bowl","floor":38},{"not_picked":["Ball Lightning+1","Barrage+1","Melter+1"],"picked":"Singing Bowl","floor":41},{"not_picked":["Cold Snap+1","Sweeping Beam+1"],"picked":"Reprogram+1","floor":44},{"not_picked":["Transmutation","Trip","Bandage Up"],"picked":"Singing Bowl","floor":45},{"not_picked":["Cold Snap+1","Conserve Battery+1","Steam"],"picked":"Singing Bowl","floor":48}],"player_experience":204458,"relics_obtained":[{"floor":7,"key":"Meat on the Bone"},{"floor":9,"key":"Singing Bowl"},{"floor":13,"key":"Bottled Flame"},{"floor":26,"key":"Molten Egg 2"},{"floor":30,"key":"Bottled Lightning"},{"floor":43,"key":"Smiling Mask"}],"event_choices":[{"event_name":"Transmorgrifier","player_choice":"Skipped","floor":3,"damage_taken":0},{"event_name":"Golden Idol","player_choice":"Take Damage","floor":4,"damage_taken":0},{"event_name":"Beggar","player_choice":"Gave Gold","floor":19,"damage_taken":0},{"event_name":"Cursed Tome","player_choice":"Ignored","floor":28,"damage_taken":0},{"event_name":"Winding Halls","player_choice":"Writhe","floor":39,"damage_taken":0},{"event_name":"SensoryStone","player_choice":"Memory 1","floor":45,"damage_taken":0},{"event_name":"Duplicator","player_choice":"One dupe","floor":46,"damage_taken":0},{"event_name":"Mysterious Sphere","player_choice":"Ignore","floor":47,"damage_taken":0}],"boss_relics":[{"not_picked":["Runic Pyramid","Pandora\u0027s Box"],"picked":"White Beast Statue"},{"not_picked":["Sozu","Lizard Tail"],"picked":"Fusion Hammer"}],"items_purged_floors":[2,21,37],"is_endless":false,"potions_floor_spawned":[12,13,18,20,22,24,29,30,31,33,35,36,38,41,44,48],"killed_by":"Time Eater","ascension_level":1}