{"gold_per_floor":[113,132,132,12,23,48,74,106,195,236,248,274,299,24,24,119,119,129,144,0,0,0,0,0,0],"floor_reached":25,"playtime":931,"items_purged":["Strike_B"],"score":249,"play_id":"2ad28341-ae33-4de6-b6bc-22091e3bd9d6","local_time":"20190720235320","is_ascension_mode":true,"campfire_choices":[{"floor":11,"key":"REST"},{"floor":15,"key":"REST"},{"data":"Redo","floor":23,"key":"SMITH"}],"neow_cost":"NONE","seed_source_timestamp":556324615857673,"circlet_count":0,"master_deck":["Strike_B","Strike_B","Strike_B","Defend_B","Defend_B","Defend_B","Defend_B","Zap","Dualcast","Rebound","Chill+1","Redo+1","FTL","Glacier","Compile Driver","BootSequence","Gash","Capacitor","Seek","Rebound"],"relics":["Cracked Core","NeowsBlessing","MawBank","Bottled Lightning","Mango","Membership Card","PreservedInsect","Eternal Feather"],"potions_floor_usage":[10,16,25,25],"damage_taken":[{"damage":0,"enemies":"Cultist","floor":1,"turns":1},{"damage":0,"enemies":"2 Louse","floor":2,"turns":1},{"damage":0,"enemies":"Small Slimes","floor":5,"turns":1},{"damage":29,"enemies":"Lagavulin","floor":6,"turns":8},{"damage":5,"enemies":"Blue Slaver","floor":7,"turns":3},{"damage":0,"enemies":"Lots of Slimes","floor":8,"turns":5},{"damage":26,"enemies":"Gremlin Nob","floor":10,"turns":4},{"damage":0,"enemies":"Gremlin Gang","floor":12,"turns":4},{"damage":0,"enemies":"Large Slime","floor":13,"turns":6},{"damage":61,"enemies":"Hexaghost","floor":16,"turns":13},{"damage":13,"enemies":"3 Byrds","floor":18,"turns":8},{"damage":26,"enemies":"Spheric Guardian","floor":19,"turns":6},{"damage":45,"enemies":"Gremlin Leader","floor":25,"turns":4}],"seed_played":"-8001806965656621584","potions_obtained":[{"floor":6,"key":"AttackPotion"},{"floor":8,"key":"Swift Potion"},{"floor":10,"key":"SpeedPotion"},{"floor":12,"key":"SpeedPotion"}],"is_trial":false,"path_per_floor":["M","M","?","$","M","E","M","M","T","E","R","M","M","$","R","B",null,"M","M","?","?","$","R","$","E"],"character_chosen":"DEFECT","items_purchased":["Redo","Membership Card","PreservedInsect"],"campfire_rested":2,"item_purchase_floors":[4,14,14],"current_hp_per_floor":[75,75,75,75,75,46,41,41,41,29,55,55,55,55,81,20,89,76,50,50,33,33,45,45,0],"gold":0,"neow_bonus":"THREE_ENEMY_KILL","is_prod":false,"is_daily":false,"chose_seed":false,"campfire_upgraded":1,"win_rate":0,"timestamp":1563634400,"path_taken":["M","M","?","$","?","E","M","M","T","E","R","M","M","$","R","BOSS","M","?","?","?","?","R","$","E"],"build_version":"2019-07-17","purchased_purges":1,"victory":false,"max_hp_per_floor":[75,75,75,75,75,75,75,75,75,89,89,89,89,89,89,89,89,89,89,89,94,94,94,94,94],"card_choices":[{"not_picked":["Streamline","Compile Driver"],"picked":"Rebound","floor":1},{"not_picked":["Hologram","Scrape"],"picked":"Chill","floor":2},{"not_picked":["Turbo","Steam"],"picked":"FTL","floor":5},{"not_picked":["Steam","Conserve Battery"],"picked":"Glacier","floor":6},{"not_picked":["Stack","Hyperbeam"],"picked":"Compile Driver","floor":7},{"not_picked":["Gash","Sweeping Beam"],"picked":"BootSequence","floor":8},{"not_picked":["White Noise","Steam"],"picked":"Gash","floor":10},{"not_picked":["Heatsinks","Chaos"],"picked":"Capacitor","floor":12},{"not_picked":["Reprogram","Stack","White Noise"],"picked":"SKIP","floor":13},{"not_picked":["Fission","Biased Cognition"],"picked":"Seek","floor":16},{"not_picked":["Barrage","Aggregate+1"],"picked":"Rebound","floor":18},{"not_picked":["Ball Lightning","Streamline","Stack"],"picked":"SKIP","floor":19}],"player_experience":113537,"relics_obtained":[{"floor":6,"key":"MawBank"},{"floor":9,"key":"Bottled Lightning"},{"floor":10,"key":"Mango"}],"event_choices":[{"damage_healed":0,"gold_gain":0,"player_choice":"Upgraded","damage_taken":0,"max_hp_gain":0,"max_hp_loss":0,"event_name":"Upgrade Shrine","floor":3,"gold_loss":0,"cards_upgraded":["Chill"]},{"damage_healed":0,"gold_gain":0,"player_choice":"Paid Fearfully","damage_taken":0,"max_hp_gain":0,"max_hp_loss":0,"event_name":"Masked Bandits","floor":20,"gold_loss":144},{"damage_healed":0,"gold_gain":0,"player_choice":"Shed Blood","damage_taken":22,"max_hp_gain":5,"max_hp_loss":0,"event_name":"Forgotten Altar","floor":21,"gold_loss":0}],"is_beta":false,"boss_relics":[{"not_picked":["Philosopher\u0027s Stone","Orrery"],"picked":"Eternal Feather"}],"items_purged_floors":[4],"is_endless":false,"potions_floor_spawned":[6,8,10,12],"killed_by":"Gremlin Leader","ascension_level":1}