{"gold_per_floor":[114,114,124,124,6,6,23,23,23,41,69,69,85,102,102,178,178,189,189,200,22,39,39,49,49,49,49,49,80,130,159,159,234,234,251,251,0,0,12,12,26,26,104,204,204,216,216,227,227,227,227],"floor_reached":52,"playtime":2038,"items_purged":["Decay","Decay","Regret"],"score":1855,"play_id":"8dc0263a-a0e2-4a3f-8d7c-1023bf665a55","local_time":"20190220134259","is_ascension_mode":true,"campfire_choices":[{"data":"Footwork","floor":6.0,"key":"SMITH"},{"data":"Poisoned Stab","floor":8.0,"key":"SMITH"},{"data":"Bouncing Flask","floor":12.0,"key":"SMITH"},{"data":"Malaise","floor":15.0,"key":"SMITH"},{"data":"Envenom","floor":23.0,"key":"SMITH"},{"data":"Footwork","floor":27.0,"key":"SMITH"},{"floor":32.0,"key":"REST"},{"data":"Panacea","floor":40,"key":"SMITH"},{"data":"Footwork","floor":42,"key":"SMITH"},{"floor":49,"key":"REST"}],"neow_cost":"NONE","seed_source_timestamp":5293575198018,"circlet_count":0,"master_deck":["AscendersBane","Survivor","Neutralize+1","Leg Sweep","Footwork+1","Endless Agony","Poisoned Stab+1","Bouncing Flask+1","Dagger Spray","Backflip","Malaise+1","Corpse Explosion","Corpse Explosion","Crippling Poison","Envenom+1","Dash","Endless Agony","Glass Knife","Noxious Fumes","Bane","Terror","Venomology","PiercingWail+1","Footwork+1","PiercingWail","Prepared","Adrenaline","Footwork+1","Panacea+1","Predator+1","PiercingWail+1","Clumsy","Choke+1","After Image","After Image","Well Laid Plans"],"special_seed":0,"relics":["Cursed Key","Regal Pillow","Torii","Ninja Scroll","Pandora\u0027s Box","Anchor","Thread and Needle","Centennial Puzzle","Sozu","The Courier","Incense Burner"],"potions_floor_usage":[46],"damage_taken":[{"damage":0.0,"enemies":"2 Louse","floor":1.0,"turns":4.0},{"damage":7.0,"enemies":"Jaw Worm","floor":3.0,"turns":10.0},{"damage":0.0,"enemies":"Small Slimes","floor":7.0,"turns":4.0},{"damage":0.0,"enemies":"2 Fungi Beasts","floor":10.0,"turns":4.0},{"damage":24.0,"enemies":"3 Sentries","floor":11.0,"turns":10.0},{"damage":0.0,"enemies":"Exordium Wildlife","floor":13.0,"turns":2.0},{"damage":0.0,"enemies":"3 Louse","floor":14.0,"turns":3.0},{"damage":5.0,"enemies":"Hexaghost","floor":16.0,"turns":9.0},{"damage":7.0,"enemies":"2 Thieves","floor":18.0,"turns":2.0},{"damage":30.0,"enemies":"Spheric Guardian","floor":20.0,"turns":4.0},{"damage":1.0,"enemies":"Centurion and Healer","floor":22.0,"turns":4.0},{"damage":0.0,"enemies":"3 Cultists","floor":24.0,"turns":3.0},{"damage":4.0,"enemies":"Slavers","floor":29.0,"turns":3.0},{"damage":1.0,"enemies":"Book of Stabbing","floor":31.0,"turns":6.0},{"damage":35.0,"enemies":"Automaton","floor":33.0,"turns":12.0},{"damage":8,"enemies":"3 Darklings","floor":35,"turns":2},{"damage":2,"enemies":"Orb Walker","floor":39,"turns":4},{"damage":0,"enemies":"3 Darklings","floor":41,"turns":4},{"damage":0,"enemies":"Mind Bloom Boss Battle","floor":44,"turns":8},{"damage":1,"enemies":"Spire Growth","floor":46,"turns":6},{"damage":1,"enemies":"Transient","floor":48,"turns":6},{"damage":33,"enemies":"Donu and Deca","floor":50,"turns":9},{"damage":10,"enemies":"Awakened One","floor":51,"turns":22}],"seed_played":"-7552108833403521194","potions_obtained":[{"floor":7.0,"key":"EssenceOfSteel"},{"floor":13.0,"key":"Poison Potion"},{"floor":14.0,"key":"Block Potion"},{"floor":16.0,"key":"Explosive Potion"},{"floor":20.0,"key":"Block Potion"},{"floor":22.0,"key":"GamblersBrew"},{"floor":33.0,"key":"Ancient Potion"}],"is_trial":false,"path_per_floor":["M","?","M","T","$","R","M","R","T","M","E","R","M","M","R","B",null,"M","?","M","$","M","R","M","$","T","R","?","E","?","E","R","B",null,"M","?","$","?","M","R","M","R","T","?","?","M","?","M","R","B","B",null],"character_chosen":"THE_SILENT","items_purchased":["Endless Agony","Footwork","Footwork","Panacea"],"campfire_rested":2,"item_purchase_floors":[5,21,37,37],"current_hp_per_floor":[59,59,52,52,52,52,52,52,52,52,28,28,28,28,28,23,55,48,48,18,18,17,17,17,17,17,17,17,13,13,12,46,11,52,44,44,44,44,42,42,42,42,42,42,42,41,41,40,66,33,23],"gold":227,"neow_bonus":"BOSS_RELIC","is_prod":false,"is_daily":false,"chose_seed":false,"campfire_upgraded":8,"win_rate":0,"timestamp":1550698979,"path_taken":["M","?","M","?","$","R","M","R","T","M","E","R","?","M","R","BOSS","M","?","M","$","M","R","M","$","T","R","?","E","?","E","R","BOSS","M","?","$","?","M","R","M","R","T","?","?","?","?","M","R","BOSS","BOSS"],"build_version":"2019-02-06","purchased_purges":3,"victory":true,"max_hp_per_floor":[66,66,66,66,66,66,66,66,66,66,66,66,66,66,66,66,66,66,66,66,66,66,66,66,66,66,66,66,66,66,66,66,66,66,66,66,66,66,66,66,66,66,66,66,66,66,66,66,66,66,66],"card_choices":[{"not_picked":["Acrobatics","Choke"],"picked":"Leg Sweep","floor":1.0},{"not_picked":["Deflect","Underhanded Strike"],"picked":"Footwork","floor":3.0},{"not_picked":["Backflip","Cloak And Dagger"],"picked":"Poisoned Stab","floor":7.0},{"not_picked":["Bane","PiercingWail"],"picked":"Bouncing Flask","floor":10.0},{"not_picked":["Calculated Gamble","Tactician"],"picked":"Dagger Spray","floor":11.0},{"not_picked":["Acrobatics","Tactician"],"picked":"Backflip","floor":13.0},{"not_picked":["Dagger Spray","Cloak And Dagger"],"picked":"Malaise","floor":14.0},{"not_picked":["Phantasmal Killer","Unload"],"picked":"Corpse Explosion","floor":16.0},{"not_picked":["PiercingWail","Tactician"],"picked":"Bane","floor":18.0},{"not_picked":["Acrobatics","Terror"],"picked":"PiercingWail+1","floor":20.0},{"not_picked":["Flechettes","Deadly Poison"],"picked":"PiercingWail","floor":22.0},{"not_picked":["Distraction","Heel Hook","Slice"],"picked":"SKIP","floor":24.0},{"not_picked":["Dagger Throw","Deadly Poison"],"picked":"Prepared","floor":29.0},{"not_picked":["Venomology","Dagger Throw+1","Slice"],"picked":"SKIP","floor":31.0},{"not_picked":["Envenom","Wraith Form v2"],"picked":"Adrenaline","floor":33.0},{"not_picked":["Poisoned Stab","PiercingWail","Flying Knee+1"],"picked":"SKIP","floor":35},{"not_picked":["Concentrate","Cloak And Dagger+1"],"picked":"Predator+1","floor":39},{"not_picked":["Bouncing Flask","Blade Dance"],"picked":"PiercingWail+1","floor":41},{"not_picked":["Deflect","Flechettes+1"],"picked":"Choke+1","floor":44},{"not_picked":["Bane","Acrobatics"],"picked":"After Image","floor":46},{"not_picked":["Dagger Spray","Terror"],"picked":"Well Laid Plans","floor":48}],"player_experience":1189484,"relics_obtained":[{"floor":4.0,"key":"Regal Pillow"},{"floor":9.0,"key":"Torii"},{"floor":11.0,"key":"Ninja Scroll"},{"floor":26.0,"key":"Anchor"},{"floor":29.0,"key":"Thread and Needle"},{"floor":31.0,"key":"Centennial Puzzle"},{"floor":43,"key":"The Courier"},{"floor":44,"key":"Incense Burner"}],"event_choices":[{"damage_healed":0.0,"max_hp_gain":0.0,"max_hp_loss":0.0,"gold_gain":0.0,"event_name":"Living Wall","player_choice":"Grow","floor":2.0,"gold_loss":0.0,"damage_taken":0.0,"cards_upgraded":["Neutralize"]},{"damage_healed":0.0,"max_hp_gain":0.0,"max_hp_loss":0.0,"gold_gain":0.0,"cards_transformed":["Grand Finale","Phantasmal Killer"],"event_name":"Drug Dealer","player_choice":"Became Test Subject","floor":19.0,"gold_loss":0.0,"damage_taken":0.0,"cards_obtained":["Terror","Venomology"]},{"damage_healed":0.0,"max_hp_gain":0.0,"max_hp_loss":0.0,"gold_gain":0.0,"event_name":"The Mausoleum","player_choice":"Ignored","floor":28.0,"gold_loss":0.0,"damage_taken":0.0},{"damage_healed":0.0,"max_hp_gain":0.0,"max_hp_loss":0.0,"gold_gain":50.0,"event_name":"Nest","player_choice":"Stole From Cult","floor":30.0,"gold_loss":0.0,"damage_taken":0.0},{"damage_healed":0,"gold_gain":0,"player_choice":"Ignored","damage_taken":0,"max_hp_gain":0,"max_hp_loss":0,"event_name":"Mysterious Sphere","floor":36,"gold_loss":0},{"cards_removed":["Doppelganger"],"damage_healed":0,"gold_gain":0,"player_choice":"Removed Skill","damage_taken":0,"max_hp_gain":0,"max_hp_loss":0,"event_name":"Falling","floor":38,"gold_loss":0},{"damage_healed":0,"gold_gain":0,"player_choice":"Fight","damage_taken":0,"max_hp_gain":0,"max_hp_loss":0,"event_name":"MindBloom","floor":44,"gold_loss":0},{"damage_healed":0,"gold_gain":0,"player_choice":"Ignored","damage_taken":0,"max_hp_gain":0,"max_hp_loss":0,"event_name":"SecretPortal","floor":45,"gold_loss":0},{"damage_healed":0,"gold_gain":0,"player_choice":"Copied","damage_taken":0,"max_hp_gain":0,"max_hp_loss":0,"event_name":"Duplicator","floor":47,"gold_loss":0,"cards_obtained":["After Image"]}],"is_beta":true,"boss_relics":[{"not_picked":["HoveringKite","Black Star"],"picked":"Pandora\u0027s Box"},{"not_picked":["Astrolabe","Calling Bell"],"picked":"Sozu"}],"items_purged_floors":[5,21,37],"is_endless":false,"potions_floor_spawned":[7,13,14,16,20,22,33,41,46,48],"ascension_level":20}