{"gold_per_floor":[117,117,42,58,23,53,28,28,28,103,137,155,211,223,223,295,295,308,358,369,369,22,22,36,36,36,36,69,86,115,16,16,88,88,99,49,68,87,87,87,116,116,116,78,78],"floor_reached":45,"playtime":1641,"items_purged":["Strike_G"],"score":1007,"play_id":"fea88cd7-66b6-47ea-8409-576a1fbb23dd","local_time":"20180708225028","is_ascension_mode":true,"campfire_choices":[{"data":"Neutralize","floor":8,"key":"SMITH"},{"data":"Deadly Poison","floor":15,"key":"SMITH"},{"data":"Malaise","floor":23,"key":"SMITH"},{"data":"Footwork","floor":25,"key":"SMITH"},{"data":"Adrenaline","floor":27,"key":"SMITH"},{"floor":32,"key":"REST"},{"data":"Concentrate","floor":40,"key":"SMITH"}],"neow_cost":"NONE","seed_source_timestamp":91421204985452,"circlet_count":0,"master_deck":["Defend_G","Defend_G+1","Defend_G","Defend_G","Defend_G","Strike_G","Strike_G","Strike_G","Strike_G","Survivor","Neutralize+1","AscendersBane","Well Laid Plans+1","Dagger Spray","Underhanded Strike","Deadly Poison+1","Leg Sweep","Deadly Poison","Terror","Dash","Adrenaline+1","Deadly Poison","Backstab","Malaise+1","Footwork+1","Endless Agony","Deadly Poison","All Out Attack","Deadly Poison","Slice","Backflip","Deadly Poison","Corpse Explosion","Shame","Decay","Pain","Dash+1","Backflip","Concentrate+1","Flying Knee","Footwork+1"],"relics":["Ring of the Snake","NeowsBlessing","Pear","Ice Cream","Happy Flower","Tiny Chest","Runic Dome","ClockworkSouvenir","Gremlin Horn","Blood Vial","Potion Belt","Calling Bell","Anchor","Frozen Egg 2","Du-Vu Doll","Bag of Marbles","Letter Opener","Shuriken"],"potions_floor_usage":[11,16,20,28,33,45,45],"damage_taken":[{"damage":0,"enemies":"Jaw Worm","floor":1,"turns":1},{"damage":0,"enemies":"Small Slimes","floor":4,"turns":1},{"damage":0,"enemies":"3 Sentries","floor":6,"turns":2},{"damage":13,"enemies":"Gremlin Nob","floor":11,"turns":5},{"damage":0,"enemies":"2 Louse","floor":12,"turns":3},{"damage":0,"enemies":"Lagavulin","floor":13,"turns":7},{"damage":3,"enemies":"Blue Slaver","floor":14,"turns":4},{"damage":17,"enemies":"Slime Boss","floor":16,"turns":11},{"damage":1,"enemies":"Spheric Guardian","floor":18,"turns":3},{"damage":8,"enemies":"2 Thieves","floor":20,"turns":5},{"damage":1,"enemies":"Snecko","floor":24,"turns":6},{"damage":18,"enemies":"Slavers","floor":28,"turns":7},{"damage":0,"enemies":"Snake Plant","floor":29,"turns":4},{"damage":29,"enemies":"Gremlin Leader","floor":30,"turns":11},{"damage":40,"enemies":"Champ","floor":33,"turns":11},{"damage":2,"enemies":"Orb Walker","floor":35,"turns":3},{"damage":41,"enemies":"3 Darklings","floor":37,"turns":8},{"damage":5,"enemies":"4 Shapes","floor":38,"turns":9},{"damage":44,"enemies":"2 Orb Walkers","floor":41,"turns":6},{"damage":28,"enemies":"Giant Head","floor":45,"turns":7}],"seed_played":"5317703820561061251","potions_obtained":[{"floor":4,"key":"Weak Potion"},{"floor":12,"key":"Regen Potion"},{"floor":14,"key":"Fire Potion"},{"floor":18,"key":"Energy Potion"},{"floor":28,"key":"SkillPotion"},{"floor":35,"key":"LiquidBronze"},{"floor":38,"key":"Strength Potion"},{"floor":41,"key":"Fruit Juice"}],"is_trial":false,"path_per_floor":["M","?","$","M","?","E","$","R","T","?","E","M","E","M","R","B",null,"M","?","M","?","$","R","M","R","T","R","E","M","E","$","R","B",null,"M","$","M","M","?","R","E","T","T","$"],"character_chosen":"THE_SILENT","items_purchased":["Deadly Poison","Footwork","ClockworkSouvenir","Endless Agony","Backflip","Deadly Poison","Backflip","Footwork+1"],"campfire_rested":1,"item_purchase_floors":[7,22,22,22,31,31,36,44],"current_hp_per_floor":[59,39,39,39,55,65,65,65,65,54,41,41,41,38,38,21,62,61,61,67,67,67,67,66,66,66,66,48,50,23,23,45,7,59,59,59,20,17,62,62,18,18,18,18,0],"gold":78,"neow_bonus":"THREE_ENEMY_KILL","is_prod":false,"is_daily":false,"chose_seed":false,"campfire_upgraded":6,"win_rate":0,"timestamp":1531115428,"path_taken":["M","?","$","M","?","E","$","R","T","?","E","M","E","M","R","BOSS","M","?","M","?","?","R","?","R","T","R","E","M","E","$","R","BOSS","M","$","M","?","?","R","E","?","T","$","E"],"build_version":"2018-07-05","purchased_purges":1,"victory":false,"max_hp_per_floor":[66,66,66,66,66,76,76,76,76,76,76,76,76,76,76,76,76,76,76,76,76,76,76,76,76,76,76,76,76,76,76,76,76,76,76,76,76,76,62,62,62,62,62,62,67],"card_choices":[{"not_picked":["Deadly Poison","Poisoned Stab"],"picked":"Well Laid Plans","floor":1},{"not_picked":["Heel Hook","Outmaneuver"],"picked":"Dagger Spray","floor":4},{"not_picked":["Blade Dance","Reflex"],"picked":"Underhanded Strike","floor":6},{"not_picked":["Slice","Bane"],"picked":"Leg Sweep","floor":11},{"not_picked":["Underhanded Strike","Bane"],"picked":"Deadly Poison","floor":12},{"not_picked":["Escape Plan","Poisoned Stab"],"picked":"Terror","floor":13},{"not_picked":["Expertise","Poisoned Stab"],"picked":"Dash","floor":14},{"not_picked":["Grand Finale","Venomology"],"picked":"Adrenaline","floor":16},{"not_picked":["Bane","Slice"],"picked":"Deadly Poison","floor":18},{"not_picked":["Deflect","Choke"],"picked":"Backstab","floor":20},{"not_picked":["Acrobatics+1","Outmaneuver"],"picked":"Deadly Poison","floor":24},{"not_picked":["Blade Dance","Quick Slash"],"picked":"All Out Attack","floor":28},{"not_picked":["Dodge and Roll","Bane+1"],"picked":"Deadly Poison","floor":29},{"not_picked":["Phantasmal Killer","Reflex"],"picked":"Slice","floor":30},{"not_picked":["A Thousand Cuts","Tools of the Trade"],"picked":"Corpse Explosion","floor":33},{"not_picked":["Poisoned Stab","Flying Knee"],"picked":"Dash+1","floor":35},{"not_picked":["Underhanded Strike","Sucker Punch","Dodge and Roll"],"picked":"SKIP","floor":37},{"not_picked":["Escape Plan","Distraction"],"picked":"Concentrate","floor":38},{"not_picked":["PiercingWail+1","Finisher"],"picked":"Flying Knee","floor":41}],"player_experience":527993,"relics_obtained":[{"floor":6,"key":"Pear"},{"floor":9,"key":"Ice Cream"},{"floor":11,"key":"Happy Flower"},{"floor":13,"key":"Tiny Chest"},{"floor":26,"key":"Gremlin Horn"},{"floor":28,"key":"Blood Vial"},{"floor":30,"key":"Potion Belt"},{"floor":34,"key":"Anchor"},{"floor":34,"key":"Frozen Egg 2"},{"floor":34,"key":"Du-Vu Doll"},{"floor":41,"key":"Bag of Marbles"},{"floor":42,"key":"Letter Opener"},{"floor":43,"key":"Shuriken"}],"event_choices":[{"event_name":"Shining Light","player_choice":"Entered Light","floor":2,"damage_taken":0},{"event_name":"The Cleric","player_choice":"Healed","floor":5,"damage_taken":0},{"event_name":"World of Goop","player_choice":"Gather Gold","floor":10,"damage_taken":0},{"event_name":"Nest","player_choice":"Stole From Cult","floor":19,"damage_taken":0},{"event_name":"The Library","player_choice":"Read","floor":21,"damage_taken":0},{"event_name":"The Moai Head","player_choice":"Heal","floor":39,"damage_taken":0}],"boss_relics":[{"not_picked":["Ectoplasm","Eternal Feather"],"picked":"Runic Dome"},{"not_picked":["Snecko Eye","Empty Cage"],"picked":"Calling Bell"}],"items_purged_floors":[3],"is_endless":false,"potions_floor_spawned":[4,12,14,18,28,35,38,41],"killed_by":"Giant Head","ascension_level":15}