{"gold_per_floor":[117,42,58,78,93,121,121,140,140,166,166,180,180,195,195,297,297,309,309,309,321,321,321,321],"floor_reached":24,"playtime":2675,"items_purged":["Pain"],"score":243,"play_id":"bc32b4ee-5135-4457-996b-eecbb8d5e378","local_time":"20180630020740","is_ascension_mode":true,"campfire_choices":[{"data":"Double Energy","floor":7,"key":"SMITH"},{"data":"Defragment","floor":11,"key":"SMITH"},{"data":"Defragment","floor":13,"key":"SMITH"},{"floor":15,"key":"REST"},{"floor":23,"key":"REST"}],"neow_cost":"CURSE","seed_source_timestamp":107382927429861,"circlet_count":0,"master_deck":["Strike_B","Strike_B","Strike_B","Strike_B","Defend_B","Defend_B","Defend_B","Defend_B","Zap","Dualcast","Multi-Cast","Leap","Double Energy+1","Sweeping Beam","Defragment+1","Defragment+1","Echo Form","Decay","Writhe","Regret","Steam"],"relics":["Cracked Core","Dead Branch","Du-Vu Doll","Mango","Calling Bell","Vajra","Frozen Egg 2","Thread and Needle","Mummified Hand"],"potions_floor_usage":[6,10,14,16,21,24],"damage_taken":[{"damage":11,"enemies":"Small Slimes","floor":1,"turns":3},{"damage":8,"enemies":"Jaw Worm","floor":3,"turns":3},{"damage":0,"enemies":"2 Louse","floor":4,"turns":2},{"damage":0,"enemies":"Large Slime","floor":5,"turns":6},{"damage":19,"enemies":"3 Sentries","floor":6,"turns":9},{"damage":0,"enemies":"Blue Slaver","floor":8,"turns":3},{"damage":6,"enemies":"Gremlin Nob","floor":10,"turns":3},{"damage":1,"enemies":"Looter","floor":12,"turns":3},{"damage":13,"enemies":"2 Fungi Beasts","floor":14,"turns":3},{"damage":30,"enemies":"Hexaghost","floor":16,"turns":9},{"damage":35,"enemies":"Shell Parasite","floor":18,"turns":7},{"damage":2,"enemies":"Chosen","floor":21,"turns":3},{"damage":68,"enemies":"Book of Stabbing","floor":24,"turns":6}],"seed_played":"3905216993291338196","potions_obtained":[{"floor":1,"key":"SteroidPotion"},{"floor":3,"key":"FearPotion"},{"floor":10,"key":"FearPotion"},{"floor":14,"key":"EssenceOfSteel"},{"floor":16,"key":"Ancient Potion"},{"floor":21,"key":"FearPotion"}],"is_trial":false,"path_per_floor":["M","$","M","M","M","E","R","M","T","E","R","M","R","M","R","B",null,"M","?","?","M","?","R"],"character_chosen":"DEFECT","items_purchased":[],"campfire_rested":2,"item_purchase_floors":[],"current_hp_per_floor":[64,64,56,56,56,37,37,37,37,45,45,44,44,31,57,27,89,54,54,54,52,35,63,0],"gold":321,"neow_bonus":"THREE_RARE_CARDS","is_prod":false,"is_daily":false,"chose_seed":false,"campfire_upgraded":3,"win_rate":0.0,"timestamp":1530317260,"path_taken":["M","$","M","M","M","E","R","M","T","E","R","M","R","M","R","BOSS","M","?","?","M","?","R","E"],"build_version":"2018-06-28","purchased_purges":1,"victory":false,"max_hp_per_floor":[75,75,75,75,75,75,75,75,75,89,89,89,89,89,89,89,89,89,89,89,89,94,94,94],"card_choices":[{"not_picked":["Echo Form","Biased Cognition"],"picked":"Multi-Cast","floor":0},{"not_picked":["White Noise","Gash","Go for the Eyes"],"picked":"SKIP","floor":1},{"not_picked":["Go for the Eyes","Stack"],"picked":"Leap","floor":3},{"not_picked":["Compile Driver","Go for the Eyes","Cold Snap"],"picked":"SKIP","floor":4},{"not_picked":["Heatsinks","Beam Cell"],"picked":"Double Energy","floor":5},{"not_picked":["Cold Snap","BootSequence"],"picked":"Sweeping Beam","floor":6},{"not_picked":["Glacier","Go for the Eyes","Hologram"],"picked":"SKIP","floor":8},{"not_picked":["Stack","Doom and Gloom"],"picked":"Defragment","floor":10},{"not_picked":["Steam Power","BootSequence"],"picked":"Defragment","floor":12},{"not_picked":["Aggregate","All For One","Skim"],"picked":"SKIP","floor":14},{"not_picked":["Fission","Thunder Strike"],"picked":"Echo Form","floor":16},{"not_picked":["Cold Snap","Streamline","Force Field"],"picked":"SKIP","floor":18},{"not_picked":["Genetic Algorithm","Aggregate+1"],"picked":"Steam","floor":21}],"player_experience":215552,"relics_obtained":[{"floor":6,"key":"Dead Branch"},{"floor":9,"key":"Du-Vu Doll"},{"floor":10,"key":"Mango"},{"floor":17,"key":"Vajra"},{"floor":17,"key":"Frozen Egg 2"},{"floor":17,"key":"Thread and Needle"}],"event_choices":[{"event_name":"Ghosts","player_choice":"Ignored","floor":19,"damage_taken":0},{"event_name":"The Mausoleum","player_choice":"Yes","floor":20,"damage_taken":0},{"event_name":"Forgotten Altar","player_choice":"Shed Blood","floor":22,"damage_taken":0}],"boss_relics":[{"not_picked":["Lizard Tail","Coffee Dripper"],"picked":"Calling Bell"}],"items_purged_floors":[2],"is_endless":false,"potions_floor_spawned":[1,3,10,14,16,21],"killed_by":"Book of Stabbing","ascension_level":1}