{"gold_per_floor":[119,119,132,132,155,155,171,186,186,186,220,236,236,135,135,135],"floor_reached":16,"playtime":386,"items_purged":["Strike_R"],"score":203,"play_id":"a1553895-a003-40d7-af14-850b063077b3","local_time":"20190413001315","is_ascension_mode":true,"campfire_choices":[{"data":"Searing Blow","floor":6.0,"key":"SMITH"},{"data":"Searing Blow+1","floor":10,"key":"SMITH"},{"data":"Searing Blow+2","floor":13,"key":"SMITH"},{"data":"Searing Blow+3","floor":15,"key":"SMITH"}],"neow_cost":"CURSE","seed_source_timestamp":25584402383487,"circlet_count":0,"master_deck":["AscendersBane","Strike_R","Strike_R","Strike_R","Strike_R","Defend_R","Defend_R","Defend_R","Defend_R","Bash","Iron Wave","Searing Blow+4","Headbutt","True Grit","Shrug It Off"],"special_seed":0,"relics":["Burning Blood","Magic Flower","Golden Idol","Spirit Poop","The Courier","Ornamental Fan"],"potions_floor_usage":[11,11],"damage_taken":[{"damage":15.0,"enemies":"Small Slimes","floor":1.0,"turns":5.0},{"damage":0.0,"enemies":"Jaw Worm","floor":3.0,"turns":5.0},{"damage":7.0,"enemies":"Cultist","floor":5.0,"turns":4.0},{"damage":8.0,"enemies":"Red Slaver","floor":7.0,"turns":3.0},{"damage":4,"enemies":"2 Fungi Beasts","floor":8,"turns":4},{"damage":37,"enemies":"Lagavulin","floor":11,"turns":8},{"damage":35,"enemies":"Gremlin Gang","floor":12,"turns":5},{"damage":15,"enemies":"Hexaghost","floor":16,"turns":7}],"seed_played":"-508974159751994177","potions_obtained":[{"floor":1.0,"key":"EssenceOfSteel"},{"floor":5.0,"key":"Explosive Potion"},{"floor":7,"key":"SkillPotion"},{"floor":8,"key":"PowerPotion"}],"is_trial":false,"path_per_floor":["M","?","M","?","M","R","M","M","T","R","E","M","R","$","R","B"],"character_chosen":"IRONCLAD","items_purchased":["Shrug It Off"],"campfire_rested":0,"item_purchase_floors":[14],"current_hp_per_floor":[62,62,68,68,68,68,68,68,68,68,40,14,14,14,14,0],"gold":135,"neow_bonus":"ONE_RARE_RELIC","is_prod":false,"is_daily":false,"chose_seed":false,"campfire_upgraded":4,"win_rate":0,"timestamp":1555139595,"path_taken":["M","?","M","?","M","R","?","M","T","R","E","M","R","?","R","BOSS"],"build_version":"2019-04-04","purchased_purges":1,"victory":false,"max_hp_per_floor":[75,68,68,68,68,68,68,68,68,68,68,68,68,68,68,68],"card_choices":[{"not_picked":["Pommel Strike","Wild Strike"],"picked":"Iron Wave","floor":1.0},{"not_picked":["Body Slam","Heavy Blade"],"picked":"Searing Blow","floor":3.0},{"not_picked":["Heavy Blade","Shrug It Off"],"picked":"Headbutt","floor":7},{"not_picked":["Searing Blow","Havoc","Feel No Pain"],"picked":"SKIP","floor":11},{"not_picked":["Body Slam","Thunderclap"],"picked":"True Grit","floor":12}],"player_experience":1418446,"relics_obtained":[{"floor":9,"key":"The Courier"},{"floor":11,"key":"Ornamental Fan"}],"event_choices":[{"damage_healed":0.0,"max_hp_gain":0.0,"max_hp_loss":7.0,"gold_gain":0.0,"event_name":"Golden Idol","player_choice":"Lose Max HP","floor":2.0,"gold_loss":0.0,"damage_taken":0.0,"relics_obtained":["Golden Idol"]},{"cards_removed":["Decay"],"damage_healed":0.0,"max_hp_gain":0.0,"max_hp_loss":0.0,"gold_gain":0.0,"event_name":"Bonfire Elementals","player_choice":"Offered Curse","floor":4.0,"gold_loss":0.0,"damage_taken":0.0,"relics_obtained":["Spirit Poop"]}],"is_beta":true,"boss_relics":[],"items_purged_floors":[14],"is_endless":false,"potions_floor_spawned":[1,5,7,8],"killed_by":"Hexaghost","ascension_level":20}