{"gold_per_floor":[119,44,44,44,44,44,74,87,164,191,208,208,221,221],"floor_reached":14,"playtime":310,"items_purged":["Strike_B"],"score":196,"play_id":"a9c2614f-d8ee-4584-b42c-11920b997e9f","local_time":"20181209215050","is_ascension_mode":true,"campfire_choices":[{"data":"Sunder","floor":6,"key":"SMITH"},{"data":"Chaos","floor":12,"key":"SMITH"}],"neow_cost":"NONE","seed_source_timestamp":204270636876489,"circlet_count":0,"master_deck":["AscendersBane","Strike_B","Strike_B","Defend_B","Defend_B","Defend_B","Defend_B","Zap","Dualcast","Glacier","Conserve Battery","Coolheaded","Sunder+1","Ball Lightning","Double Energy","Stack","Chaos+1","BootSequence","Rebound","Beam Cell"],"relics":["Orrery","Bag of Preparation","The Courier","Calipers"],"potions_floor_usage":[10,10],"damage_taken":[{"damage":0,"enemies":"Jaw Worm","floor":1,"turns":4},{"damage":24,"enemies":"Gremlin Nob","floor":7,"turns":4},{"damage":0,"enemies":"2 Louse","floor":8,"turns":3},{"damage":7,"enemies":"Lagavulin","floor":10,"turns":8},{"damage":0,"enemies":"Cultist","floor":11,"turns":4},{"damage":0,"enemies":"Exordium Wildlife","floor":13,"turns":2},{"damage":32,"enemies":"Gremlin Nob","floor":14,"turns":3}],"seed_played":"-8428432343711374550","potions_obtained":[{"floor":7,"key":"EssenceOfSteel"},{"floor":8,"key":"Fire Potion"}],"is_trial":false,"path_per_floor":["M","$","?","?","$","R","E","M","T","E","M","R","M","E"],"character_chosen":"DEFECT","items_purchased":[],"campfire_rested":0,"item_purchase_floors":[],"current_hp_per_floor":[64,64,57,57,57,57,33,33,33,26,26,26,26,0],"gold":221,"neow_bonus":"BOSS_RELIC","is_prod":false,"is_daily":false,"chose_seed":false,"campfire_upgraded":2,"win_rate":0,"timestamp":1544421050,"path_taken":["M","$","?","?","?","R","E","M","T","E","M","R","?","E"],"build_version":"2018-12-06","purchased_purges":1,"victory":false,"max_hp_per_floor":[71,71,71,71,71,71,71,71,71,71,71,71,71,71],"card_choices":[{"not_picked":["Cold Snap","Compile Driver"],"picked":"Glacier","floor":0},{"not_picked":["Turbo","Leap"],"picked":"Conserve Battery","floor":0},{"not_picked":["Gash","Steam"],"picked":"Coolheaded","floor":0},{"not_picked":["Redo","Buffer"],"picked":"Sunder","floor":0},{"not_picked":["Turbo","Reinforced Body"],"picked":"Ball Lightning","floor":0},{"not_picked":["Ball Lightning","Streamline"],"picked":"Double Energy","floor":1},{"not_picked":["Heatsinks","Sweeping Beam"],"picked":"Stack","floor":7},{"not_picked":["Beam Cell","Gash"],"picked":"Chaos","floor":8},{"not_picked":["Static Discharge","Sweeping Beam"],"picked":"BootSequence","floor":10},{"not_picked":["Compile Driver","Sweeping Beam"],"picked":"Rebound","floor":11},{"not_picked":["Redo","Go for the Eyes"],"picked":"Beam Cell","floor":13}],"player_experience":982858,"relics_obtained":[{"floor":7,"key":"Bag of Preparation"},{"floor":9,"key":"The Courier"},{"floor":10,"key":"Calipers"}],"event_choices":[{"cards_removed":["Strike_B"],"damage_healed":0,"gold_gain":0,"player_choice":"Card Removal","damage_taken":7,"max_hp_gain":0,"max_hp_loss":0,"event_name":"Golden Wing","floor":3,"gold_loss":0},{"damage_healed":0,"gold_gain":0,"player_choice":"Leave","damage_taken":0,"max_hp_gain":0,"max_hp_loss":0,"event_name":"The Cleric","floor":4,"gold_loss":0}],"is_beta":true,"boss_relics":[],"items_purged_floors":[2],"is_endless":false,"potions_floor_spawned":[7,8],"killed_by":"Gremlin Nob","ascension_level":20}