{"gold_per_floor":[110,126,126,151,151,195,195,195,195,195,218,18,18,57,57,57],"floor_reached":16,"playtime":1127,"items_purged":[],"score":133,"play_id":"e15b3b66-384a-4cc5-a58c-1dc50a596d80","local_time":"20181013135315","is_ascension_mode":false,"campfire_choices":[{"floor":8.0,"key":"REST"},{"data":"Survivor","floor":10.0,"key":"SMITH"},{"data":"PiercingWail","floor":15,"key":"SMITH"}],"neow_cost":"TEN_PERCENT_HP_LOSS","seed_source_timestamp":314870290037738,"circlet_count":0,"master_deck":["Defend_G","Defend_G","Defend_G","Defend_G","Strike_G","Strike_G","Strike_G","Strike_G","Survivor+1","Neutralize+1","Cloak And Dagger","Sucker Punch","Dash+1","PiercingWail+1"],"special_seed":0,"relics":["Ring of the Snake","Golden Idol","Question Card","Singing Bowl","Sling","Frozen Egg 2"],"potions_floor_usage":[16],"damage_taken":[{"damage":0.0,"enemies":"Small Slimes","floor":1.0,"turns":5.0},{"damage":0.0,"enemies":"2 Louse","floor":2.0,"turns":2.0},{"damage":1.0,"enemies":"Cultist","floor":4.0,"turns":4.0},{"damage":26.0,"enemies":"3 Sentries","floor":6.0,"turns":12.0},{"damage":0.0,"enemies":"Blue Slaver","floor":11.0,"turns":3.0},{"damage":0.0,"enemies":"Lagavulin","floor":14.0,"turns":4.0},{"damage":60,"enemies":"Slime Boss","floor":16,"turns":14}],"seed_played":"-3234054692665686998","potions_obtained":[{"floor":2.0,"key":"FearPotion"},{"floor":4.0,"key":"Regen Potion"},{"floor":14,"key":"PowerPotion"}],"is_trial":false,"path_per_floor":["M","M","?","M","?","E","?","R","T","R","M","$","$","E","R"],"character_chosen":"THE_SILENT","items_purchased":["Sling"],"campfire_rested":1,"item_purchase_floors":[12],"current_hp_per_floor":[63,63,48,47,47,36,36,54,54,54,54,54,54,56,56,0],"gold":57,"neow_bonus":"REMOVE_TWO","is_prod":false,"is_daily":false,"chose_seed":false,"campfire_upgraded":2,"win_rate":0,"timestamp":1539453195,"path_taken":["M","M","?","M","?","E","?","R","T","R","M","?","$","E","R","BOSS"],"build_version":"2018-10-11","purchased_purges":0,"victory":false,"max_hp_per_floor":[63,63,63,63,63,63,63,63,63,63,63,63,63,65,65,65],"card_choices":[{"not_picked":["Dagger Spray","Calculated Gamble"],"picked":"Cloak And Dagger","floor":1.0},{"not_picked":["Underhanded Strike","Reflex"],"picked":"Sucker Punch","floor":2.0},{"not_picked":["Underhanded Strike","Prepared","Deadly Poison"],"picked":"SKIP","floor":4.0},{"not_picked":["Slice","Expertise"],"picked":"Dash","floor":6.0},{"not_picked":["Outmaneuver","Bane","Deflect"],"picked":"PiercingWail","floor":11.0},{"not_picked":["Poisoned Stab","Deflect","Caltrops","Expertise"],"picked":"Singing Bowl","floor":14}],"player_experience":367172,"relics_obtained":[{"floor":6.0,"key":"Question Card"},{"floor":9.0,"key":"Singing Bowl"},{"floor":14,"key":"Frozen Egg 2"}],"event_choices":[{"event_name":"Golden Idol","player_choice":"Take Damage","floor":3.0,"damage_taken":0.0},{"event_name":"Living Wall","player_choice":"Grow","floor":5.0,"damage_taken":0.0},{"event_name":"Upgrade Shrine","player_choice":"Upgraded","floor":7.0,"damage_taken":0.0}],"is_beta":true,"boss_relics":[],"items_purged_floors":[],"is_endless":false,"potions_floor_spawned":[2,4,14],"killed_by":"Slime Boss","ascension_level":0}