{"gold_per_floor":[110,126,126,138,155,155,80,100,100,100,125,135,163,55,55,55],"floor_reached":16,"playtime":493,"items_purged":[],"score":224,"play_id":"cb4b6fe1-e0f1-4776-935b-99dd3d577edf","local_time":"20190102100118","is_ascension_mode":true,"campfire_choices":[{"data":"Footwork","floor":6,"key":"SMITH"},{"data":"Neutralize","floor":10,"key":"SMITH"},{"data":"Cloak And Dagger","floor":15,"key":"SMITH"}],"neow_cost":"NONE","seed_source_timestamp":2400285582810,"circlet_count":0,"master_deck":["AscendersBane","Defend_G","Defend_G","Defend_G","Defend_G","Defend_G","Strike_G","Strike_G","Strike_G","Strike_G","Strike_G","Survivor","Neutralize+1","Blur","Predator","Footwork+1","Backstab","Distraction","Cloak And Dagger+1","Deflect","Dodge and Roll","Backflip"],"relics":["Ring of the Snake","NeowsBlessing","Calipers","Letter Opener","Thread and Needle"],"potions_floor_usage":[11,13],"damage_taken":[{"damage":0,"enemies":"2 Louse","floor":1,"turns":1},{"damage":0,"enemies":"Cultist","floor":2,"turns":1},{"damage":0,"enemies":"Small Slimes","floor":4,"turns":1},{"damage":1,"enemies":"Looter","floor":5,"turns":5},{"damage":2,"enemies":"Red Slaver","floor":8,"turns":3},{"damage":42,"enemies":"Gremlin Nob","floor":11,"turns":5},{"damage":0,"enemies":"Gremlin Gang","floor":12,"turns":3},{"damage":2,"enemies":"3 Sentries","floor":13,"turns":12},{"damage":14,"enemies":"Hexaghost","floor":16,"turns":14}],"seed_played":"2848159760061586540","potions_obtained":[{"floor":1,"key":"PowerPotion"},{"floor":12,"key":"Block Potion"},{"floor":13,"key":"Weak Potion"}],"is_trial":false,"path_per_floor":["M","M","?","M","M","R","?","M","T","R","E","M","E","$","R","B"],"character_chosen":"THE_SILENT","items_purchased":["Dodge and Roll","Backflip"],"campfire_rested":0,"item_purchase_floors":[14,14],"current_hp_per_floor":[59,59,59,59,58,58,58,56,56,56,14,14,12,12,12,0],"gold":55,"neow_bonus":"THREE_ENEMY_KILL","is_prod":false,"is_daily":false,"chose_seed":false,"campfire_upgraded":3,"win_rate":0,"timestamp":1546452078,"path_taken":["M","M","?","M","M","R","?","M","T","R","E","M","E","$","R","BOSS"],"build_version":"2019-01-01v2","purchased_purges":0,"victory":false,"max_hp_per_floor":[66,66,66,66,66,66,66,66,66,66,66,66,66,66,66,66],"card_choices":[{"not_picked":["Outmaneuver","Quick Slash"],"picked":"Blur","floor":1},{"not_picked":["Sucker Punch","Quick Slash"],"picked":"Predator","floor":2},{"not_picked":["Outmaneuver","Escape Plan"],"picked":"Footwork","floor":4},{"not_picked":["Sucker Punch","Outmaneuver"],"picked":"Backstab","floor":5},{"not_picked":["Outmaneuver","Flying Knee"],"picked":"Distraction","floor":8},{"not_picked":["Skewer","Dagger Throw"],"picked":"Cloak And Dagger","floor":12},{"not_picked":["Slice","Heel Hook"],"picked":"Deflect","floor":13}],"player_experience":1012967,"relics_obtained":[{"floor":11,"key":"Letter Opener"},{"floor":13,"key":"Thread and Needle"}],"event_choices":[{"damage_healed":0,"gold_gain":0,"player_choice":"Box","damage_taken":0,"relics_obtained":["Calipers"],"max_hp_gain":0,"max_hp_loss":0,"event_name":"Big Fish","floor":3,"gold_loss":0,"cards_obtained":["Regret"]},{"cards_removed":["Regret"],"damage_healed":0,"gold_gain":0,"player_choice":"Card Removal","damage_taken":0,"max_hp_gain":0,"max_hp_loss":0,"event_name":"The Cleric","floor":7,"gold_loss":75}],"is_beta":true,"boss_relics":[],"items_purged_floors":[],"is_endless":false,"potions_floor_spawned":[1,12,13],"killed_by":"Hexaghost","ascension_level":20}