{"gold_per_floor":[11,22,35,135,150,180,255,268,295,295,313,325,354,367,367,470,470,486,486,502,516,277,277,288,288,288,303,303,30,30,49,49,151,151,163,174,174,204,217,217,228,128,153,163,214,233,233,264,264,264,264,264,12,40,40],"floor_reached":55,"playtime":4573,"items_purged":["Strike_G","Strike_G"],"score":765,"play_id":"1f5f5344-43eb-46e9-81c6-3ec92db49b69","local_time":"20190614152819","is_ascension_mode":false,"campfire_choices":[{"floor":10,"key":"REST"},{"floor":15,"key":"REST"},{"floor":23,"key":"RECALL"},{"data":"A Thousand Cuts","floor":25,"key":"SMITH"},{"data":"Malaise","floor":28,"key":"SMITH"},{"data":"Footwork","floor":30,"key":"SMITH"},{"data":"After Image","floor":32,"key":"SMITH"},{"data":"Footwork","floor":40,"key":"SMITH"},{"data":"Survivor","floor":47,"key":"SMITH"},{"data":"Neutralize","floor":49,"key":"SMITH"},{"data":"Finisher","floor":52,"key":"SMITH"}],"neow_cost":"NO_GOLD","seed_source_timestamp":227590724635562,"circlet_count":0,"master_deck":["Defend_G","Defend_G","Defend_G","Defend_G","Survivor+1","Neutralize+1","Deflect","Blade Dance","Dagger Spray","Backflip","Deflect","Slice","Deflect","Blur","Backstab","Infinite Blades","Finisher+1","Slice","After Image+1","PiercingWail","Backstab","A Thousand Cuts+1","Endless Agony+1","Backstab","Die Die Die+1","Malaise+1","Blade Dance","Backstab+1","Footwork+1","Malaise+1","Glass Knife","Adrenaline+1","Bullet Time+1","Poisoned Stab+1","Blade Dance+1","Parasite","Footwork+1","Footwork+1","PiercingWail+1"],"relics":["Ring of the Snake","Prayer Wheel","Oddly Smooth Stone","Blood Vial","Boot","Coffee Dripper","DollysMirror","Astrolabe","Tiny Chest","Whetstone","Thread and Needle","StoneCalendar","Bottled Lightning","Ninja Scroll"],"potions_floor_usage":[6,13,16,21,45,55,55],"damage_taken":[{"damage":0,"enemies":"Small Slimes","floor":1,"turns":3},{"damage":6,"enemies":"Cultist","floor":2,"turns":4},{"damage":0,"enemies":"2 Louse","floor":3,"turns":2},{"damage":1,"enemies":"2 Fungi Beasts","floor":5,"turns":3},{"damage":17,"enemies":"3 Sentries","floor":6,"turns":7},{"damage":10,"enemies":"Gremlin Gang","floor":8,"turns":4},{"damage":0,"enemies":"Looter","floor":11,"turns":3},{"damage":0,"enemies":"2 Fungi Beasts","floor":12,"turns":1},{"damage":49,"enemies":"Gremlin Nob","floor":13,"turns":6},{"damage":0,"enemies":"3 Louse","floor":14,"turns":4},{"damage":0,"enemies":"Slime Boss","floor":16,"turns":9},{"damage":0,"enemies":"Chosen","floor":18,"turns":3},{"damage":1,"enemies":"3 Byrds","floor":20,"turns":3},{"damage":11,"enemies":"Shelled Parasite and Fungi","floor":21,"turns":6},{"damage":1,"enemies":"Snecko","floor":24,"turns":5},{"damage":3,"enemies":"Snake Plant","floor":27,"turns":3},{"damage":9,"enemies":"Sentry and Sphere","floor":31,"turns":6},{"damage":27,"enemies":"Collector","floor":33,"turns":10},{"damage":0,"enemies":"Orb Walker","floor":35,"turns":3},{"damage":3,"enemies":"3 Shapes","floor":36,"turns":4},{"damage":0,"enemies":"Writhing Mass","floor":39,"turns":7},{"damage":9,"enemies":"Maw","floor":41,"turns":10},{"damage":11,"enemies":"Spire Growth","floor":44,"turns":4},{"damage":13,"enemies":"2 Orb Walkers","floor":45,"turns":5},{"damage":0,"enemies":"4 Shapes","floor":46,"turns":8},{"damage":3,"enemies":"Reptomancer","floor":48,"turns":8},{"damage":20,"enemies":"Donu and Deca","floor":50,"turns":13},{"damage":14,"enemies":"Shield and Spear","floor":54,"turns":9},{"damage":59,"enemies":"The Heart","floor":55,"turns":8}],"seed_played":"7905409313140350875","potions_obtained":[{"floor":3,"key":"Swift Potion"},{"floor":5,"key":"SteroidPotion"},{"floor":8,"key":"LiquidBronze"},{"floor":13,"key":"Weak Potion"},{"floor":14,"key":"AttackPotion"},{"floor":20,"key":"Dexterity Potion"},{"floor":33,"key":"SpeedPotion"},{"floor":44,"key":"Block Potion"},{"floor":46,"key":"SpeedPotion"},{"floor":54,"key":"Strength Potion"}],"is_trial":false,"path_per_floor":["M","M","M","?","M","E","?","M","T","R","M","M","E","M","R","B",null,"M","?","M","M","$","R","M","R","T","M","R","$","R","M","R","B",null,"M","M","?","?","M","R","M","$","T","M","?","M","R","E","R","B",null,"R","$","E","B"],"character_chosen":"THE_SILENT","items_purchased":["Malaise","Footwork","DollysMirror","Bottled Lightning"],"campfire_rested":2,"item_purchase_floors":[22,29,29,53],"current_hp_per_floor":[70,64,64,64,63,46,35,25,25,46,48,50,3,5,26,28,70,70,70,69,59,59,59,60,60,60,59,59,59,59,52,52,27,70,70,67,67,67,69,69,61,61,61,52,41,43,43,42,42,24,70,70,70,56,0],"gold":40,"neow_bonus":"ONE_RARE_RELIC","is_prod":false,"is_daily":false,"chose_seed":false,"campfire_upgraded":8,"win_rate":0,"timestamp":1560544099,"path_taken":["M","M","M","?","?","E","?","M","T","R","M","M","E","M","R","BOSS","M","?","?","M","$","R","M","R","T","M","R","$","R","M","R","BOSS","M","M","?","?","?","R","M","$","T","M","?","M","R","E","R","BOSS","R","$","E","BOSS"],"build_version":"2019-01-23","purchased_purges":2,"victory":false,"max_hp_per_floor":[70,70,70,70,70,70,70,70,70,70,70,70,70,70,70,70,70,70,70,70,70,70,70,70,70,70,70,70,70,70,70,70,70,70,70,70,70,70,70,70,70,70,70,70,70,70,70,70,70,70,70,70,70,70,70],"card_choices":[{"not_picked":["Acrobatics","Concentrate"],"picked":"Deflect","floor":1},{"not_picked":["Backflip","Dodge and Roll"],"picked":"Blade Dance","floor":1},{"not_picked":["PiercingWail","Bouncing Flask"],"picked":"Dagger Spray","floor":2},{"not_picked":["Prepared","Flying Knee","Dagger Throw"],"picked":"SKIP","floor":2},{"not_picked":["Terror","Sucker Punch"],"picked":"Backflip","floor":3},{"not_picked":["Acrobatics","Dagger Throw"],"picked":"Deflect","floor":3},{"not_picked":["PiercingWail","Outmaneuver"],"picked":"Slice","floor":5},{"not_picked":["Slice","Dagger Throw"],"picked":"Deflect","floor":5},{"not_picked":["PiercingWail","Distraction"],"picked":"Blur","floor":6},{"not_picked":["Distraction","Acrobatics"],"picked":"Backstab","floor":8},{"not_picked":["Concentrate","Night Terror"],"picked":"Infinite Blades","floor":8},{"not_picked":["Terror","Acrobatics"],"picked":"Finisher","floor":11},{"not_picked":["Poisoned Stab","Outmaneuver"],"picked":"Slice","floor":11},{"not_picked":["Riddle With Holes","Masterful Stab"],"picked":"After Image","floor":12},{"not_picked":["Bouncing Flask","Catalyst","Dagger Spray"],"picked":"SKIP","floor":12},{"not_picked":["Escape Plan","Dagger Throw"],"picked":"PiercingWail","floor":13},{"not_picked":["Crippling Poison","Dash"],"picked":"Backstab","floor":14},{"not_picked":["Expertise","Calculated Gamble","Acrobatics"],"picked":"SKIP","floor":14},{"not_picked":["Envenom","Venomology"],"picked":"A Thousand Cuts","floor":16},{"not_picked":["Acrobatics","Quick Slash+1"],"picked":"Endless Agony+1","floor":18},{"not_picked":["Noxious Fumes","Heel Hook","Escape Plan"],"picked":"SKIP","floor":18},{"not_picked":["Deadly Poison","Outmaneuver"],"picked":"Backstab","floor":20},{"not_picked":["Underhanded Strike+1","Bane"],"picked":"Die Die Die","floor":20},{"not_picked":["Poisoned Stab","Dagger Throw+1","Dagger Spray+1"],"picked":"SKIP","floor":21},{"not_picked":["Dagger Throw","Dagger Spray+1","Deadly Poison+1"],"picked":"SKIP","floor":21},{"not_picked":["Acrobatics","Underhanded Strike"],"picked":"Blade Dance","floor":24},{"not_picked":["Masterful Stab","Deflect","Slice"],"picked":"SKIP","floor":24},{"not_picked":["Bane","Reflex+1"],"picked":"Backstab","floor":27},{"not_picked":["Predator+1","Bouncing Flask","Acrobatics+1"],"picked":"SKIP","floor":27},{"not_picked":["Blade Dance","Bane+1","Crippling Poison"],"picked":"SKIP","floor":31},{"not_picked":["Calculated Gamble","Distraction+1","Quick Slash+1"],"picked":"SKIP","floor":31},{"not_picked":["Phantasmal Killer","Corpse Explosion"],"picked":"Glass Knife","floor":33},{"not_picked":["Well Laid Plans","Quick Slash+1","Bane"],"picked":"SKIP","floor":35},{"not_picked":["Dagger Throw+1","Underhanded Strike+1","Dodge and Roll"],"picked":"SKIP","floor":35},{"not_picked":["Cloak And Dagger","Acrobatics"],"picked":"Blade Dance+1","floor":36},{"not_picked":["Expertise","Terror","Slice"],"picked":"SKIP","floor":36},{"not_picked":["Bane","Cloak And Dagger+1"],"picked":"Footwork","floor":39},{"not_picked":["Blur","Blade Dance+1","Masterful Stab"],"picked":"SKIP","floor":39},{"not_picked":["Sucker Punch+1","Underhanded Strike"],"picked":"Footwork+1","floor":41},{"not_picked":["Prepared","Dagger Throw","Predator+1"],"picked":"SKIP","floor":41},{"not_picked":["Venomology","Flying Knee","Well Laid Plans+1"],"picked":"SKIP","floor":44},{"not_picked":["Heel Hook+1","Deadly Poison+1","Slice"],"picked":"SKIP","floor":44},{"not_picked":["Reflex","Slice+1","Deadly Poison+1"],"picked":"SKIP","floor":46},{"not_picked":["Calculated Gamble","Distraction+1","Underhanded Strike+1"],"picked":"SKIP","floor":46},{"not_picked":["Noxious Fumes+1","Wraith Form v2"],"picked":"PiercingWail+1","floor":48},{"not_picked":["Concentrate+1","Accuracy","Dash"],"picked":"SKIP","floor":54}],"player_experience":792865,"relics_obtained":[{"floor":6,"key":"Oddly Smooth Stone"},{"floor":9,"key":"Blood Vial"},{"floor":13,"key":"Boot"},{"floor":43,"key":"Whetstone"},{"floor":45,"key":"Thread and Needle"},{"floor":48,"key":"StoneCalendar"},{"floor":54,"key":"Ninja Scroll"}],"event_choices":[{"damage_healed":0,"gold_gain":100,"player_choice":"Pray","damage_taken":0,"max_hp_gain":0,"max_hp_loss":0,"event_name":"Golden Shrine","floor":4,"gold_loss":0},{"damage_healed":0,"gold_gain":75,"player_choice":"Gather Gold","damage_taken":11,"max_hp_gain":0,"max_hp_loss":0,"event_name":"World of Goop","floor":7,"gold_loss":0},{"cards_removed":["Strike_G"],"damage_healed":0,"gold_gain":0,"player_choice":"Offered Basic","damage_taken":0,"max_hp_gain":0,"max_hp_loss":0,"event_name":"Bonfire Elementals","floor":19,"gold_loss":0},{"damage_healed":0,"gold_gain":0,"player_choice":"Ignored","damage_taken":0,"max_hp_gain":0,"max_hp_loss":0,"event_name":"Tomb of Lord Red Mask","floor":37,"gold_loss":0},{"damage_healed":0,"gold_gain":0,"player_choice":"Gave Potion","damage_taken":0,"relics_obtained":["Tiny Chest"],"max_hp_gain":0,"max_hp_loss":0,"event_name":"WeMeetAgain","floor":38,"gold_loss":0},{"damage_healed":0,"gold_gain":0,"player_choice":"Fight","damage_taken":0,"max_hp_gain":0,"max_hp_loss":0,"event_name":"Mysterious Sphere","floor":45,"gold_loss":0}],"is_beta":false,"boss_relics":[{"not_picked":["Snecko Eye","Runic Dome"],"picked":"Coffee Dripper"},{"not_picked":["Calling Bell","Orrery"],"picked":"Astrolabe"}],"items_purged_floors":[22,42],"is_endless":false,"potions_floor_spawned":[3,5,8,13,14,20,33,44,46,54],"killed_by":"The Heart","ascension_level":0}