{"gold_per_floor":[110,124,23,39,39,39,73,84,108,121,153,170,170,186,186,265,265,280,280,255,355,45,45,45],"floor_reached":24,"playtime":891,"items_purged":[],"score":516,"play_id":"7a8777f1-7f36-4502-997e-38f819c689a3","local_time":"20190218161508","is_ascension_mode":true,"campfire_choices":[{"data":"Defragment","floor":6.0,"key":"SMITH"},{"data":"Zap","floor":13.0,"key":"SMITH"},{"data":"Dualcast","floor":15.0,"key":"SMITH"},{"data":"Fission","floor":23,"key":"SMITH"}],"neow_cost":"NONE","seed_source_timestamp":4416393235551,"circlet_count":0,"master_deck":["AscendersBane","Strike_B","Defend_B","Defend_B","Defend_B","Defend_B","Zap+1","Dualcast+1","Ball Lightning","Sweeping Beam","Defragment+1","Conserve Battery","Cold Snap","Conserve Battery","Undo","Meteor Strike","Coolheaded","Ball Lightning","Fission+1","Echo Form+1","Recycle+1","Buffer+1","Glacier","Conserve Battery","Beam Cell+1","Rainbow"],"special_seed":0,"relics":["Cracked Core","NeowsBlessing","DataDisk","Art of War","Blood Vial","Astrolabe","Incense Burner","Blue Candle","ClockworkSouvenir"],"potions_floor_usage":[21,21],"damage_taken":[{"damage":0.0,"enemies":"Cultist","floor":1.0,"turns":1.0},{"damage":0.0,"enemies":"Jaw Worm","floor":2.0,"turns":1.0},{"damage":0.0,"enemies":"Small Slimes","floor":4.0,"turns":1.0},{"damage":22.0,"enemies":"3 Sentries","floor":7.0,"turns":9.0},{"damage":0.0,"enemies":"Blue Slaver","floor":8.0,"turns":3.0},{"damage":15.0,"enemies":"Exordium Thugs","floor":10.0,"turns":5.0},{"damage":10.0,"enemies":"Lagavulin","floor":11.0,"turns":6.0},{"damage":0.0,"enemies":"Exordium Wildlife","floor":12.0,"turns":2.0},{"damage":0.0,"enemies":"2 Fungi Beasts","floor":14.0,"turns":3.0},{"damage":0.0,"enemies":"The Guardian","floor":16.0,"turns":10.0},{"damage":0.0,"enemies":"Spheric Guardian","floor":18.0,"turns":5.0},{"damage":22.0,"enemies":"2 Thieves","floor":20.0,"turns":4.0},{"damage":0,"enemies":"Colosseum Slavers","floor":21,"turns":6},{"damage":7,"enemies":"Colosseum Nobs","floor":21,"turns":7},{"damage":44,"enemies":"Slavers","floor":24,"turns":5}],"seed_played":"1958799589968819025","potions_obtained":[{"floor":1.0,"key":"Regen Potion"},{"floor":5.0,"key":"Poison Potion"},{"floor":8.0,"key":"FocusPotion"},{"floor":12.0,"key":"Strength Potion"},{"floor":16.0,"key":"Energy Potion"},{"floor":20.0,"key":"Poison Potion"}],"is_trial":false,"path_per_floor":["M","M","$","M","?","R","E","M","T","M","E","M","R","M","R","B",null,"M","?","M","?","$","R","E"],"character_chosen":"DEFECT","items_purchased":["Defragment","Conserve Battery","ClockworkSouvenir","Rainbow"],"campfire_rested":0,"item_purchase_floors":[3,3,22,22],"current_hp_per_floor":[64,64,64,64,64,64,57,57,57,42,32,34,34,36,36,38,63,65,61,41,38,38,38,0],"gold":45,"neow_bonus":"THREE_ENEMY_KILL","is_prod":false,"is_daily":false,"chose_seed":false,"campfire_upgraded":4,"win_rate":0,"timestamp":1550535308,"path_taken":["M","M","$","?","?","R","E","M","T","?","E","M","R","M","R","BOSS","M","?","?","?","?","R","E"],"build_version":"2019-02-06","purchased_purges":0,"victory":false,"max_hp_per_floor":[71,71,71,71,71,71,71,71,71,71,71,71,71,71,71,71,71,71,71,71,71,71,71,71],"card_choices":[{"not_picked":["Force Field","Aggregate"],"picked":"Ball Lightning","floor":1.0},{"not_picked":["Turbo","Barrage"],"picked":"Sweeping Beam","floor":2.0},{"not_picked":["Steam Power","Steam"],"picked":"Cold Snap","floor":4.0},{"not_picked":["BootSequence","Storm"],"picked":"Conserve Battery","floor":7.0},{"not_picked":["Barrage","Genetic Algorithm"],"picked":"Undo","floor":8.0},{"not_picked":["Redo","Ball Lightning"],"picked":"Meteor Strike","floor":11.0},{"not_picked":["BootSequence","Double Energy"],"picked":"Coolheaded","floor":12.0},{"not_picked":["Sweeping Beam","Rebound"],"picked":"Ball Lightning","floor":14.0},{"not_picked":["Hyperbeam","Amplify"],"picked":"Fission","floor":16.0},{"not_picked":["Coolheaded","Steam"],"picked":"Glacier","floor":18.0},{"not_picked":["Sweeping Beam","Lockon+1"],"picked":"Conserve Battery","floor":20.0},{"not_picked":["Doom and Gloom","Streamline"],"picked":"Beam Cell+1","floor":21}],"player_experience":1168469,"relics_obtained":[{"floor":7.0,"key":"DataDisk"},{"floor":9.0,"key":"Art of War"},{"floor":11.0,"key":"Blood Vial"},{"floor":21,"key":"Incense Burner"},{"floor":21,"key":"Blue Candle"}],"event_choices":[{"damage_healed":0.0,"max_hp_gain":0.0,"max_hp_loss":0.0,"gold_gain":0.0,"event_name":"Lab","player_choice":"Got Potions","floor":5.0,"gold_loss":0.0,"damage_taken":0.0},{"damage_healed":0.0,"max_hp_gain":0.0,"max_hp_loss":0.0,"gold_gain":0.0,"event_name":"The Woman in Blue","player_choice":"Bought 0 Potions","floor":19.0,"gold_loss":0.0,"damage_taken":0.0},{"damage_healed":0,"gold_gain":0,"player_choice":"Fight","damage_taken":0,"max_hp_gain":0,"max_hp_loss":0,"event_name":"Colosseum","floor":21,"gold_loss":0},{"damage_healed":0,"gold_gain":0,"player_choice":"Fought Nobs","damage_taken":0,"max_hp_gain":0,"max_hp_loss":0,"event_name":"Colosseum","floor":21,"gold_loss":0}],"is_beta":true,"boss_relics":[{"not_picked":["Orrery","Philosopher\u0027s Stone"],"picked":"Astrolabe"}],"items_purged_floors":[],"is_endless":false,"potions_floor_spawned":[1,8,10,12,16,20,21],"killed_by":"Slavers","ascension_level":20}