{"gold_per_floor":[109,109,31,45,17,17,46,46,46,78,89,89,45,45,45,120,120],"floor_reached":17,"playtime":339,"items_purged":[],"score":322,"play_id":"af8e6b3c-1ab2-47c7-a287-554292a211ec","local_time":"20190328110423","is_ascension_mode":true,"campfire_choices":[{"data":"Armaments","floor":6,"key":"SMITH"},{"data":"Whirlwind","floor":8,"key":"SMITH"},{"floor":12,"key":"REST"},{"data":"Armaments","floor":15,"key":"SMITH"}],"neow_cost":"NONE","seed_source_timestamp":288693877494,"circlet_count":0,"master_deck":["AscendersBane","Strike_R","Strike_R","Strike_R","Strike_R","Defend_R+1","Defend_R","Defend_R","Defend_R+1","Bash","Armaments+1","Carnage","Wild Strike","Whirlwind+1","Evolve","Armaments+1","Metallicize","Reaper"],"relics":["White Beast Statue","War Paint","Blue Candle","Pen Nib","Du-Vu Doll"],"potions_floor_usage":[7,7,10,11],"damage_taken":[{"damage":5,"enemies":"2 Louse","floor":1,"turns":4},{"damage":1,"enemies":"Cultist","floor":4,"turns":3},{"damage":12,"enemies":"3 Sentries","floor":7,"turns":5},{"damage":36,"enemies":"Lagavulin","floor":10,"turns":6},{"damage":0,"enemies":"Jaw Worm","floor":11,"turns":3},{"damage":21,"enemies":"The Guardian","floor":16,"turns":12}],"seed_played":"7696828338263132280","potions_obtained":[{"floor":1,"key":"PowerPotion"},{"floor":4,"key":"Dexterity Potion"},{"floor":7,"key":"LiquidBronze"},{"floor":10,"key":"SkillPotion"},{"floor":11,"key":"Swift Potion"},{"floor":16,"key":"PowerPotion"}],"is_trial":false,"path_per_floor":["M","?","$","M","$","R","E","R","T","E","M","R","$","T","R","B",null],"character_chosen":"IRONCLAD","items_purchased":["Carnage","Wild Strike","Metallicize"],"campfire_rested":1,"item_purchase_floors":[3,5,13],"current_hp_per_floor":[63,63,63,62,62,62,50,50,50,14,14,36,36,36,36,15,15],"gold":120,"neow_bonus":"BOSS_RELIC","is_prod":false,"is_daily":false,"chose_seed":false,"campfire_upgraded":3,"win_rate":0,"timestamp":1553796263,"path_taken":["M","?","?","?","?","R","E","R","T","E","M","R","$","?","R","BOSS"],"build_version":"2019-03-15","purchased_purges":0,"victory":false,"max_hp_per_floor":[75,75,75,75,75,75,75,75,75,75,75,75,75,75,75,75,75],"card_choices":[{"not_picked":["Wild Strike","Body Slam"],"picked":"Armaments","floor":1},{"not_picked":["Intimidate","Reckless Charge"],"picked":"Whirlwind","floor":7},{"not_picked":["Clothesline","Body Slam"],"picked":"Evolve","floor":10},{"not_picked":["Evolve","Body Slam"],"picked":"Armaments","floor":11},{"not_picked":["Barricade","Offering"],"picked":"Reaper","floor":16}],"player_experience":1377367,"relics_obtained":[{"floor":7,"key":"War Paint"},{"floor":9,"key":"Blue Candle"},{"floor":10,"key":"Pen Nib"},{"floor":14,"key":"Du-Vu Doll"}],"event_choices":[{"cards_removed":["Strike_R"],"damage_healed":0,"gold_gain":0,"player_choice":"Offered Basic","damage_taken":0,"max_hp_gain":0,"max_hp_loss":0,"event_name":"Bonfire Elementals","floor":2,"gold_loss":0}],"is_beta":true,"boss_relics":[],"items_purged_floors":[],"is_endless":false,"potions_floor_spawned":[1,4,7,10,11,16],"ascension_level":20}