{"gold_per_floor":[119,119,294,308,182,216,216,232,232,252,252,286,286,306,306,409,409,420,430,257,271,289,323,323,323,391,410,443,86,96,96,96,195,195,205,217,228,528,300,335,349,349,375,387,417,457,5,24,24,24],"floor_reached":51,"playtime":3464,"items_purged":["Doubt","Strike_G","Writhe","Strike_G","Strike_G"],"score":784,"play_id":"3873708b-4d79-4230-bed7-a8c29ca5bace","local_time":"20190629225235","is_ascension_mode":false,"campfire_choices":[{"data":"Deadly Poison","floor":7.0,"key":"SMITH"},{"data":"Deadly Poison","floor":11.0,"key":"SMITH"},{"data":"Neutralize","floor":15.0,"key":"SMITH"},{"data":"A Thousand Cuts","floor":25.0,"key":"SMITH"},{"floor":32,"key":"REST"},{"data":"After Image","floor":42,"key":"SMITH"},{"data":"After Image","floor":49,"key":"SMITH"}],"neow_cost":"NONE","seed_source_timestamp":348476828494900,"circlet_count":0,"master_deck":["Defend_G","Defend_G","Defend_G","Defend_G","Defend_G","Strike_G","Survivor","Neutralize+1","Well Laid Plans","Deadly Poison+1","Backflip","Deadly Poison+1","Infinite Blades","Backflip","A Thousand Cuts+1","Terror+1","Blade Dance","PiercingWail","PiercingWail","Infinite Blades","Noxious Fumes","Blade Dance","Finisher","After Image+1","Footwork","Well Laid Plans","Blade Dance+1","After Image+1","Finisher","PiercingWail","Backflip+1"],"special_seed":0,"relics":["Ring of the Snake","NeowsBlessing","Prayer Wheel","Ornamental Fan","Mercury Hourglass","Orichalcum","Black Star","Torii","Boot","Strawberry","Bottled Lightning","PreservedInsect","Mummified Hand","Vajra","Busted Crown","Lantern","Gambling Chip","MawBank","Juzu Bracelet","Ancient Tea Set","Bird Faced Urn"],"potions_floor_usage":[28,35,46],"damage_taken":[{"damage":0.0,"enemies":"2 Louse","floor":1.0,"turns":1.0},{"damage":0.0,"enemies":"Small Slimes","floor":4.0,"turns":1.0},{"damage":0.0,"enemies":"Lagavulin","floor":6.0,"turns":2.0},{"damage":2.0,"enemies":"Jaw Worm","floor":8.0,"turns":4.0},{"damage":3.0,"enemies":"Large Slime","floor":10.0,"turns":6.0},{"damage":8.0,"enemies":"Gremlin Nob","floor":12.0,"turns":4.0},{"damage":0.0,"enemies":"Gremlin Gang","floor":14.0,"turns":3.0},{"damage":18.0,"enemies":"Hexaghost","floor":16.0,"turns":8.0},{"damage":29.0,"enemies":"2 Thieves","floor":18.0,"turns":4.0},{"damage":3.0,"enemies":"3 Byrds","floor":19.0,"turns":5.0},{"damage":9.0,"enemies":"Cultist and Chosen","floor":21.0,"turns":6.0},{"damage":3.0,"enemies":"Snecko","floor":22.0,"turns":5.0},{"damage":4.0,"enemies":"Book of Stabbing","floor":23.0,"turns":7.0},{"damage":1.0,"enemies":"3 Cultists","floor":27.0,"turns":4.0},{"damage":24,"enemies":"Slavers","floor":28,"turns":6},{"damage":2,"enemies":"Sentry and Sphere","floor":30,"turns":5},{"damage":15,"enemies":"Champ","floor":33,"turns":9},{"damage":0,"enemies":"3 Darklings","floor":35,"turns":4},{"damage":1,"enemies":"3 Shapes","floor":36,"turns":3},{"damage":9,"enemies":"Maw","floor":37,"turns":7},{"damage":8,"enemies":"Nemesis","floor":40,"turns":4},{"damage":2,"enemies":"4 Shapes","floor":41,"turns":4},{"damage":1,"enemies":"Spire Growth","floor":45,"turns":4},{"damage":10,"enemies":"Reptomancer","floor":46,"turns":3},{"damage":0,"enemies":"Writhing Mass","floor":48,"turns":5},{"damage":70,"enemies":"Time Eater","floor":50,"turns":12}],"seed_played":"4490659701405535319","potions_obtained":[{"floor":1.0,"key":"Weak Potion"},{"floor":8.0,"key":"SteroidPotion"},{"floor":14.0,"key":"FearPotion"},{"floor":19.0,"key":"EssenceOfSteel"},{"floor":27.0,"key":"GamblersBrew"},{"floor":28,"key":"GamblersBrew"},{"floor":33,"key":"Weak Potion"},{"floor":40,"key":"Swift Potion"},{"floor":45,"key":"Poison Potion"}],"is_trial":false,"path_per_floor":["M","?","?","M","$","E","R","M","T","M","R","E","?","M","R","B",null,"M","M","$","M","M","E","?","R","T","M","E","$","M","?","R","B",null,"M","M","M","?","$","E","M","R","T","?","M","E","$","M","R","B",null],"character_chosen":"THE_SILENT","items_purchased":["Backflip","Infinite Blades","Well Laid Plans","Vajra","Finisher","Bird Faced Urn"],"campfire_rested":1,"item_purchase_floors":[5,20,29,29,39,47],"current_hp_per_floor":[70,58,58,58,58,58,58,56,56,53,53,45,45,45,45,27,70,41,38,38,29,26,22,29,29,29,28,4,4,2,2,25,10,77,77,76,67,67,67,59,57,57,57,57,56,46,46,64,64,9],"gold":24,"neow_bonus":"THREE_ENEMY_KILL","is_prod":false,"is_daily":false,"chose_seed":false,"campfire_upgraded":6,"win_rate":0.0,"timestamp":1561866755,"path_taken":["M","?","?","M","$","E","R","M","T","?","R","E","?","?","R","BOSS","M","M","$","?","M","E","?","R","T","M","E","$","M","?","R","BOSS","M","M","?","?","$","E","?","R","T","?","M","E","$","M","R","BOSS"],"build_version":"2019-01-23","purchased_purges":5,"victory":true,"max_hp_per_floor":[70,70,70,70,70,70,70,70,70,70,70,70,70,70,70,70,70,70,70,70,70,70,70,77,77,77,77,77,77,77,77,77,77,77,77,77,77,77,77,77,77,77,77,77,77,77,77,77,77,77],"card_choices":[{"not_picked":["Backflip","Underhanded Strike"],"picked":"Well Laid Plans","floor":1.0},{"not_picked":["Escape Plan","Tactician"],"picked":"Deadly Poison","floor":4.0},{"not_picked":["Flechettes","All Out Attack","Reflex"],"picked":"SKIP","floor":4.0},{"not_picked":["Sucker Punch","Expertise","Deflect"],"picked":"SKIP","floor":6.0},{"not_picked":["Well Laid Plans","Dagger Spray"],"picked":"Deadly Poison","floor":8.0},{"not_picked":["Reflex","Distraction","Dagger Spray"],"picked":"SKIP","floor":8.0},{"not_picked":["Dodge and Roll","Acrobatics"],"picked":"Infinite Blades","floor":10.0},{"not_picked":["Reflex","Dodge and Roll","Expertise"],"picked":"SKIP","floor":10.0},{"not_picked":["Underhanded Strike","Prepared","All Out Attack"],"picked":"SKIP","floor":12.0},{"not_picked":["Prepared","Dodge and Roll"],"picked":"Backflip","floor":14.0},{"not_picked":["Acrobatics","Prepared","Expertise"],"picked":"SKIP","floor":14.0},{"not_picked":["Envenom","Venomology"],"picked":"A Thousand Cuts","floor":16.0},{"not_picked":["Poisoned Stab","Dodge and Roll"],"picked":"Terror+1","floor":18.0},{"not_picked":["Predator","Flying Knee+1"],"picked":"Blade Dance","floor":18.0},{"not_picked":["Underhanded Strike+1","Poisoned Stab+1"],"picked":"PiercingWail","floor":19.0},{"not_picked":["Bullet Time","Predator+1"],"picked":"PiercingWail","floor":19.0},{"not_picked":["Dagger Spray+1","Deflect+1"],"picked":"Noxious Fumes","floor":21.0},{"not_picked":["Backflip","Expertise","Masterful Stab"],"picked":"SKIP","floor":21.0},{"not_picked":["Quick Slash","Dagger Spray+1"],"picked":"Blade Dance","floor":22.0},{"not_picked":["Underhanded Strike","Poisoned Stab","Dodge and Roll"],"picked":"SKIP","floor":22.0},{"not_picked":["Flechettes","Deflect+1"],"picked":"Finisher","floor":23.0},{"not_picked":["Terror","Acrobatics"],"picked":"After Image","floor":27.0},{"not_picked":["Deflect","Prepared","Flying Knee"],"picked":"SKIP","floor":27.0},{"not_picked":["Deadly Poison","Blade Dance"],"picked":"Footwork","floor":28},{"not_picked":["Outmaneuver","Poisoned Stab"],"picked":"Blade Dance+1","floor":30},{"not_picked":["Sucker Punch+1","Dash","Quick Slash"],"picked":"SKIP","floor":30},{"not_picked":["Phantasmal Killer","Bullet Time"],"picked":"After Image","floor":33},{"not_picked":["Tactician+1"],"picked":"SKIP","floor":35},{"not_picked":["Flying Knee"],"picked":"SKIP","floor":35},{"not_picked":["Reflex"],"picked":"SKIP","floor":36},{"not_picked":["Slice+1"],"picked":"SKIP","floor":36},{"not_picked":["Endless Agony"],"picked":"SKIP","floor":37},{"not_picked":["Masterful Stab+1"],"picked":"SKIP","floor":37},{"not_picked":["Dodge and Roll"],"picked":"SKIP","floor":40},{"not_picked":["Flying Knee"],"picked":"SKIP","floor":41},{"not_picked":["Dodge and Roll"],"picked":"SKIP","floor":41},{"not_picked":[],"picked":"PiercingWail","floor":45},{"not_picked":["Expertise"],"picked":"SKIP","floor":45},{"not_picked":["Endless Agony+1"],"picked":"SKIP","floor":46},{"not_picked":[],"picked":"Backflip+1","floor":48},{"not_picked":["PiercingWail"],"picked":"SKIP","floor":48}],"player_experience":5827,"relics_obtained":[{"floor":6.0,"key":"Ornamental Fan"},{"floor":9.0,"key":"Mercury Hourglass"},{"floor":12.0,"key":"Orichalcum"},{"floor":23.0,"key":"Torii"},{"floor":23.0,"key":"Boot"},{"floor":26.0,"key":"Bottled Lightning"},{"floor":28,"key":"PreservedInsect"},{"floor":28,"key":"Mummified Hand"},{"floor":40,"key":"Lantern"},{"floor":40,"key":"Gambling Chip"},{"floor":43,"key":"MawBank"},{"floor":46,"key":"Juzu Bracelet"},{"floor":46,"key":"Ancient Tea Set"}],"event_choices":[{"damage_healed":0.0,"max_hp_gain":0.0,"max_hp_loss":0.0,"gold_gain":0.0,"event_name":"Scrap Ooze","player_choice":"Success","floor":2.0,"gold_loss":0.0,"damage_taken":12.0,"relics_obtained":["Prayer Wheel"]},{"damage_healed":0.0,"max_hp_gain":0.0,"max_hp_loss":0.0,"gold_gain":175.0,"event_name":"Liars Game","player_choice":"AGREE","floor":3.0,"gold_loss":0.0,"damage_taken":0.0,"cards_obtained":["Doubt"]},{"cards_removed":["Strike_G"],"damage_healed":0.0,"max_hp_gain":0.0,"max_hp_loss":0.0,"gold_gain":0.0,"event_name":"Purifier","player_choice":"Purged","floor":13.0,"gold_loss":0.0,"damage_taken":0.0},{"damage_healed":0.0,"max_hp_gain":0.0,"max_hp_loss":0.0,"gold_gain":0.0,"event_name":"The Mausoleum","player_choice":"Opened","floor":24.0,"gold_loss":0.0,"damage_taken":0.0,"relics_obtained":["Strawberry"],"cards_obtained":["Writhe"]},{"damage_healed":0,"gold_gain":0,"player_choice":"Ignored","damage_taken":0,"max_hp_gain":0,"max_hp_loss":0,"event_name":"NoteForYourself","floor":31,"gold_loss":0},{"damage_healed":0,"gold_gain":300,"player_choice":"Gold","damage_taken":0,"max_hp_gain":0,"max_hp_loss":0,"event_name":"Wheel of Change","floor":38,"gold_loss":0},{"damage_healed":0,"gold_gain":0,"player_choice":"Ignored","damage_taken":0,"max_hp_gain":0,"max_hp_loss":0,"event_name":"Tomb of Lord Red Mask","floor":44,"gold_loss":0}],"is_beta":false,"boss_relics":[{"not_picked":["Orrery","Runic Dome"],"picked":"Black Star"},{"not_picked":["Snecko Eye","Calling Bell"],"picked":"Busted Crown"}],"items_purged_floors":[5,20,29,39,47],"is_endless":false,"potions_floor_spawned":[1,8,14,16,18,19,27,28,33,40,45],"ascension_level":0}