{"gold_per_floor":[116,116,116,116,33,74,74,24,74,74,118,138,156,199,199,199],"floor_reached":16,"playtime":269,"items_purged":[],"score":332,"play_id":"da967423-4471-49ed-8d21-3f84d772513a","local_time":"20190324010102","is_ascension_mode":true,"campfire_choices":[{"data":"Streamline","floor":7,"key":"SMITH"},{"data":"Meteor Strike","floor":10,"key":"SMITH"},{"floor":15,"key":"REST"}],"neow_cost":"NONE","seed_source_timestamp":49116124333907,"circlet_count":0,"master_deck":["AscendersBane","Strike_B","Strike_B+1","Strike_B+1","Strike_B","Defend_B","Defend_B","Defend_B","Defend_B","Zap+1","Dualcast","Streamline+1","Auto Shields","Meteor Strike+1","Turbo","Reprogram","Hologram","Steam","Skim+1"],"relics":["Cracked Core","NeowsBlessing","Golden Idol","Whetstone","Oddly Smooth Stone","Sundial","Toxic Egg 2"],"potions_floor_usage":[16,16],"damage_taken":[{"damage":0,"enemies":"2 Louse","floor":1,"turns":1},{"damage":0,"enemies":"Gremlin Nob","floor":6,"turns":1},{"damage":0,"enemies":"3 Sentries","floor":11,"turns":2},{"damage":6,"enemies":"Jaw Worm","floor":12,"turns":2},{"damage":0,"enemies":"Small Slimes","floor":13,"turns":2},{"damage":60,"enemies":"Gremlin Nob","floor":14,"turns":5},{"damage":27,"enemies":"Slime Boss","floor":16,"turns":7}],"seed_played":"9060675184897494173","potions_obtained":[{"floor":11,"key":"Regen Potion"},{"floor":12,"key":"FocusPotion"}],"is_trial":false,"path_per_floor":["M","?","?","?","$","E","R","$","T","R","E","M","M","E","R","B"],"character_chosen":"DEFECT","items_purchased":["Auto Shields","Turbo"],"campfire_rested":1,"item_purchase_floors":[5,8],"current_hp_per_floor":[64,69,69,69,69,69,69,69,69,69,69,63,63,3,23,11],"gold":199,"neow_bonus":"THREE_ENEMY_KILL","is_prod":false,"is_daily":false,"chose_seed":false,"campfire_upgraded":2,"win_rate":0,"timestamp":1553414462,"path_taken":["M","?","?","?","$","E","R","$","T","R","E","M","M","E","R","BOSS"],"build_version":"2019-03-15","purchased_purges":0,"victory":false,"max_hp_per_floor":[71,76,69,69,69,69,69,69,69,69,69,69,69,69,69,69],"card_choices":[{"not_picked":["Redo","Hologram"],"picked":"Streamline","floor":1},{"not_picked":["Sweeping Beam","Compile Driver"],"picked":"Meteor Strike","floor":6},{"not_picked":["Static Discharge","Skim"],"picked":"Reprogram","floor":11},{"not_picked":["Melter","Sweeping Beam"],"picked":"Hologram","floor":12},{"not_picked":["Steam Power","Rebound"],"picked":"Steam","floor":13},{"not_picked":["Sweeping Beam","Stack"],"picked":"Skim","floor":14}],"player_experience":1358587,"relics_obtained":[{"floor":6,"key":"Whetstone"},{"floor":9,"key":"Oddly Smooth Stone"},{"floor":11,"key":"Sundial"},{"floor":14,"key":"Toxic Egg 2"}],"event_choices":[{"damage_healed":0,"gold_gain":0,"player_choice":"Donut","damage_taken":0,"max_hp_gain":5,"max_hp_loss":0,"event_name":"Big Fish","floor":2,"gold_loss":0},{"damage_healed":0,"gold_gain":0,"player_choice":"Lose Max HP","damage_taken":0,"relics_obtained":["Golden Idol"],"max_hp_gain":0,"max_hp_loss":7,"event_name":"Golden Idol","floor":3,"gold_loss":0},{"damage_healed":0,"gold_gain":0,"player_choice":"Grow","damage_taken":0,"max_hp_gain":0,"max_hp_loss":0,"event_name":"Living Wall","floor":4,"gold_loss":0,"cards_upgraded":["Zap"]}],"is_beta":true,"boss_relics":[],"items_purged_floors":[],"is_endless":false,"potions_floor_spawned":[11,12],"killed_by":"Slime Boss","ascension_level":20}