{"gold_per_floor":[111,129,129,52,64,64,96,96,143,13,41,53,53,83,83,157,157,168,168,168,443,457,457,293,327,350,350,363,378,378,378,378,450,450,469,290,390,401,451,485,485,360,360,394,406,425,425,32,32,32,32],"floor_reached":52,"playtime":1927,"items_purged":["Regret","Strike_G+1","Strike_G+1"],"score":2263,"play_id":"f65520d9-d6b9-414b-9d3b-66ff304d2f65","local_time":"20190319112557","is_ascension_mode":true,"campfire_choices":[{"data":"Neutralize","floor":6.0,"key":"SMITH"},{"data":"All Out Attack","floor":8.0,"key":"SMITH"},{"data":"Catalyst","floor":15.0,"key":"SMITH"},{"data":"Ghostly","floor":23,"key":"SMITH"},{"data":"Ghostly","floor":27,"key":"SMITH"},{"data":"Ghostly","floor":30,"key":"SMITH"},{"data":"Catalyst","floor":32,"key":"SMITH"},{"floor":41,"key":"DIG"},{"floor":49,"key":"DIG"}],"neow_cost":"NONE","seed_source_timestamp":1195358904077,"circlet_count":0,"master_deck":["AscendersBane","Defend_G+1","Defend_G+1","Defend_G+1","Defend_G+1","Defend_G+1","Strike_G+1","Strike_G+1","Survivor","Neutralize+1","Flying Knee","Poisoned Stab","Acrobatics","All Out Attack+1","Deadly Poison","Crippling Poison","Catalyst+1","Leg Sweep","Bouncing Flask","Bullet Time","Deadly Poison","Ghostly+1","Ghostly+1","Ghostly+1","Concentrate","Catalyst+1","Cloak And Dagger+1","Corpse Explosion","Bouncing Flask","Leg Sweep","Backflip","Leg Sweep+1","Leg Sweep+1","Sucker Punch+1","Backflip+1"],"special_seed":0,"relics":["Ring of the Snake","NeowsBlessing","PreservedInsect","Snake Skull","Vajra","Sundial","Runic Pyramid","Pen Nib","Happy Flower","Fusion Hammer","Shovel","Juzu Bracelet","Strawberry","Ginger","Toxic Egg 2","Bag of Marbles","Gambling Chip","Mercury Hourglass"],"potions_floor_usage":[22],"damage_taken":[{"damage":0.0,"enemies":"Cultist","floor":1.0,"turns":1.0},{"damage":0.0,"enemies":"Jaw Worm","floor":2.0,"turns":1.0},{"damage":0.0,"enemies":"2 Louse","floor":5.0,"turns":1.0},{"damage":21.0,"enemies":"Lagavulin","floor":7.0,"turns":6.0},{"damage":6.0,"enemies":"3 Sentries","floor":11.0,"turns":4.0},{"damage":1.0,"enemies":"Exordium Wildlife","floor":12.0,"turns":4.0},{"damage":9.0,"enemies":"Lagavulin","floor":14.0,"turns":4.0},{"damage":20.0,"enemies":"Hexaghost","floor":16.0,"turns":8.0},{"damage":0,"enemies":"Chosen","floor":18,"turns":3},{"damage":0,"enemies":"3 Byrds","floor":22,"turns":5},{"damage":8,"enemies":"Slavers","floor":25,"turns":4},{"damage":0,"enemies":"Snecko","floor":28,"turns":4},{"damage":0,"enemies":"Centurion and Healer","floor":29,"turns":5},{"damage":0,"enemies":"Champ","floor":33,"turns":5},{"damage":0,"enemies":"Orb Walker","floor":35,"turns":2},{"damage":0,"enemies":"Mind Bloom Boss Battle","floor":37,"turns":4},{"damage":0,"enemies":"3 Darklings","floor":38,"turns":5},{"damage":0,"enemies":"Nemesis","floor":40,"turns":5},{"damage":0,"enemies":"Giant Head","floor":44,"turns":3},{"damage":0,"enemies":"Writhing Mass","floor":45,"turns":4},{"damage":0,"enemies":"4 Shapes","floor":46,"turns":5},{"damage":6,"enemies":"Awakened One","floor":50,"turns":17},{"damage":0,"enemies":"Time Eater","floor":51,"turns":8}],"seed_played":"-1684359613458006178","potions_obtained":[{"floor":5.0,"key":"Weak Potion"},{"floor":7.0,"key":"PowerPotion"},{"floor":16.0,"key":"EssenceOfSteel"},{"floor":22,"key":"GhostInAJar"},{"floor":28,"key":"Fire Potion"}],"is_trial":false,"path_per_floor":["M","M","?","$","M","R","E","R","T","$","E","M","?","E","R","B",null,"M","$","?","?","M","R","$","E","T","R","M","M","R","?","R","B",null,"M","$","?","M","T","E","R","$","T","E","M","M","?","$","R","B","B",null],"character_chosen":"THE_SILENT","items_purchased":["All Out Attack","Crippling Poison","Catalyst","Catalyst","Bouncing Flask","Gambling Chip","Backflip+1"],"campfire_rested":0,"item_purchase_floors":[4,10,10,24,36,48,48],"current_hp_per_floor":[59,59,59,59,59,59,38,38,38,38,32,31,31,22,22,2,50,50,50,33,33,33,33,33,25,25,25,25,25,25,25,25,25,31,31,31,31,31,31,38,38,38,38,38,38,38,38,38,38,32,32],"gold":32,"neow_bonus":"THREE_ENEMY_KILL","is_prod":false,"is_daily":false,"chose_seed":false,"campfire_upgraded":7,"win_rate":0,"timestamp":1553019957,"path_taken":["M","M","?","$","M","R","E","R","T","?","E","?","?","E","R","BOSS","M","$","?","?","M","R","$","E","T","R","M","?","R","?","R","BOSS","M","$","?","M","?","E","R","$","T","E","M","M","?","$","R","BOSS","BOSS"],"build_version":"2019-03-15","purchased_purges":3,"victory":true,"max_hp_per_floor":[66,66,66,66,66,66,66,66,66,66,66,66,66,66,66,66,66,66,66,33,33,33,33,33,33,33,33,33,33,33,33,33,33,33,33,33,33,33,33,40,40,40,40,40,40,40,38,38,38,38,38],"card_choices":[{"not_picked":["Backflip","Reflex"],"picked":"Flying Knee","floor":1.0},{"not_picked":["Bane","Acrobatics"],"picked":"Poisoned Stab","floor":2.0},{"not_picked":["PiercingWail","Bane"],"picked":"Deadly Poison","floor":5.0},{"not_picked":["Backflip","Acrobatics"],"picked":"Leg Sweep","floor":11.0},{"not_picked":["Outmaneuver","Eviscerate"],"picked":"Bouncing Flask","floor":12.0},{"not_picked":["Tools of the Trade","A Thousand Cuts"],"picked":"Bullet Time","floor":16.0},{"not_picked":["Underhanded Strike","Calculated Gamble"],"picked":"Deadly Poison","floor":18},{"not_picked":["Outmaneuver","Sucker Punch+1"],"picked":"Concentrate","floor":22},{"not_picked":["After Image","Slice"],"picked":"Cloak And Dagger+1","floor":25},{"not_picked":["Grand Finale","Die Die Die"],"picked":"Corpse Explosion","floor":33},{"not_picked":["Outmaneuver","Sucker Punch+1"],"picked":"Leg Sweep","floor":38},{"not_picked":["Masterful Stab+1","Deadly Poison"],"picked":"Backflip","floor":40},{"not_picked":["Slice","Well Laid Plans"],"picked":"Leg Sweep+1","floor":44},{"not_picked":["Flechettes","Underhanded Strike+1"],"picked":"Leg Sweep+1","floor":45},{"not_picked":["Deflect+1","Cloak And Dagger+1"],"picked":"Sucker Punch+1","floor":46}],"player_experience":1321163,"relics_obtained":[{"floor":7.0,"key":"PreservedInsect"},{"floor":9.0,"key":"Snake Skull"},{"floor":11.0,"key":"Vajra"},{"floor":14.0,"key":"Sundial"},{"floor":25,"key":"Pen Nib"},{"floor":26,"key":"Happy Flower"},{"floor":37,"key":"Shovel"},{"floor":39,"key":"Juzu Bracelet"},{"floor":40,"key":"Strawberry"},{"floor":41,"key":"Ginger"},{"floor":43,"key":"Toxic Egg 2"},{"floor":44,"key":"Bag of Marbles"},{"floor":49,"key":"Mercury Hourglass"}],"event_choices":[{"damage_healed":0.0,"max_hp_gain":0.0,"max_hp_loss":0.0,"gold_gain":0.0,"cards_transformed":["Strike_G"],"event_name":"Transmorgrifier","player_choice":"Transformed","floor":3.0,"gold_loss":0.0,"damage_taken":0.0,"cards_obtained":["Acrobatics"]},{"damage_healed":0.0,"max_hp_gain":0.0,"max_hp_loss":0.0,"gold_gain":0.0,"event_name":"Shining Light","player_choice":"Ignored","floor":13.0,"gold_loss":0.0,"damage_taken":0.0},{"damage_healed":0,"gold_gain":0,"player_choice":"Became a Ghost","damage_taken":0,"max_hp_gain":0,"max_hp_loss":33,"event_name":"Ghosts","floor":20,"gold_loss":0,"cards_obtained":["Ghostly","Ghostly","Ghostly"]},{"damage_healed":0,"gold_gain":275,"player_choice":"Desecrate","damage_taken":0,"max_hp_gain":0,"max_hp_loss":0,"event_name":"Golden Shrine","floor":21,"gold_loss":0,"cards_obtained":["Regret"]},{"damage_healed":0,"gold_gain":0,"player_choice":"Simplicity","damage_taken":0,"max_hp_gain":0,"max_hp_loss":0,"event_name":"Back to Basics","floor":31,"gold_loss":0,"cards_upgraded":["Defend_G","Defend_G","Defend_G","Defend_G","Defend_G","Strike_G","Strike_G","Strike_G","Strike_G"]},{"damage_healed":0,"gold_gain":0,"player_choice":"Fight","damage_taken":0,"max_hp_gain":0,"max_hp_loss":0,"event_name":"MindBloom","floor":37,"gold_loss":0},{"damage_healed":0,"gold_gain":0,"player_choice":"Max HP","damage_taken":0,"max_hp_gain":0,"max_hp_loss":2,"event_name":"Winding Halls","floor":47,"gold_loss":0}],"is_beta":true,"boss_relics":[{"not_picked":["Ectoplasm","Eternal Feather"],"picked":"Runic Pyramid"},{"not_picked":["Astrolabe","White Beast Statue"],"picked":"Fusion Hammer"}],"items_purged_floors":[24,36,42],"is_endless":false,"potions_floor_spawned":[5,7,16,22,28,40,44,45],"ascension_level":20}