{"gold_per_floor":[115,5,5,29,52,87,107,107,107,126,126,149,188,206,206,332,332,353,367,381,381,182,222,241,241,290,43,66,90,133,148,148,276,276,291,624,624,644,663,693,693,711,711,811,826,826,846,846,846,846,846,846,11,43,43],"floor_reached":56,"playtime":5160,"items_purged":["Strike_G","Survivor"],"score":1210,"play_id":"7e80b90a-8f41-4b7b-8f6a-e98fdb493695","local_time":"20190606170007","is_ascension_mode":false,"campfire_choices":[{"floor":8,"key":"REST"},{"data":"Infinite Blades","floor":15,"key":"SMITH"},{"data":"A Thousand Cuts","floor":25,"key":"SMITH"},{"floor":32,"key":"REST"},{"floor":46,"key":"RECALL"},{"data":"1","floor":49,"key":"LIFT"},{"data":"2","floor":52,"key":"LIFT"}],"neow_cost":"NONE","seed_source_timestamp":1576841890806044,"circlet_count":0,"master_deck":["Defend_G+1","Defend_G+1","Defend_G+1","Defend_G+1","Defend_G+1","Strike_G+1","Strike_G+1","Neutralize+1","Backflip","Finisher","Dash","Poisoned Stab","Backflip","Deflect","Finisher","Infinite Blades+1","A Thousand Cuts+1","Flechettes+1","Well Laid Plans+1","Dodge and Roll+1","Footwork","Blade Dance","Blade Dance","Malaise","Accuracy+1","Adrenaline","Dagger Spray","Violence","Infinite Blades"],"relics":["Ring of the Snake","Incense Burner","Kunai","Ninja Scroll","Astrolabe","ClockworkSouvenir","Singing Bowl","Mercury Hourglass","Mummified Hand","Busted Crown","Strawberry","Potion Belt","Girya","Ginger","Lantern","Toy Ornithopter","Bottled Flame"],"potions_floor_usage":[13,23,28,30,33,55,55,55,55,55],"damage_taken":[{"damage":2,"enemies":"Small Slimes","floor":1,"turns":5},{"damage":0,"enemies":"Jaw Worm","floor":4,"turns":5},{"damage":0,"enemies":"Cultist","floor":5,"turns":4},{"damage":20,"enemies":"3 Sentries","floor":6,"turns":9},{"damage":0,"enemies":"Exordium Thugs","floor":7,"turns":4},{"damage":1,"enemies":"Exordium Wildlife","floor":10,"turns":2},{"damage":16,"enemies":"Gremlin Gang","floor":12,"turns":5},{"damage":5,"enemies":"Gremlin Nob","floor":13,"turns":4},{"damage":0,"enemies":"Looter","floor":14,"turns":1},{"damage":8,"enemies":"The Guardian","floor":16,"turns":11},{"damage":4,"enemies":"Shell Parasite","floor":18,"turns":4},{"damage":0,"enemies":"3 Byrds","floor":19,"turns":4},{"damage":2,"enemies":"Cultist and Chosen","floor":20,"turns":7},{"damage":20,"enemies":"Slavers","floor":23,"turns":6},{"damage":2,"enemies":"Centurion and Healer","floor":24,"turns":9},{"damage":11,"enemies":"Snecko","floor":28,"turns":4},{"damage":3,"enemies":"Snake Plant","floor":29,"turns":6},{"damage":6,"enemies":"Book of Stabbing","floor":30,"turns":5},{"damage":11,"enemies":"Centurion and Healer","floor":31,"turns":6},{"damage":14,"enemies":"Collector","floor":33,"turns":6},{"damage":0,"enemies":"3 Darklings","floor":35,"turns":4},{"damage":1,"enemies":"Orb Walker","floor":38,"turns":3},{"damage":0,"enemies":"Spire Growth","floor":39,"turns":4},{"damage":1,"enemies":"Giant Head","floor":40,"turns":7},{"damage":0,"enemies":"4 Shapes","floor":42,"turns":4},{"damage":0,"enemies":"Mind Bloom Boss Battle","floor":44,"turns":6},{"damage":0,"enemies":"Transient","floor":45,"turns":5},{"damage":0,"enemies":"Sphere and 2 Shapes","floor":47,"turns":3},{"damage":15,"enemies":"Donu and Deca","floor":50,"turns":7},{"damage":8,"enemies":"Shield and Spear","floor":54,"turns":5},{"damage":31,"enemies":"The Heart","floor":55,"turns":9}],"seed_played":"-1734335705189076722","potions_obtained":[{"floor":12,"key":"Fire Potion"},{"floor":13,"key":"Regen Potion"},{"floor":14,"key":"GhostInAJar"},{"floor":16,"key":"Weak Potion"},{"floor":23,"key":"SteroidPotion"},{"floor":28,"key":"Dexterity Potion"},{"floor":38,"key":"Ancient Potion"},{"floor":42,"key":"Swift Potion"},{"floor":44,"key":"GhostInAJar"}],"is_trial":false,"path_per_floor":["M","$","?","M","M","E","M","R","T","M","?","M","E","M","R","B",null,"M","M","M","?","$","E","M","R","T","$","M","M","E","M","R","B",null,"M","?","?","M","M","E","?","M","T","?","M","R","M","?","R","B",null,"R","$","E","B",null],"character_chosen":"THE_SILENT","items_purchased":["Noxious Fumes","ClockworkSouvenir","Mercury Hourglass","Infinite Blades","GhostInAJar","Ginger","Lantern","Toy Ornithopter"],"campfire_rested":2,"item_purchase_floors":[2,22,27,53,53,53,53,53],"current_hp_per_floor":[68,68,51,51,51,31,31,52,52,51,51,35,30,30,30,22,70,66,66,64,64,64,59,59,59,59,59,48,47,41,30,52,38,74,76,76,76,77,79,87,85,85,85,87,89,89,91,88,88,73,93,93,93,87,81],"gold":43,"neow_bonus":"UPGRADE_CARD","is_prod":false,"is_daily":false,"chose_seed":false,"campfire_upgraded":2,"win_rate":0,"timestamp":1559858407,"path_taken":["M","$","?","M","M","E","M","R","T","M","?","M","E","M","R","BOSS","M","?","M","?","?","E","M","R","T","$","?","M","E","?","R","BOSS","M","?","?","M","M","E","?","M","T","?","?","R","M","?","R","BOSS","R","$","E","BOSS"],"build_version":"2019-01-23","purchased_purges":2,"victory":true,"max_hp_per_floor":[70,70,70,70,70,70,70,70,70,70,70,70,70,70,70,70,70,70,70,70,70,70,70,72,72,72,72,72,74,74,74,74,74,74,76,76,76,78,80,89,85,85,85,87,89,89,91,93,93,93,93,93,93,95,95],"card_choices":[{"not_picked":["Flying Knee","Prepared"],"picked":"Backflip","floor":1},{"not_picked":["Underhanded Strike","Slice"],"picked":"Finisher","floor":4},{"not_picked":["PiercingWail","Blade Dance"],"picked":"Dash","floor":5},{"not_picked":["Deflect","Blade Dance"],"picked":"Die Die Die","floor":6},{"not_picked":["Crippling Poison","Riddle With Holes"],"picked":"Poisoned Stab","floor":7},{"not_picked":["All Out Attack","Flechettes"],"picked":"Backflip","floor":10},{"not_picked":["Dagger Throw","Reflex"],"picked":"Deflect","floor":12},{"not_picked":["Quick Slash","Slice"],"picked":"Finisher","floor":13},{"not_picked":["Sucker Punch","Heel Hook"],"picked":"Infinite Blades","floor":14},{"not_picked":["Venomology","Burst"],"picked":"A Thousand Cuts","floor":16},{"not_picked":["Blur","Deadly Poison","Distraction"],"picked":"SKIP","floor":18},{"not_picked":["Flying Knee","Concentrate"],"picked":"Footwork","floor":19},{"not_picked":["Outmaneuver","Crippling Poison","Eviscerate"],"picked":"SKIP","floor":20},{"not_picked":["Outmaneuver","Deflect"],"picked":"Blade Dance","floor":23},{"not_picked":["Distraction+1","Deflect","Poisoned Stab"],"picked":"Singing Bowl","floor":24},{"not_picked":["Catalyst+1","Bane"],"picked":"Blade Dance","floor":28},{"not_picked":["Underhanded Strike","Heel Hook+1","Caltrops"],"picked":"Singing Bowl","floor":29},{"not_picked":["Acrobatics","Predator+1"],"picked":"Malaise","floor":30},{"not_picked":["Bane","Underhanded Strike+1"],"picked":"Accuracy+1","floor":31},{"not_picked":["A Thousand Cuts","Phantasmal Killer"],"picked":"Adrenaline","floor":33},{"not_picked":["Skewer+1"],"picked":"Singing Bowl","floor":35},{"not_picked":["Outmaneuver+1"],"picked":"Singing Bowl","floor":38},{"not_picked":["Expertise+1"],"picked":"Singing Bowl","floor":39},{"not_picked":["Bane"],"picked":"Singing Bowl","floor":40},{"not_picked":[],"picked":"Dagger Spray","floor":42},{"not_picked":["Blur"],"picked":"Singing Bowl","floor":44},{"not_picked":["Backflip"],"picked":"Singing Bowl","floor":45},{"not_picked":["Calculated Gamble+1"],"picked":"Singing Bowl","floor":47},{"not_picked":["Purity"],"picked":"Singing Bowl","floor":48},{"not_picked":[],"picked":"Violence","floor":48},{"not_picked":["Outmaneuver"],"picked":"Singing Bowl","floor":54}],"player_experience":738800,"relics_obtained":[{"floor":6,"key":"Incense Burner"},{"floor":9,"key":"Kunai"},{"floor":13,"key":"Ninja Scroll"},{"floor":23,"key":"Singing Bowl"},{"floor":30,"key":"Mummified Hand"},{"floor":40,"key":"Strawberry"},{"floor":43,"key":"Potion Belt"},{"floor":44,"key":"Girya"},{"floor":54,"key":"Bottled Flame"}],"event_choices":[{"damage_healed":0,"gold_gain":0,"player_choice":"Take Damage","damage_taken":17,"relics_obtained":["Golden Idol"],"max_hp_gain":0,"max_hp_loss":0,"event_name":"Golden Idol","floor":3,"gold_loss":0},{"damage_healed":0,"gold_gain":0,"cards_transformed":["Strike_G"],"player_choice":"Transformed","damage_taken":0,"max_hp_gain":0,"max_hp_loss":0,"event_name":"Transmorgrifier","floor":11,"gold_loss":0,"cards_obtained":["Noxious Fumes"]},{"damage_healed":0,"gold_gain":0,"player_choice":"Simplicity","damage_taken":0,"max_hp_gain":0,"max_hp_loss":0,"event_name":"Back to Basics","floor":21,"gold_loss":0,"cards_upgraded":["Defend_G","Defend_G","Defend_G","Defend_G","Defend_G","Strike_G","Strike_G"]},{"damage_healed":0,"gold_gain":333,"player_choice":"Gave Idol","damage_taken":0,"max_hp_gain":0,"max_hp_loss":0,"event_name":"The Moai Head","floor":36,"relics_lost":["Golden Idol"],"gold_loss":0},{"cards_removed":["Die Die Die"],"damage_healed":0,"gold_gain":0,"player_choice":"Removed Attack","damage_taken":0,"max_hp_gain":0,"max_hp_loss":0,"event_name":"Falling","floor":37,"gold_loss":0},{"damage_healed":0,"gold_gain":0,"player_choice":"Max HP","damage_taken":0,"max_hp_gain":0,"max_hp_loss":4,"event_name":"Winding Halls","floor":41,"gold_loss":0},{"damage_healed":0,"gold_gain":0,"player_choice":"Fight","damage_taken":0,"max_hp_gain":0,"max_hp_loss":0,"event_name":"MindBloom","floor":44,"gold_loss":0},{"damage_healed":0,"gold_gain":0,"player_choice":"Memory 2","damage_taken":5,"max_hp_gain":0,"max_hp_loss":0,"event_name":"SensoryStone","floor":48,"gold_loss":0}],"is_beta":false,"boss_relics":[{"not_picked":["Calling Bell","Velvet Choker"],"picked":"Astrolabe"},{"not_picked":["Coffee Dripper","Ring of the Serpent"],"picked":"Busted Crown"}],"items_purged_floors":[2,53],"is_endless":false,"potions_floor_spawned":[1,12,13,14,16,18,23,24,28,29,38,42,44,54],"ascension_level":0}