{"gold_per_floor":[366,366,366,384,401,401,435,435,435,455,455],"floor_reached":11,"playtime":467,"items_purged":[],"score":73,"play_id":"134493ab-b213-4816-858b-77a3092863d5","local_time":"20190706000608","is_ascension_mode":false,"campfire_choices":[{"floor":6,"key":"RECALL"},{"data":"Calculated Gamble","floor":8,"key":"SMITH"}],"neow_cost":"CURSE","seed_source_timestamp":384781764899469,"circlet_count":0,"master_deck":["Strike_G","Strike_G","Strike_G","Strike_G","Strike_G","Defend_G","Defend_G","Defend_G","Defend_G","Defend_G","Survivor","Neutralize","Decay","Bouncing Flask","Blade Dance","Endless Agony","Calculated Gamble+1","Dodge and Roll"],"relics":["Ring of the Snake","Darkstone Periapt","Meat on the Bone","Boot"],"potions_floor_usage":[11],"damage_taken":[{"damage":0,"enemies":"2 Louse","floor":1,"turns":2},{"damage":0,"enemies":"Jaw Worm","floor":4,"turns":4},{"damage":1,"enemies":"Cultist","floor":5,"turns":4},{"damage":34,"enemies":"Lagavulin","floor":7,"turns":6},{"damage":1,"enemies":"2 Fungi Beasts","floor":10,"turns":3},{"damage":59,"enemies":"Gremlin Nob","floor":11,"turns":4}],"seed_played":"7871608603021968909","potions_obtained":[{"floor":7,"key":"Dexterity Potion"}],"is_trial":false,"path_per_floor":["M","?","?","M","M","R","E","R","T","M","E"],"character_chosen":"THE_SILENT","items_purchased":[],"campfire_rested":0,"item_purchase_floors":[],"current_hp_per_floor":[70,76,76,76,75,75,41,41,41,40,0],"gold":455,"neow_bonus":"TWO_FIFTY_GOLD","is_prod":false,"is_daily":false,"chose_seed":false,"campfire_upgraded":1,"win_rate":0,"timestamp":1562339168,"path_taken":["M","?","?","M","M","R","E","R","T","M","E"],"build_version":"2019-07-01","purchased_purges":0,"victory":false,"max_hp_per_floor":[70,76,76,76,76,76,76,76,76,76,76],"card_choices":[{"not_picked":["Underhanded Strike","Dodge and Roll"],"picked":"Bouncing Flask","floor":1},{"not_picked":["Deflect","Underhanded Strike"],"picked":"Blade Dance","floor":4},{"not_picked":["Choke","Footwork"],"picked":"Endless Agony","floor":5},{"not_picked":["PiercingWail","Quick Slash"],"picked":"Calculated Gamble","floor":7},{"not_picked":["Bane","Sucker Punch"],"picked":"Dodge and Roll","floor":10}],"player_experience":36577,"relics_obtained":[{"floor":7,"key":"Meat on the Bone"},{"floor":9,"key":"Boot"}],"event_choices":[{"damage_healed":0,"gold_gain":0,"player_choice":"Box","damage_taken":0,"relics_obtained":["Darkstone Periapt"],"max_hp_gain":0,"max_hp_loss":0,"event_name":"Big Fish","floor":2,"gold_loss":0,"cards_obtained":["Regret"]},{"cards_removed":["Regret"],"damage_healed":0,"gold_gain":0,"player_choice":"Forget","damage_taken":0,"max_hp_gain":0,"max_hp_loss":0,"event_name":"Living Wall","floor":3,"gold_loss":0}],"is_beta":false,"boss_relics":[],"items_purged_floors":[],"is_endless":false,"potions_floor_spawned":[7],"killed_by":"Gremlin Nob","ascension_level":0}