{"gold_per_floor":[114,114,114,90,100,126,146,156,181,356,356,306,306,323,323,421,421,432,442,42,60,0,0,10,42,42,42,141,141,7,7,7,7],"floor_reached":33,"playtime":82591,"items_purged":["Doubt","Amplify"],"score":263,"play_id":"df9da7d5-7bfe-4a11-afea-7701dabffb61","local_time":"20190531152023","is_ascension_mode":false,"campfire_choices":[{"floor":11,"key":"REST"},{"floor":13,"key":"REST"},{"data":"Rip and Tear","floor":15,"key":"SMITH"},{"floor":23,"key":"REST"},{"floor":29,"key":"REST"},{"floor":32,"key":"REST"}],"neow_cost":"NONE","seed_source_timestamp":1279970687606734,"circlet_count":0,"master_deck":["Strike_B","Strike_B","Defend_B","Defend_B","Defend_B","Defend_B","Zap+1","Dualcast","Coolheaded","Rip and Tear+1","Compile Driver","Auto Shields","Seek","Ball Lightning+1","Conserve Battery+1","Streamline","Electrodynamics","Sunder","Hologram","Capacitor"],"relics":["Cracked Core","Juzu Bracelet","Smiling Mask","Ancient Tea Set","Nuclear Battery","Bottled Lightning","Oddly Smooth Stone","Boot"],"potions_floor_usage":[16,16,18,25,33],"damage_taken":[{"damage":1,"enemies":"Cultist","floor":1,"turns":3},{"damage":0,"enemies":"Jaw Worm","floor":5,"turns":3},{"damage":34,"enemies":"Lagavulin","floor":6,"turns":7},{"damage":1,"enemies":"2 Louse","floor":7,"turns":2},{"damage":0,"enemies":"Large Slime","floor":8,"turns":3},{"damage":1,"enemies":"Blue Slaver","floor":14,"turns":3},{"damage":38,"enemies":"The Guardian","floor":16,"turns":11},{"damage":8,"enemies":"3 Byrds","floor":18,"turns":4},{"damage":9,"enemies":"Chosen","floor":19,"turns":5},{"damage":9,"enemies":"Snake Plant","floor":21,"turns":4},{"damage":13,"enemies":"Snecko","floor":24,"turns":5},{"damage":26,"enemies":"Book of Stabbing","floor":25,"turns":6},{"damage":79,"enemies":"Collector","floor":33,"turns":6}],"seed_played":"8493703621549360679","potions_obtained":[{"floor":5,"key":"Fire Potion"},{"floor":14,"key":"EntropicBrew"},{"floor":16,"key":"LiquidBronze"},{"floor":19,"key":"Ancient Potion"},{"floor":24,"key":"Block Potion"}],"is_trial":false,"path_per_floor":["M","?","?","?","M","E","M","M","T","?","R","$","R","M","R","B",null,"M","M","$","M","?","R","M","E","T","?","?","R","$","?","R","B"],"character_chosen":"DEFECT","items_purchased":["Bottled Lightning","Oddly Smooth Stone","Hologram","Capacitor"],"campfire_rested":5,"item_purchase_floors":[20,20,30,30],"current_hp_per_floor":[74,67,60,60,60,26,25,25,25,25,47,47,69,68,68,30,75,67,58,58,49,49,71,58,32,32,32,32,54,54,54,75,0],"gold":7,"neow_bonus":"UPGRADE_CARD","is_prod":false,"is_daily":false,"chose_seed":false,"campfire_upgraded":1,"win_rate":0,"timestamp":1559330423,"path_taken":["M","?","?","?","M","E","M","M","T","?","R","$","R","M","R","BOSS","M","M","$","M","?","R","M","E","T","?","?","R","?","?","R","BOSS"],"build_version":"2019-01-23","purchased_purges":2,"victory":false,"max_hp_per_floor":[75,75,75,75,75,75,75,75,75,75,75,75,75,75,75,75,75,75,75,75,75,75,75,75,75,75,75,75,75,75,75,75,75],"card_choices":[{"not_picked":["Turbo","Sunder"],"picked":"Coolheaded","floor":1},{"not_picked":["Steam","BootSequence"],"picked":"Rip and Tear","floor":5},{"not_picked":["Sweeping Beam","Steam Power"],"picked":"Stack","floor":6},{"not_picked":["FTL","Blizzard"],"picked":"Compile Driver","floor":7},{"not_picked":["Compile Driver","Rebound"],"picked":"Auto Shields","floor":8},{"not_picked":["Sweeping Beam","Fusion","Turbo"],"picked":"SKIP","floor":14},{"not_picked":["Machine Learning","Thunder Strike"],"picked":"Seek","floor":16},{"not_picked":["Steam","Beam Cell","Aggregate"],"picked":"SKIP","floor":18},{"not_picked":["Coolheaded","Steam"],"picked":"Ball Lightning+1","floor":19},{"not_picked":["Stack+1","Cold Snap"],"picked":"Conserve Battery+1","floor":21},{"not_picked":["Coolheaded","Stack"],"picked":"Streamline","floor":24},{"not_picked":["Gash","Go for the Eyes"],"picked":"Electrodynamics","floor":25}],"player_experience":72132,"relics_obtained":[{"floor":6,"key":"Smiling Mask"},{"floor":9,"key":"Ancient Tea Set"},{"floor":25,"key":"Boot"}],"event_choices":[{"damage_healed":0,"gold_gain":0,"player_choice":"Success","damage_taken":7,"relics_obtained":["Juzu Bracelet"],"max_hp_gain":0,"max_hp_loss":0,"event_name":"Scrap Ooze","floor":2,"gold_loss":0},{"cards_removed":["Strike_B"],"damage_healed":0,"gold_gain":0,"player_choice":"Card Removal","damage_taken":7,"max_hp_gain":0,"max_hp_loss":0,"event_name":"Golden Wing","floor":3,"gold_loss":0},{"damage_healed":0,"gold_gain":0,"player_choice":"Left Gold","damage_taken":0,"max_hp_gain":0,"max_hp_loss":0,"event_name":"World of Goop","floor":4,"gold_loss":24},{"damage_healed":0,"gold_gain":175,"player_choice":"AGREE","damage_taken":0,"max_hp_gain":0,"max_hp_loss":0,"event_name":"Liars Game","floor":10,"gold_loss":0,"cards_obtained":["Doubt"]},{"damage_healed":0,"gold_gain":0,"player_choice":"Paid Fearfully","damage_taken":0,"max_hp_gain":0,"max_hp_loss":0,"event_name":"Masked Bandits","floor":22,"gold_loss":60},{"damage_healed":0,"gold_gain":0,"cards_transformed":["Stack","Strike_B"],"player_choice":"Became Test Subject","damage_taken":0,"max_hp_gain":0,"max_hp_loss":0,"event_name":"Drug Dealer","floor":27,"gold_loss":0,"cards_obtained":["Amplify","Sunder"]},{"damage_healed":0,"gold_gain":99,"player_choice":"Stole From Cult","damage_taken":0,"max_hp_gain":0,"max_hp_loss":0,"event_name":"Nest","floor":28,"gold_loss":0},{"damage_healed":0,"gold_gain":0,"player_choice":"Ignored","damage_taken":0,"max_hp_gain":0,"max_hp_loss":0,"event_name":"Vampires","floor":31,"gold_loss":0}],"is_beta":false,"boss_relics":[{"not_picked":["Busted Crown","FrozenCore"],"picked":"Nuclear Battery"}],"items_purged_floors":[12,30],"is_endless":false,"potions_floor_spawned":[5,14,16,19,24],"killed_by":"Collector","ascension_level":0}