{"gold_per_floor":[114,129,144,13,0,0,15,15,15,30,45,45,120,135,135,235,235,250,265,154,154,154,154,184,184,259,274,289,304,304,319,319,319],"floor_reached":33,"playtime":1675,"items_purged":["Strike_G"],"score":411,"play_id":"db57c285-18b8-445d-b03a-8148cc41bcee","local_time":"20190704172236","daily_mods":["Cursed Run","Red Cards","Binary"],"is_ascension_mode":false,"campfire_choices":[{"data":"Envenom","floor":6,"key":"SMITH"},{"data":"Armaments","floor":8,"key":"SMITH"},{"data":"Deflect","floor":12,"key":"SMITH"},{"data":"Body Slam","floor":15,"key":"SMITH"},{"data":"Malaise","floor":23,"key":"SMITH"},{"data":"Cleave","floor":32,"key":"SMITH"}],"neow_cost":"","seed_source_timestamp":270403030157049,"circlet_count":0,"master_deck":["Strike_G+1","Strike_G+1","Strike_G+1","Strike_G+1","Defend_G+1","Defend_G+1","Defend_G+1","Defend_G+1","Defend_G+1","Survivor","Neutralize","Body Slam+1","Armaments+1","Flying Knee","Envenom+1","Deflect+1","Blade Dance","Doubt","Cleave+1","Shame","Normality","Malaise+1","Doubt","Parasite","Regret","Dash","Shame","Die Die Die","Pain","Writhe","Acrobatics","Expertise+1"],"special_seed":18081,"relics":["Cursed Key","Darkstone Periapt","Du-Vu Doll","Paper Crane","Bottled Flame","Calling Bell","Happy Flower","Gremlin Horn","Thread and Needle","Vajra","Nunchaku","Orichalcum","WarpedTongs","Letter Opener"],"potions_floor_usage":[16,33,33],"damage_taken":[{"damage":1,"enemies":"Cultist","floor":1,"turns":4},{"damage":0,"enemies":"Jaw Worm","floor":2,"turns":3},{"damage":0,"enemies":"Small Slimes","floor":3,"turns":3},{"damage":5,"enemies":"2 Fungi Beasts","floor":7,"turns":4},{"damage":0,"enemies":"Exordium Thugs","floor":10,"turns":4},{"damage":1,"enemies":"Exordium Wildlife","floor":11,"turns":3},{"damage":0,"enemies":"Large Slime","floor":14,"turns":2},{"damage":62,"enemies":"The Guardian","floor":16,"turns":12},{"damage":7,"enemies":"2 Thieves","floor":18,"turns":4},{"damage":2,"enemies":"Shell Parasite","floor":19,"turns":6},{"damage":14,"enemies":"Gremlin Leader","floor":24,"turns":6},{"damage":6,"enemies":"Shelled Parasite and Fungi","floor":27,"turns":4},{"damage":0,"enemies":"Cultist and Chosen","floor":28,"turns":3},{"damage":0,"enemies":"Snecko","floor":29,"turns":3},{"damage":3,"enemies":"Centurion and Healer","floor":31,"turns":3},{"damage":94,"enemies":"Champ","floor":33,"turns":9}],"seed_played":"-739304103821418602","potions_obtained":[{"floor":7,"key":"Energy Potion"},{"floor":10,"key":"Weak Potion"},{"floor":11,"key":"Weak Potion"},{"floor":18,"key":"EssenceOfSteel"},{"floor":19,"key":"Fire Potion"},{"floor":31,"key":"SteroidPotion"}],"is_trial":false,"path_per_floor":["M","M","M","$","?","R","M","R","T","M","M","R","T","M","R","B",null,"M","M","$","?","?","R","E","?","T","M","M","M","?","M","R","B"],"character_chosen":"THE_SILENT","items_purchased":["Envenom","Deflect","Dash"],"campfire_rested":0,"item_purchase_floors":[4,4,20],"current_hp_per_floor":[69,69,69,69,69,69,64,64,70,70,69,69,75,75,75,19,106,99,97,97,103,103,103,89,95,101,95,95,95,95,92,92,0],"gold":319,"neow_bonus":"","is_prod":false,"is_daily":true,"chose_seed":false,"campfire_upgraded":6,"win_rate":0.0,"timestamp":1562228556,"path_taken":["M","M","?","$","?","R","M","R","T","M","M","R","?","M","R","BOSS","M","M","$","?","?","R","E","?","T","M","M","?","?","M","R","BOSS"],"build_version":"2019-07-01","purchased_purges":1,"victory":false,"max_hp_per_floor":[70,70,70,70,70,70,70,70,76,76,76,76,82,82,82,88,106,106,106,106,112,112,112,112,118,124,124,124,124,124,124,124,124],"card_choices":[{"not_picked":["Bane"],"picked":"Body Slam","floor":1},{"not_picked":["PiercingWail"],"picked":"Armaments","floor":2},{"not_picked":["Clothesline"],"picked":"Flying Knee","floor":3},{"not_picked":["Bouncing Flask"],"picked":"Blade Dance","floor":7},{"not_picked":["Combust"],"picked":"Cleave","floor":10},{"not_picked":["True Grit","Wild Strike"],"picked":"SKIP","floor":11},{"not_picked":["Blade Dance","Underhanded Strike"],"picked":"SKIP","floor":14},{"not_picked":["Berserk"],"picked":"Malaise","floor":16},{"not_picked":["Underhanded Strike","Accuracy"],"picked":"SKIP","floor":18},{"not_picked":["Outmaneuver","Underhanded Strike"],"picked":"SKIP","floor":19},{"not_picked":["Warcry+1"],"picked":"Die Die Die","floor":24},{"not_picked":["Noxious Fumes+1","Deadly Poison"],"picked":"SKIP","floor":27},{"not_picked":["Anger+1","Body Slam"],"picked":"SKIP","floor":28},{"not_picked":["Hemokinesis"],"picked":"Acrobatics","floor":29},{"not_picked":["Heavy Blade"],"picked":"Expertise+1","floor":31}],"player_experience":8829,"relics_obtained":[{"floor":9,"key":"Paper Crane"},{"floor":13,"key":"Bottled Flame"},{"floor":17,"key":"Happy Flower"},{"floor":17,"key":"Gremlin Horn"},{"floor":17,"key":"Thread and Needle"},{"floor":24,"key":"Orichalcum"},{"floor":26,"key":"Letter Opener"}],"event_choices":[{"damage_healed":0,"gold_gain":0,"player_choice":"Left Gold","damage_taken":0,"max_hp_gain":0,"max_hp_loss":0,"event_name":"World of Goop","floor":5,"gold_loss":13},{"damage_healed":0,"gold_gain":0,"player_choice":"Stole Relic","damage_taken":0,"relics_obtained":["Vajra"],"max_hp_gain":0,"max_hp_loss":0,"event_name":"Addict","floor":21,"gold_loss":0,"cards_obtained":["Shame"]},{"damage_healed":0,"gold_gain":0,"player_choice":"Opened","damage_taken":0,"relics_obtained":["Nunchaku"],"max_hp_gain":0,"max_hp_loss":0,"event_name":"The Mausoleum","floor":22,"gold_loss":0},{"damage_healed":0,"gold_gain":0,"player_choice":"Rummage","damage_taken":0,"relics_obtained":["WarpedTongs"],"max_hp_gain":0,"max_hp_loss":0,"event_name":"Accursed Blacksmith","floor":25,"gold_loss":0,"cards_obtained":["Pain"]},{"damage_healed":0,"gold_gain":0,"player_choice":"Simplicity","damage_taken":0,"max_hp_gain":0,"max_hp_loss":0,"event_name":"Back to Basics","floor":30,"gold_loss":0,"cards_upgraded":["Strike_G","Strike_G","Strike_G","Strike_G","Defend_G","Defend_G","Defend_G","Defend_G","Defend_G"]}],"is_beta":false,"boss_relics":[{"not_picked":["Eternal Feather","White Beast Statue"],"picked":"Calling Bell"}],"items_purged_floors":[20],"is_endless":false,"potions_floor_spawned":[7,10,11,18,19,31],"killed_by":"Champ","ascension_level":0}