{"gold_per_floor":[143,143,163,43,43,43,74,27,27,53,3,3,23,38,38,112,112,128,128,96,112,37,37,68,79,79,29,48,80,94,57,57,57],"floor_reached":33,"playtime":1490,"items_purged":["Strike_B"],"score":499,"play_id":"cf56b2df-fcfb-45fb-8bed-fe835658865c","local_time":"20180708233225","is_ascension_mode":true,"campfire_choices":[{"data":"Loop","floor":6,"key":"SMITH"},{"data":"Blizzard","floor":12,"key":"SMITH"},{"data":"Blizzard","floor":15,"key":"SMITH"},{"floor":23,"key":"REST"},{"floor":32,"key":"REST"}],"neow_cost":"NONE","seed_source_timestamp":94090268017121,"circlet_count":0,"master_deck":["Strike_B","Strike_B","Strike_B","Defend_B+1","Defend_B","Defend_B","Defend_B","Zap","Dualcast","AscendersBane","Beam Cell+1","Self Repair","Cold Snap","Loop+1","Blizzard+1","Blizzard+1","Sweeping Beam","Coolheaded","Leap","Cold Snap","Auto Shields","Reboot","Leap","Cold Snap","Coolheaded","Go for the Eyes","FTL","Machine Learning","Defragment"],"relics":["Tiny House","Cables","Gremlin Horn","Odd Mushroom","Velvet Choker","Potion Belt","Turnip","Prayer Wheel"],"potions_floor_usage":[10,20,21,24,29,30,33],"damage_taken":[{"damage":0,"enemies":"2 Louse","floor":1,"turns":2},{"damage":0,"enemies":"Jaw Worm","floor":3,"turns":3},{"damage":25,"enemies":"Lagavulin","floor":7,"turns":10},{"damage":36,"floor":10,"turns":6},{"damage":2,"enemies":"Cultist","floor":13,"turns":3},{"damage":4,"enemies":"2 Fungi Beasts","floor":14,"turns":3},{"damage":16,"enemies":"Hexaghost","floor":16,"turns":13},{"damage":9,"enemies":"Shell Parasite","floor":18,"turns":6},{"damage":4,"enemies":"2 Thieves","floor":20,"turns":5},{"damage":21,"enemies":"Cultist and Chosen","floor":21,"turns":10},{"damage":24,"enemies":"Gremlin Leader","floor":24,"turns":8},{"damage":11,"enemies":"Snake Plant","floor":25,"turns":7},{"damage":0,"enemies":"Centurion and Healer","floor":28,"turns":9},{"damage":24,"enemies":"Slavers","floor":29,"turns":6},{"damage":2,"enemies":"Cultist and Chosen","floor":30,"turns":9},{"damage":62,"enemies":"Automaton","floor":33,"turns":12}],"seed_played":"-2026071233494578092","potions_obtained":[{"floor":0,"key":"SneckoOil"},{"floor":10,"key":"Weak Potion"},{"floor":13,"key":"Ancient Potion"},{"floor":14,"key":"FocusPotion"},{"floor":21,"key":"Explosive Potion"},{"floor":25,"key":"GamblersBrew"},{"floor":28,"key":"PowerPotion"},{"floor":30,"key":"Fire Potion"}],"is_trial":false,"path_per_floor":["M","?","M","$","?","R","E","$","T","?","$","R","M","M","R","B",null,"M","?","M","M","$","R","E","M","T","?","M","E","M","$","R"],"character_chosen":"DEFECT","items_purchased":["Loop","Blizzard","Sweeping Beam","Leap","Defragment"],"campfire_rested":2,"item_purchase_floors":[4,4,8,11,31],"current_hp_per_floor":[69,69,76,76,76,76,58,58,58,29,29,29,34,37,37,28,64,62,40,43,29,29,53,36,25,25,25,32,15,20,20,44,0],"gold":57,"neow_bonus":"BOSS_RELIC","is_prod":false,"is_daily":false,"chose_seed":false,"campfire_upgraded":3,"win_rate":0,"timestamp":1531117945,"path_taken":["M","?","?","$","?","R","E","$","T","?","?","R","?","M","R","BOSS","M","?","M","M","?","R","E","M","T","?","?","E","M","$","R","BOSS"],"build_version":"2018-07-05","purchased_purges":1,"victory":false,"max_hp_per_floor":[76,76,76,76,76,76,76,76,76,76,76,76,76,76,76,76,76,76,81,81,81,81,81,81,81,81,81,81,81,81,81,81,81],"card_choices":[{"not_picked":["Stack","Compile Driver"],"picked":"Beam Cell","floor":0},{"not_picked":["Conserve Battery","Ball Lightning"],"picked":"Self Repair","floor":1},{"not_picked":["Go for the Eyes","Leap"],"picked":"Cold Snap","floor":3},{"not_picked":["Beam Cell","Skim"],"picked":"Blizzard","floor":7},{"not_picked":["Rebound","Blizzard"],"picked":"Coolheaded","floor":10},{"not_picked":["Rebound","Beam Cell"],"picked":"Cold Snap","floor":13},{"not_picked":["Barrage","Scrape"],"picked":"Auto Shields","floor":14},{"not_picked":["Thunder Strike","Meteor Strike"],"picked":"Reboot","floor":16},{"not_picked":["Stack","Conserve Battery+1"],"picked":"Leap","floor":18},{"not_picked":["Cold Snap","Steam","Consume"],"picked":"SKIP","floor":20},{"not_picked":["Stack","Streamline"],"picked":"Cold Snap","floor":21},{"not_picked":["Turbo","Consume"],"picked":"Coolheaded","floor":24},{"not_picked":["Scrape","Reinforced Body+1"],"picked":"Go for the Eyes","floor":25},{"not_picked":["Leap+1","Compile Driver+1"],"picked":"FTL","floor":29},{"not_picked":["Streamline","Stack"],"picked":"Machine Learning","floor":30},{"not_picked":["Fusion","Streamline+1","Chaos"],"picked":"SKIP","floor":30}],"player_experience":530635,"relics_obtained":[{"floor":7,"key":"Cables"},{"floor":9,"key":"Gremlin Horn"},{"floor":10,"key":"Odd Mushroom"},{"floor":24,"key":"Potion Belt"},{"floor":26,"key":"Turnip"},{"floor":29,"key":"Prayer Wheel"}],"event_choices":[{"event_name":"Living Wall","player_choice":"Grow","floor":2,"damage_taken":0},{"event_name":"The Cleric","player_choice":"Leave","floor":5,"damage_taken":0},{"event_name":"Mushrooms","player_choice":"Fought Mushrooms","floor":10,"damage_taken":0},{"event_name":"Forgotten Altar","player_choice":"Shed Blood","floor":19,"damage_taken":0},{"event_name":"The Joust","player_choice":"Bet on Murderer","floor":27,"damage_taken":0}],"boss_relics":[{"not_picked":["Runic Pyramid","Nuclear Battery"],"picked":"Velvet Choker"}],"items_purged_floors":[22],"is_endless":false,"potions_floor_spawned":[10,13,14,21,25,28,30],"killed_by":"Automaton","ascension_level":15}