{"gold_per_floor":[115,115,115,126,126,126,141,141,141,165,184,184,58,78,78,208,208,227,240,264,287,40,40,80,80,80,96,110,110,151,166,166,285,285,299,299,323,346,306,337,356,374,374,388,388,131,131,187,187,187],"floor_reached":51,"playtime":2992,"items_purged":["Strike_R","Strike_R","Strike_R"],"score":813,"play_id":"f1de8432-c05d-4cb1-8d7e-107070020e49","local_time":"20190607010604","is_ascension_mode":false,"campfire_choices":[{"data":"True Grit","floor":6.0,"key":"SMITH"},{"data":"Bash","floor":8.0,"key":"SMITH"},{"data":"Body Slam","floor":15.0,"key":"SMITH"},{"data":"Body Slam","floor":23,"key":"SMITH"},{"data":"True Grit","floor":25,"key":"SMITH"},{"data":"Dual Wield","floor":29,"key":"SMITH"},{"data":"Barricade","floor":32,"key":"SMITH"},{"data":"Impervious","floor":45,"key":"SMITH"},{"data":"Entrench","floor":47,"key":"SMITH"},{"data":"Impervious","floor":49,"key":"SMITH"}],"neow_cost":"NONE","seed_source_timestamp":609126781228900,"circlet_count":0,"master_deck":["Strike_R+1","Defend_R+1","Defend_R","Defend_R+1","Defend_R","Bash+1","Shrug It Off","True Grit+1","Body Slam+1","True Grit+1","Body Slam+1","Thunderclap","Dark Embrace","Battle Trance+1","Dual Wield+1","Shrug It Off","Body Slam+1","True Grit+1","Barricade+1","Impervious+1","Inflame+1","Madness","Madness","Shrug It Off+1","Impervious+1","Body Slam+1","Entrench+1","Flash of Steel+1"],"special_seed":0,"relics":["Burning Blood","Mummified Hand","Happy Flower","Golden Idol","Pear","Coffee Dripper","War Paint","Pantograph","Orichalcum","Bag of Marbles","Runic Pyramid","Question Card","Molten Egg 2","Nunchaku"],"potions_floor_usage":[16,21,27,30,50],"damage_taken":[{"damage":6.0,"enemies":"2 Louse","floor":1.0,"turns":3.0},{"damage":1.0,"enemies":"Jaw Worm","floor":4.0,"turns":4.0},{"damage":0.0,"enemies":"Cultist","floor":7.0,"turns":3.0},{"damage":16.0,"enemies":"Blue Slaver","floor":10.0,"turns":3.0},{"damage":6.0,"enemies":"2 Fungi Beasts","floor":11.0,"turns":3.0},{"damage":19.0,"enemies":"Lots of Slimes","floor":14.0,"turns":6.0},{"damage":45,"enemies":"Hexaghost","floor":16,"turns":14},{"damage":18,"enemies":"Shell Parasite","floor":18,"turns":6},{"damage":24,"enemies":"Spheric Guardian","floor":19,"turns":8},{"damage":15,"enemies":"Centurion and Healer","floor":20,"turns":6},{"damage":39,"enemies":"Sentry and Sphere","floor":21,"turns":9},{"damage":8,"enemies":"Book of Stabbing","floor":24,"turns":4},{"damage":0,"enemies":"Snecko","floor":27,"turns":4},{"damage":2,"enemies":"Chosen and Byrds","floor":28,"turns":3},{"damage":5,"enemies":"Gremlin Leader","floor":30,"turns":5},{"damage":0,"enemies":"Sentry and Sphere","floor":31,"turns":5},{"damage":0,"enemies":"Automaton","floor":33,"turns":6},{"damage":0,"enemies":"Orb Walker","floor":35,"turns":3},{"damage":5,"enemies":"3 Shapes","floor":37,"turns":3},{"damage":0,"enemies":"Spire Growth","floor":38,"turns":3},{"damage":1,"enemies":"Reptomancer","floor":40,"turns":5},{"damage":0,"enemies":"3 Darklings","floor":41,"turns":2},{"damage":17,"enemies":"4 Shapes","floor":42,"turns":4},{"damage":0,"enemies":"Maw","floor":44,"turns":4},{"damage":0,"enemies":"2 Orb Walkers","floor":48,"turns":3},{"damage":9,"enemies":"Awakened One","floor":50,"turns":5}],"seed_played":"2073199030096019165","potions_obtained":[{"floor":4.0,"key":"EssenceOfSteel"},{"floor":16,"key":"PowerPotion"},{"floor":19,"key":"GamblersBrew"},{"floor":20,"key":"Explosive Potion"},{"floor":28,"key":"Strength Potion"},{"floor":38,"key":"Regen Potion"},{"floor":44,"key":"Explosive Potion"}],"is_trial":false,"path_per_floor":["M","?","T","M","?","R","M","R","T","M","M","?","$","M","R","B",null,"M","M","M","M","$","R","E","R","T","M","M","R","E","M","R","B",null,"M","?","M","M","?","E","M","M","T","M","R","$","R","?","R","B",null],"character_chosen":"IRONCLAD","items_purchased":["Body Slam","War Paint","Entrench","Flash of Steel+1"],"campfire_rested":0,"item_purchase_floors":[13,22,46,46],"current_hp_per_floor":[88,70,70,75,53,53,59,59,69,59,59,59,59,46,46,7,98,86,68,59,26,26,26,24,24,24,30,34,34,35,41,41,72,98,98,86,87,93,93,98,98,87,87,93,93,93,93,98,98,95],"gold":187,"neow_bonus":"TEN_PERCENT_HP_BONUS","is_prod":false,"is_daily":false,"chose_seed":false,"campfire_upgraded":10,"win_rate":0.0,"timestamp":1559887564,"path_taken":["M","?","?","M","?","R","M","R","T","M","M","?","$","M","R","BOSS","M","M","M","M","$","R","E","R","T","?","M","R","E","M","R","BOSS","M","?","M","M","?","E","M","?","T","M","R","$","R","?","R","BOSS"],"build_version":"2019-01-23","purchased_purges":3,"victory":true,"max_hp_per_floor":[88,88,88,88,88,88,88,88,98,98,98,98,98,98,98,98,98,98,98,98,98,98,98,98,98,98,98,98,98,98,98,98,98,98,98,98,98,98,98,98,98,98,98,98,98,98,98,98,98,98],"card_choices":[{"not_picked":["Clothesline","Headbutt"],"picked":"Shrug It Off","floor":1.0},{"not_picked":["Anger","Disarm"],"picked":"True Grit","floor":4.0},{"not_picked":["Headbutt","Sword Boomerang","Anger"],"picked":"SKIP","floor":7.0},{"not_picked":["Headbutt","Shrug It Off"],"picked":"Body Slam","floor":10.0},{"not_picked":["Clothesline","Carnage"],"picked":"True Grit","floor":11.0},{"not_picked":["Iron Wave","Warcry"],"picked":"Thunderclap","floor":14.0},{"not_picked":["Berserk","Reaper"],"picked":"Dark Embrace","floor":16},{"not_picked":["Perfected Strike","Combust","Pummel+1"],"picked":"SKIP","floor":18},{"not_picked":["Dropkick","Twin Strike+1"],"picked":"Battle Trance","floor":19},{"not_picked":["Body Slam","Warcry"],"picked":"Dual Wield","floor":20},{"not_picked":["Sword Boomerang","Body Slam","Infernal Blade"],"picked":"SKIP","floor":21},{"not_picked":["Searing Blow+1","Flame Barrier"],"picked":"Shrug It Off","floor":24},{"not_picked":["Clash+1","Perfected Strike"],"picked":"Body Slam+1","floor":27},{"not_picked":["Sword Boomerang","Iron Wave"],"picked":"True Grit+1","floor":28},{"not_picked":["Bludgeon","Disarm"],"picked":"Barricade","floor":30},{"not_picked":["Blood for Blood","Clothesline","Clash"],"picked":"SKIP","floor":31},{"not_picked":["Reaper","Feed"],"picked":"Impervious","floor":33},{"not_picked":["Carnage","Flex+1"],"picked":"Inflame+1","floor":35},{"not_picked":["Twin Strike","Warcry","Clothesline+1"],"picked":"SKIP","floor":37},{"not_picked":["Sword Boomerang","Flex"],"picked":"Shrug It Off+1","floor":38},{"not_picked":["Intimidate","Pummel+1","Clothesline+1"],"picked":"SKIP","floor":40},{"not_picked":["Ghostly Armor","True Grit+1","Perfected Strike","Cleave+1"],"picked":"SKIP","floor":41},{"not_picked":["Searing Blow","Anger+1","Seeing Red"],"picked":"Impervious","floor":42},{"not_picked":["Cleave+1","Ghostly Armor+1","Flex"],"picked":"Body Slam+1","floor":44}],"player_experience":0,"relics_obtained":[{"floor":3.0,"key":"Happy Flower"},{"floor":9.0,"key":"Pear"},{"floor":24,"key":"Pantograph"},{"floor":26,"key":"Orichalcum"},{"floor":30,"key":"Bag of Marbles"},{"floor":40,"key":"Question Card"},{"floor":43,"key":"Molten Egg 2"},{"floor":48,"key":"Nunchaku"}],"event_choices":[{"damage_healed":0.0,"max_hp_gain":0.0,"max_hp_loss":0.0,"gold_gain":0.0,"event_name":"Scrap Ooze","player_choice":"Success","floor":2.0,"gold_loss":0.0,"damage_taken":18.0,"relics_obtained":["Mummified Hand"]},{"damage_healed":0.0,"max_hp_gain":0.0,"max_hp_loss":0.0,"gold_gain":0.0,"event_name":"Golden Idol","player_choice":"Take Damage","floor":5.0,"gold_loss":0.0,"damage_taken":22.0,"relics_obtained":["Golden Idol"]},{"cards_removed":["Strike_R"],"damage_healed":0.0,"max_hp_gain":0.0,"max_hp_loss":0.0,"gold_gain":0.0,"event_name":"Bonfire Elementals","player_choice":"Offered Basic","floor":12.0,"gold_loss":0.0,"damage_taken":0.0},{"damage_healed":0,"gold_gain":0,"player_choice":"Embrace Madness","damage_taken":12,"max_hp_gain":0,"max_hp_loss":0,"event_name":"Winding Halls","floor":36,"gold_loss":0,"cards_obtained":["Madness","Madness"]},{"damage_healed":0,"gold_gain":0,"player_choice":"Upgraded Two","damage_taken":0,"max_hp_gain":0,"max_hp_loss":0,"event_name":"Designer","floor":39,"gold_loss":40,"cards_upgraded":["Strike_R","Defend_R"]},{"damage_healed":0,"gold_gain":0,"player_choice":"Fight","damage_taken":0,"max_hp_gain":0,"max_hp_loss":0,"event_name":"Mysterious Sphere","floor":48,"gold_loss":0}],"is_beta":false,"boss_relics":[{"not_picked":["Cursed Key","Runic Dome"],"picked":"Coffee Dripper"},{"not_picked":["Philosopher\u0027s Stone","White Beast Statue"],"picked":"Runic Pyramid"}],"items_purged_floors":[13,22,46],"is_endless":false,"potions_floor_spawned":[4,16,19,20,28,38,44],"ascension_level":0}