{"gold_per_floor":[116,134,154,67,67,67,99,109,158,169,169,169,188,215,215,290,290],"floor_reached":17,"playtime":409,"items_purged":[],"score":334,"play_id":"4533ec23-710a-4b6e-a6cf-a649ccdd7613","local_time":"20190213151734","is_ascension_mode":true,"campfire_choices":[{"data":"Hologram","floor":6.0,"key":"SMITH"},{"data":"Dualcast","floor":12.0,"key":"SMITH"},{"data":"Hologram","floor":15.0,"key":"SMITH"}],"neow_cost":"NONE","seed_source_timestamp":16160513178465,"circlet_count":0,"master_deck":["AscendersBane","Strike_B","Strike_B","Strike_B","Strike_B","Defend_B","Defend_B","Defend_B","Defend_B","Zap+1","Dualcast+1","Ball Lightning","Reinforced Body","Cold Snap","Hologram+1","Conserve Battery","Leap","Buffer+1","Hologram+1","Melter","All For One"],"special_seed":0,"relics":["Cracked Core","NeowsBlessing","Frozen Egg 2","Vajra","Strawberry","Sozu"],"potions_floor_usage":[],"damage_taken":[{"damage":0.0,"enemies":"Small Slimes","floor":1.0,"turns":1.0},{"damage":0.0,"enemies":"2 Louse","floor":2.0,"turns":1.0},{"damage":0.0,"enemies":"Cultist","floor":3.0,"turns":1.0},{"damage":15.0,"enemies":"Gremlin Nob","floor":7.0,"turns":4.0},{"damage":3.0,"enemies":"Large Slime","floor":8.0,"turns":6.0},{"damage":0.0,"enemies":"2 Fungi Beasts","floor":10.0,"turns":3.0},{"damage":2.0,"enemies":"Looter","floor":13.0,"turns":3.0},{"damage":5.0,"enemies":"3 Sentries","floor":14.0,"turns":5.0},{"damage":36,"enemies":"Slime Boss","floor":16,"turns":10}],"seed_played":"9095708561818020136","potions_obtained":[{"floor":3.0,"key":"Energy Potion"},{"floor":7.0,"key":"SteroidPotion"},{"floor":10.0,"key":"EssenceOfSteel"},{"floor":14.0,"key":"SpeedPotion"}],"is_trial":false,"path_per_floor":["M","M","M","$","?","R","E","M","T","M","?","R","M","E","R","B",null],"character_chosen":"DEFECT","items_purchased":["Cold Snap","Hologram"],"campfire_rested":0,"item_purchase_floors":[4,4],"current_hp_per_floor":[64,64,64,64,64,64,49,46,46,46,46,46,44,46,46,10,10],"gold":290,"neow_bonus":"THREE_ENEMY_KILL","is_prod":false,"is_daily":false,"chose_seed":false,"campfire_upgraded":3,"win_rate":0,"timestamp":1550099854,"path_taken":["M","M","M","$","?","R","E","M","T","M","?","R","M","E","R","BOSS"],"build_version":"2019-02-06","purchased_purges":0,"victory":false,"max_hp_per_floor":[71,71,71,71,71,71,71,71,71,71,71,71,71,78,78,78,78],"card_choices":[{"not_picked":["Compile Driver","Conserve Battery"],"picked":"Ball Lightning","floor":1.0},{"not_picked":["Double Energy","Fusion"],"picked":"Reinforced Body","floor":2.0},{"not_picked":["Leap","Coolheaded"],"picked":"Conserve Battery","floor":7.0},{"not_picked":["Redo","Rebound"],"picked":"Leap","floor":8.0},{"not_picked":["Hologram","Turbo"],"picked":"Buffer+1","floor":10.0},{"not_picked":["Doom and Gloom","Darkness"],"picked":"Hologram","floor":13.0},{"not_picked":["Stack","Storm+1"],"picked":"Melter","floor":14.0},{"not_picked":["Amplify","Biased Cognition+1"],"picked":"All For One","floor":16}],"player_experience":1157808,"relics_obtained":[{"floor":7.0,"key":"Frozen Egg 2"},{"floor":9.0,"key":"Vajra"},{"floor":14.0,"key":"Strawberry"}],"event_choices":[{"damage_healed":0.0,"max_hp_gain":0.0,"max_hp_loss":0.0,"gold_gain":0.0,"event_name":"Living Wall","player_choice":"Grow","floor":5.0,"gold_loss":0.0,"damage_taken":0.0,"cards_upgraded":["Zap"]},{"damage_healed":0.0,"max_hp_gain":0.0,"max_hp_loss":0.0,"gold_gain":0.0,"event_name":"Match and Keep!","player_choice":"0 cards matched","floor":11.0,"gold_loss":0.0,"damage_taken":0.0,"cards_obtained":[]}],"is_beta":true,"boss_relics":[{"not_picked":["Runic Pyramid","Ectoplasm"],"picked":"Sozu"}],"items_purged_floors":[],"is_endless":false,"potions_floor_spawned":[3,7,10,13,14],"ascension_level":20}