{"gold_per_floor":[119,119,139,139,156,156,168,168,191,191,191,3,3,3],"floor_reached":14,"playtime":1296,"items_purged":[],"score":156,"play_id":"19520d9d-8b74-494e-be2f-14e717a46e7d","local_time":"20181207111052","is_ascension_mode":true,"campfire_choices":[{"data":"Zap","floor":6.0,"key":"SMITH"},{"data":"Fusion","floor":8.0,"key":"SMITH"},{"data":"Leap","floor":10.0,"key":"SMITH"}],"neow_cost":"NONE","seed_source_timestamp":57234691006912,"circlet_count":0,"master_deck":["AscendersBane","Strike_B","Strike_B","Strike_B","Strike_B","Defend_B","Defend_B+1","Defend_B","Defend_B","Zap+1","Dualcast","Cold Snap+1","Fusion+1","Leap+1","BootSequence","Parasite","Echo Form","Leap"],"special_seed":0,"relics":["Cursed Key","Strawberry","Golden Idol"],"potions_floor_usage":[14],"damage_taken":[{"damage":0.0,"enemies":"2 Louse","floor":1.0,"turns":2.0},{"damage":4.0,"enemies":"Small Slimes","floor":3.0,"turns":3.0},{"damage":0.0,"enemies":"Jaw Worm","floor":5.0,"turns":3.0},{"damage":5.0,"enemies":"Looter","floor":7.0,"turns":4.0},{"damage":42,"enemies":"Gremlin Gang","floor":14,"turns":4}],"seed_played":"-6232215171343348761","potions_obtained":[{"floor":3.0,"key":"Energy Potion"},{"floor":5.0,"key":"SkillPotion"}],"is_trial":false,"path_per_floor":["M","?","M","?","M","R","M","R","T","R","?","$","?","M"],"character_chosen":"DEFECT","items_purchased":["Echo Form","Leap"],"campfire_rested":0,"item_purchase_floors":[12,12],"current_hp_per_floor":[64,43,39,39,39,39,34,34,41,41,41,41,41,0],"gold":3,"neow_bonus":"BOSS_RELIC","is_prod":false,"is_daily":false,"chose_seed":false,"campfire_upgraded":3,"win_rate":0,"timestamp":1544209852,"path_taken":["M","?","M","?","M","R","M","R","T","R","?","$","?","?"],"build_version":"2018-12-06","purchased_purges":0,"victory":false,"max_hp_per_floor":[71,71,71,71,71,71,71,71,78,78,71,71,71,71],"card_choices":[{"not_picked":["Compile Driver","Loop"],"picked":"Cold Snap","floor":1.0},{"not_picked":["Scrape","Double Energy"],"picked":"Fusion","floor":3.0},{"not_picked":["Go for the Eyes","Heatsinks"],"picked":"Leap","floor":5.0},{"not_picked":["Rip and Tear","Genetic Algorithm"],"picked":"BootSequence","floor":7.0}],"player_experience":978309,"relics_obtained":[{"floor":9.0,"key":"Strawberry"}],"event_choices":[{"damage_healed":0.0,"max_hp_gain":0.0,"max_hp_loss":0.0,"gold_gain":0.0,"event_name":"Shining Light","player_choice":"Entered Light","floor":2.0,"gold_loss":0.0,"damage_taken":21.0,"cards_upgraded":["Cold Snap","Defend_B"]},{"damage_healed":0.0,"max_hp_gain":0.0,"max_hp_loss":0.0,"gold_gain":0.0,"event_name":"The Cleric","player_choice":"Leave","floor":4.0,"gold_loss":0.0,"damage_taken":0.0},{"damage_healed":0.0,"max_hp_gain":0.0,"max_hp_loss":7.0,"gold_gain":0.0,"event_name":"Golden Idol","player_choice":"Lose Max HP","floor":11.0,"gold_loss":0.0,"damage_taken":0.0,"relics_obtained":["Golden Idol"]},{"damage_healed":0.0,"max_hp_gain":0.0,"max_hp_loss":0.0,"gold_gain":0.0,"event_name":"Liars Game","player_choice":"Ignored","floor":13.0,"gold_loss":0.0,"damage_taken":0.0}],"is_beta":true,"boss_relics":[],"items_purged_floors":[],"is_endless":false,"potions_floor_spawned":[3,5,7],"killed_by":"Gremlin Gang","ascension_level":20}