{"gold_per_floor":[110,35,35,110,122,149,161,161,188,25,25,25,55,68,68,167,167],"floor_reached":17,"playtime":332,"items_purged":["Defend_G"],"score":197,"play_id":"faac82b0-cda5-4a0a-aa65-30910e77d4f1","local_time":"20190301124902","is_ascension_mode":true,"campfire_choices":[{"data":"Neutralize","floor":8.0,"key":"SMITH"},{"data":"Enlightenment","floor":12.0,"key":"SMITH"},{"data":"Noxious Fumes","floor":15,"key":"SMITH"}],"neow_cost":"NONE","seed_source_timestamp":557865232479,"circlet_count":0,"master_deck":["Defend_G+1","Defend_G","Defend_G","Defend_G","Strike_G","Strike_G","Strike_G","Strike_G+1","Strike_G","Survivor","Neutralize+1","Leg Sweep","Predator","Noxious Fumes+1","Enlightenment+1","Eviscerate","Leg Sweep","Expertise","Adrenaline"],"special_seed":0,"relics":["Ring of the Snake","NeowsBlessing","Dream Catcher","Centennial Puzzle","Dead Branch","Sozu"],"potions_floor_usage":[16],"damage_taken":[{"damage":0.0,"enemies":"Small Slimes","floor":1.0,"turns":1.0},{"damage":0.0,"enemies":"Jaw Worm","floor":5.0,"turns":1.0},{"damage":0.0,"enemies":"3 Sentries","floor":6.0,"turns":1.0},{"damage":0.0,"enemies":"2 Louse","floor":7.0,"turns":2.0},{"damage":10.0,"enemies":"Gremlin Nob","floor":13.0,"turns":3.0},{"damage":7,"enemies":"Exordium Thugs","floor":14,"turns":6},{"damage":13,"enemies":"The Guardian","floor":16,"turns":13}],"seed_played":"-1154513576571128691","potions_obtained":[{"floor":7.0,"key":"GhostInAJar"},{"floor":13,"key":"FearPotion"},{"floor":14,"key":"Regen Potion"}],"is_trial":false,"path_per_floor":["M","$","?","?","M","E","M","R","T","$","$","R","E","M","R","B",null],"character_chosen":"THE_SILENT","items_purchased":["Enlightenment","Eviscerate"],"campfire_rested":0,"item_purchase_floors":[10,10],"current_hp_per_floor":[70,70,56,45,45,45,45,45,45,45,45,45,35,28,28,30,70],"gold":167,"neow_bonus":"THREE_ENEMY_KILL","is_prod":false,"is_daily":false,"chose_seed":false,"campfire_upgraded":3,"win_rate":0,"timestamp":1551473342,"path_taken":["M","$","?","?","M","E","M","R","T","?","$","R","E","M","R","BOSS"],"build_version":"2019-02-06","purchased_purges":1,"victory":false,"max_hp_per_floor":[70,70,70,70,70,70,70,70,70,70,70,70,70,70,70,70,70],"card_choices":[{"not_picked":["Dodge and Roll","PiercingWail"],"picked":"Leg Sweep","floor":1.0},{"not_picked":["Masterful Stab","Setup"],"picked":"Predator","floor":5.0},{"not_picked":["Backflip","Terror"],"picked":"Noxious Fumes","floor":6.0},{"not_picked":["Dagger Spray","Backstab"],"picked":"Leg Sweep","floor":13},{"not_picked":["Endless Agony","Concentrate"],"picked":"Expertise","floor":14},{"not_picked":["A Thousand Cuts","Malaise"],"picked":"Adrenaline","floor":16}],"player_experience":1252324,"relics_obtained":[{"floor":6.0,"key":"Dream Catcher"},{"floor":9.0,"key":"Centennial Puzzle"},{"floor":13,"key":"Dead Branch"}],"event_choices":[{"damage_healed":0.0,"max_hp_gain":0.0,"max_hp_loss":0.0,"gold_gain":0.0,"event_name":"Shining Light","player_choice":"Entered Light","floor":3.0,"gold_loss":0.0,"damage_taken":14.0,"cards_upgraded":["Strike_G","Defend_G"]},{"damage_healed":0.0,"max_hp_gain":0.0,"max_hp_loss":0.0,"gold_gain":75.0,"event_name":"World of Goop","player_choice":"Gather Gold","floor":4.0,"gold_loss":0.0,"damage_taken":11.0}],"is_beta":true,"boss_relics":[{"not_picked":["Velvet Choker","Coffee Dripper"],"picked":"Sozu"}],"items_purged_floors":[2],"is_endless":false,"potions_floor_spawned":[7,13,14],"ascension_level":1}