{"gold_per_floor":[116,116,126,126,141,176,176,206,206,217,217,217],"floor_reached":12,"playtime":671,"items_purged":[],"score":163,"play_id":"955ef240-4d4b-4f47-b1ca-b6fe768053aa","local_time":"20190726213526","is_ascension_mode":true,"campfire_choices":[{"floor":7,"key":"REST"}],"neow_cost":"NONE","seed_source_timestamp":1440786330613379,"circlet_count":0,"master_deck":["AscendersBane","Strike_G","Strike_G","Strike_G","Strike_G","Defend_G","Defend_G","Defend_G","Defend_G","Defend_G","Survivor","Neutralize","Malaise","Riddle With Holes","Blade Dance","Leg Sweep","Backstab","PiercingWail","Deflect"],"relics":["Ring of the Snake","Art of War","Question Card","Regal Pillow"],"potions_floor_usage":[6,12,12],"damage_taken":[{"damage":5,"enemies":"Small Slimes","floor":1,"turns":5},{"damage":0,"enemies":"Jaw Worm","floor":3,"turns":4},{"damage":1,"enemies":"Cultist","floor":5,"turns":4},{"damage":29,"enemies":"Gremlin Nob","floor":6,"turns":6},{"damage":39,"enemies":"Lagavulin","floor":8,"turns":12},{"damage":0,"enemies":"2 Fungi Beasts","floor":10,"turns":4},{"damage":10,"enemies":"Large Slime","floor":12,"turns":6}],"seed_played":"7295612533615793462","potions_obtained":[{"floor":3,"key":"Poison Potion"},{"floor":8,"key":"LiquidBronze"},{"floor":10,"key":"LiquidBronze"}],"is_trial":false,"path_per_floor":["M","?","M","?","M","E","R","E","T","M","?","M"],"character_chosen":"THE_SILENT","items_purchased":[],"campfire_rested":1,"item_purchase_floors":[],"current_hp_per_floor":[54,54,54,54,53,24,43,4,4,4,4,0],"gold":217,"neow_bonus":"ONE_RANDOM_RARE_CARD","is_prod":false,"is_daily":false,"chose_seed":false,"campfire_upgraded":0,"win_rate":0,"timestamp":1564194926,"path_taken":["M","?","M","?","M","E","R","E","T","?","?","M"],"build_version":"2019-07-17","purchased_purges":0,"victory":false,"max_hp_per_floor":[66,66,66,66,66,66,66,66,66,66,66,66],"card_choices":[{"not_picked":["Bane","Sucker Punch"],"picked":"Riddle With Holes","floor":1},{"not_picked":["Quick Slash","Acrobatics"],"picked":"Blade Dance","floor":3},{"not_picked":["Deadly Poison","Flying Knee"],"picked":"Leg Sweep","floor":5},{"not_picked":["Underhanded Strike","Setup"],"picked":"Backstab","floor":6},{"not_picked":["Quick Slash","Corpse Explosion"],"picked":"PiercingWail","floor":8},{"not_picked":["Poisoned Stab","All Out Attack","Backflip"],"picked":"Deflect","floor":10}],"player_experience":900333,"relics_obtained":[{"floor":6,"key":"Art of War"},{"floor":8,"key":"Question Card"},{"floor":9,"key":"Regal Pillow"}],"event_choices":[{"damage_healed":0,"gold_gain":0,"player_choice":"Ignored","damage_taken":0,"max_hp_gain":0,"max_hp_loss":0,"event_name":"Liars Game","floor":2,"gold_loss":0},{"cards_removed":["Strike_G"],"damage_healed":0,"gold_gain":0,"player_choice":"Offered Basic","damage_taken":0,"max_hp_gain":0,"max_hp_loss":0,"event_name":"Bonfire Elementals","floor":4,"gold_loss":0},{"damage_healed":0,"gold_gain":0,"player_choice":"Fled","damage_taken":0,"max_hp_gain":0,"max_hp_loss":0,"event_name":"Scrap Ooze","floor":11,"gold_loss":0}],"is_beta":false,"boss_relics":[],"items_purged_floors":[],"is_endless":false,"potions_floor_spawned":[3,8,10],"killed_by":"Large Slime","ascension_level":17}