{"gold_per_floor":[116,131,131,27,43,72,72,84,130,140,140,140,140,159,159,236,236,248,56,55,55,55],"floor_reached":22,"playtime":508,"items_purged":[],"score":372,"play_id":"b7f3a7cd-989e-4721-a93a-4a54ecf5a5dc","local_time":"20190115002646","is_ascension_mode":true,"campfire_choices":[{"data":"Defragment","floor":7,"key":"SMITH"},{"data":"Rainbow","floor":11,"key":"SMITH"},{"data":"Zap","floor":13,"key":"SMITH"},{"data":"Beam Cell","floor":15,"key":"SMITH"}],"neow_cost":"NONE","seed_source_timestamp":295190869699467,"circlet_count":0,"master_deck":["AscendersBane","Strike_B","Strike_B","Strike_B","Defend_B","Defend_B","Defend_B","Defend_B","Zap+1","Dualcast","Cold Snap","Ball Lightning","Defragment+1","Coolheaded","Beam Cell+1","Rainbow+1","Reinforced Body","FTL","Chill","All For One","Defragment","Panacea","Coolheaded","Go for the Eyes"],"relics":["Cracked Core","NeowsBlessing","Question Card","Omamori","Philosopher\u0027s Stone"],"potions_floor_usage":[16,18,20,20,20],"damage_taken":[{"damage":0,"enemies":"Cultist","floor":1,"turns":1},{"damage":0,"enemies":"2 Louse","floor":2,"turns":1},{"damage":0,"enemies":"Jaw Worm","floor":5,"turns":1},{"damage":14,"enemies":"Lagavulin","floor":6,"turns":7},{"damage":0,"enemies":"2 Fungi Beasts","floor":8,"turns":3},{"damage":21,"enemies":"Exordium Thugs","floor":10,"turns":5},{"damage":2,"enemies":"Red Slaver","floor":14,"turns":3},{"damage":12,"enemies":"The Guardian","floor":16,"turns":10},{"damage":1,"enemies":"3 Byrds","floor":18,"turns":5},{"damage":14,"enemies":"2 Thieves","floor":20,"turns":4},{"damage":0,"enemies":"Snake Plant","floor":22,"turns":1}],"seed_played":"-5198540291937652893","potions_obtained":[{"floor":8,"key":"Strength Potion"},{"floor":14,"key":"EssenceOfSteel"},{"floor":18,"key":"EntropicBrew"}],"is_trial":false,"path_per_floor":["M","M","?","$","M","E","R","M","T","M","R","?","R","M","R","B",null,"M","$","M","?","M"],"character_chosen":"DEFECT","items_purchased":["Defragment","Coolheaded","Defragment","Panacea","Coolheaded"],"campfire_rested":0,"item_purchase_floors":[4,4,19,19,19],"current_hp_per_floor":[64,64,54,54,54,40,40,40,40,19,19,19,19,17,17,5,55,54,54,40,40,40],"gold":55,"neow_bonus":"THREE_ENEMY_KILL","is_prod":false,"is_daily":false,"chose_seed":false,"campfire_upgraded":4,"win_rate":0,"timestamp":1547540806,"path_taken":["M","M","?","$","?","E","R","M","T","M","R","?","R","M","R","BOSS","M","$","M","?","M"],"build_version":"2019-01-10","purchased_purges":0,"victory":false,"max_hp_per_floor":[71,71,71,71,71,71,71,71,71,71,71,71,71,71,71,71,71,71,71,71,71,71],"card_choices":[{"not_picked":["Skim","Reprogram"],"picked":"Cold Snap","floor":1},{"not_picked":["Barrage","Gash"],"picked":"Ball Lightning","floor":2},{"not_picked":["Steam","Rebound"],"picked":"Beam Cell","floor":5},{"not_picked":["Steam Power","Compile Driver"],"picked":"Rainbow","floor":6},{"not_picked":["Steam","Scrape","Consume"],"picked":"Reinforced Body","floor":10},{"not_picked":["Doom and Gloom","Compile Driver","Heatsinks"],"picked":"Chill","floor":14},{"not_picked":["Fission","Creative AI","Amplify"],"picked":"All For One","floor":16},{"not_picked":["Turbo","Sweeping Beam","Compile Driver"],"picked":"Go for the Eyes","floor":20}],"player_experience":1020203,"relics_obtained":[{"floor":6,"key":"Question Card"},{"floor":9,"key":"Omamori"}],"event_choices":[{"damage_healed":0,"gold_gain":0,"player_choice":"Damaged","damage_taken":10,"max_hp_gain":0,"max_hp_loss":0,"event_name":"Wheel of Change","floor":3,"gold_loss":0},{"damage_healed":0,"gold_gain":0,"cards_transformed":["Strike_B"],"player_choice":"Transformed","damage_taken":0,"max_hp_gain":0,"max_hp_loss":0,"event_name":"Transmorgrifier","floor":12,"gold_loss":0,"cards_obtained":["FTL"]},{"damage_healed":0,"gold_gain":0,"player_choice":"Ignored","damage_taken":0,"max_hp_gain":0,"max_hp_loss":0,"event_name":"Ghosts","floor":21,"gold_loss":0}],"is_beta":true,"boss_relics":[{"not_picked":["Empty Cage","Velvet Choker"],"picked":"Philosopher\u0027s Stone"}],"items_purged_floors":[],"is_endless":false,"potions_floor_spawned":[8,14,18],"killed_by":"Snake Plant","ascension_level":20}