{"gold_per_floor":[109,63,63,75,94,94,150,162,186,214,227,227,252,18,18,123,123,143,154,174,174,191,226,239,239,286,302,327,327,327,343,343,445,445,461,471,25,44,55,66,82,82,82,82,82,95,95,105,105,105],"floor_reached":51,"playtime":1989,"items_purged":[],"score":978,"play_id":"97ee88e1-c9ac-4bc8-b42b-901e4b180596","local_time":"20190816210349","is_ascension_mode":true,"campfire_choices":[{"data":"Streamline","floor":6,"key":"SMITH"},{"floor":12,"key":"REST"},{"floor":15,"key":"REST"},{"floor":25,"key":"REST"},{"data":"Apotheosis","floor":29,"key":"SMITH"},{"data":"Defragment","floor":32,"key":"SMITH"},{"data":"Seek","floor":42,"key":"SMITH"},{"data":"Creative AI","floor":44,"key":"SMITH"},{"data":"Buffer","floor":49,"key":"SMITH"}],"neow_cost":"NONE","seed_source_timestamp":85176064934000,"circlet_count":0,"master_deck":["Strike_B","Strike_B","Strike_B","Defend_B","Defend_B","Defend_B","Defend_B","Zap","Dualcast","Ball Lightning","Streamline+1","Multi-Cast","Cold Snap","Coolheaded","Steam","Chill","Streamline","Self Repair","Apotheosis+1","Hologram","Electrodynamics","Hologram","Defragment+1","Reinforced Body","Cold Snap+1","Loop+1","Leap","Creative AI+1","Compile Driver","Buffer+1","Loop","Seek+1","Coolheaded+1","Clumsy","Conserve Battery+1","Pain","Cold Snap+1"],"relics":["Cracked Core","NeowsBlessing","Tiny Chest","Pen Nib","DataDisk","Happy Flower","Eternal Feather","Sundial","Smiling Mask","Bronze Scales","Gremlin Horn","Cursed Key","Chemical X","Symbiotic Virus","Du-Vu Doll","Unceasing Top"],"potions_floor_usage":[10,11,16,23,24,48,50,50],"damage_taken":[{"damage":0,"enemies":"Cultist","floor":1,"turns":1},{"damage":0,"enemies":"Small Slimes","floor":4,"turns":1},{"damage":0,"enemies":"Jaw Worm","floor":5,"turns":1},{"damage":6,"enemies":"Gremlin Nob","floor":7,"turns":3},{"damage":13,"enemies":"Gremlin Gang","floor":8,"turns":5},{"damage":9,"enemies":"3 Sentries","floor":10,"turns":8},{"damage":11,"enemies":"Lots of Slimes","floor":11,"turns":4},{"damage":11,"enemies":"Lagavulin","floor":13,"turns":5},{"damage":3,"enemies":"Slime Boss","floor":16,"turns":6},{"damage":13,"enemies":"Chosen","floor":18,"turns":4},{"damage":20,"enemies":"Shell Parasite","floor":19,"turns":5},{"damage":0,"enemies":"3 Cultists","floor":20,"turns":4},{"damage":14,"enemies":"Centurion and Healer","floor":22,"turns":3},{"damage":48,"enemies":"Slavers","floor":23,"turns":4},{"damage":13,"enemies":"Snecko","floor":24,"turns":4},{"damage":1,"enemies":"Chosen and Byrds","floor":27,"turns":4},{"damage":18,"enemies":"Snake Plant","floor":31,"turns":4},{"damage":20,"enemies":"Collector","floor":33,"turns":8},{"damage":6,"enemies":"Orb Walker","floor":35,"turns":4},{"damage":3,"enemies":"3 Darklings","floor":36,"turns":4},{"damage":0,"enemies":"Sphere and 2 Shapes","floor":38,"turns":5},{"damage":0,"enemies":"4 Shapes","floor":39,"turns":5},{"damage":17,"enemies":"3 Darklings","floor":40,"turns":3},{"damage":35,"enemies":"Transient","floor":41,"turns":5},{"damage":0,"enemies":"Writhing Mass","floor":46,"turns":6},{"damage":17,"enemies":"Jaw Worm Horde","floor":48,"turns":3},{"damage":54,"enemies":"Donu and Deca","floor":50,"turns":10}],"seed_played":"-2499883966308009021","potions_obtained":[{"floor":4,"key":"GamblersBrew"},{"floor":7,"key":"EssenceOfSteel"},{"floor":8,"key":"Strength Potion"},{"floor":10,"key":"Poison Potion"},{"floor":16,"key":"PowerPotion"},{"floor":19,"key":"Explosive Potion"},{"floor":20,"key":"Swift Potion"},{"floor":22,"key":"Block Potion"},{"floor":27,"key":"LiquidBronze"},{"floor":36,"key":"Ancient Potion"},{"floor":39,"key":"Dexterity Potion"},{"floor":41,"key":"PowerPotion"}],"is_trial":false,"path_per_floor":["M","$","?","M","M","R","E","M","T","E","M","R","E","$","R","B",null,"M","M","M","$","M","E","M","R","T","M","T","R","?","M","R","B",null,"M","M","$","M","M","M","M","R","T","R","?","M","T","M","R","B",null],"character_chosen":"DEFECT","items_purchased":["Streamline","Apotheosis","Hologram","Chemical X","Symbiotic Virus"],"campfire_rested":3,"item_purchase_floors":[2,14,14,37,37],"current_hp_per_floor":[68,68,68,68,68,68,62,49,49,40,29,51,40,40,62,66,73,67,54,64,64,60,19,16,53,53,62,62,75,75,57,72,62,72,73,75,75,75,75,65,37,55,55,73,73,75,75,65,75,28],"gold":105,"neow_bonus":"THREE_ENEMY_KILL","is_prod":false,"is_daily":false,"chose_seed":false,"campfire_upgraded":6,"win_rate":0,"timestamp":1565957029,"path_taken":["M","?","?","?","?","R","E","M","T","E","M","R","E","$","R","BOSS","M","M","M","?","M","E","M","R","T","M","?","R","?","?","R","BOSS","M","?","$","M","M","M","M","R","T","R","?","?","?","M","R","BOSS"],"build_version":"2019-07-17","purchased_purges":0,"victory":true,"max_hp_per_floor":[75,75,75,75,75,75,75,75,75,75,75,75,75,75,75,75,75,75,75,75,75,75,75,75,75,75,75,75,75,75,75,75,75,75,75,75,75,75,75,75,75,75,75,75,75,75,75,75,75,75],"card_choices":[{"not_picked":["Leap","Go for the Eyes"],"picked":"Ball Lightning","floor":1},{"not_picked":["Scrape","Double Energy","Turbo"],"picked":"SKIP","floor":4},{"not_picked":["Compile Driver","Streamline"],"picked":"Cold Snap","floor":5},{"not_picked":["Gash","Buffer"],"picked":"Coolheaded","floor":7},{"not_picked":["Ball Lightning","Beam Cell"],"picked":"Steam","floor":8},{"not_picked":["Sweeping Beam","Force Field"],"picked":"Chill","floor":10},{"not_picked":["Steam","Reinforced Body"],"picked":"Streamline","floor":11},{"not_picked":["Redo","Go for the Eyes"],"picked":"Self Repair","floor":13},{"not_picked":["Amplify","Reboot"],"picked":"Electrodynamics","floor":16},{"not_picked":["Conserve Battery","Melter"],"picked":"Hologram","floor":18},{"not_picked":["Lockon+1","Conserve Battery"],"picked":"Defragment","floor":19},{"not_picked":["Go for the Eyes","Ball Lightning"],"picked":"Reinforced Body","floor":20},{"not_picked":["Hologram","Gash"],"picked":"Cold Snap+1","floor":22},{"not_picked":["Force Field","Beam Cell"],"picked":"Loop+1","floor":23},{"not_picked":["Rip and Tear","Redo+1"],"picked":"Leap","floor":24},{"not_picked":["Coolheaded","Self Repair"],"picked":"Creative AI","floor":27},{"not_picked":["Steam+1","Streamline"],"picked":"Compile Driver","floor":31},{"not_picked":["Creative AI","Hyperbeam"],"picked":"Buffer","floor":33},{"not_picked":["Ball Lightning","Rebound","Turbo"],"picked":"SKIP","floor":35},{"not_picked":["Ball Lightning","Steam"],"picked":"Loop","floor":36},{"not_picked":["Hello World","Redo","Compile Driver"],"picked":"SKIP","floor":38},{"not_picked":["Melter+1","Ball Lightning+1"],"picked":"Seek","floor":39},{"not_picked":["Redo","Tempest","Barrage"],"picked":"SKIP","floor":40},{"not_picked":["Lockon+1","Sweeping Beam"],"picked":"Coolheaded+1","floor":41},{"not_picked":["Genetic Algorithm","Turbo"],"picked":"Conserve Battery+1","floor":46},{"not_picked":["Reinforced Body+1","Stack"],"picked":"Cold Snap+1","floor":48}],"player_experience":168893,"relics_obtained":[{"floor":7,"key":"Tiny Chest"},{"floor":9,"key":"Pen Nib"},{"floor":10,"key":"DataDisk"},{"floor":13,"key":"Happy Flower"},{"floor":23,"key":"Sundial"},{"floor":26,"key":"Smiling Mask"},{"floor":28,"key":"Bronze Scales"},{"floor":43,"key":"Du-Vu Doll"},{"floor":47,"key":"Unceasing Top"}],"event_choices":[{"damage_healed":0,"gold_gain":0,"cards_transformed":["Strike_B"],"player_choice":"Change","damage_taken":0,"max_hp_gain":0,"max_hp_loss":0,"event_name":"Living Wall","floor":3,"gold_loss":0,"cards_obtained":["Multi-Cast"]},{"damage_healed":0,"gold_gain":0,"player_choice":"Gave Potion","damage_taken":0,"relics_obtained":["Gremlin Horn"],"max_hp_gain":0,"max_hp_loss":0,"event_name":"WeMeetAgain","floor":30,"gold_loss":0},{"damage_healed":0,"gold_gain":0,"cards_transformed":["Decay"],"player_choice":"Transformed","damage_taken":0,"max_hp_gain":0,"max_hp_loss":0,"event_name":"Transmorgrifier","floor":45,"gold_loss":0,"cards_obtained":["Clumsy"]}],"is_beta":false,"boss_relics":[{"not_picked":["White Beast Statue","Astrolabe"],"picked":"Eternal Feather"},{"not_picked":["Pandora\u0027s Box","Snecko Eye"],"picked":"Cursed Key"}],"items_purged_floors":[],"is_endless":false,"potions_floor_spawned":[4,7,8,10,16,19,20,22,27,36,39,41,46],"ascension_level":8}