{"gold_per_floor":[119,130,130,145,145,145,172,172,172,172,172,172,186,156,156,156],"floor_reached":16,"playtime":544,"items_purged":[],"score":88,"play_id":"773785b9-3b1b-49ac-a349-fc8ac0ec69b3","local_time":"20190706155650","is_ascension_mode":false,"campfire_choices":[{"data":"Shrug It Off","floor":6,"key":"SMITH"},{"data":"Power Through","floor":8,"key":"SMITH"},{"floor":10,"key":"RECALL"},{"data":"Power Through","floor":12,"key":"SMITH"},{"data":"Whirlwind","floor":15,"key":"SMITH"}],"neow_cost":"NONE","seed_source_timestamp":441745849309969,"circlet_count":0,"master_deck":["Strike_R","Strike_R","Strike_R","Strike_R","Defend_R","Defend_R","Defend_R+1","Defend_R+1","Bash","Power Through+1","Power Through+1","Shrug It Off+1","Shrug It Off","Whirlwind+1"],"relics":["Burning Blood","Golden Idol","Gremlin Horn","War Paint","Strawberry"],"potions_floor_usage":[],"damage_taken":[{"damage":6,"enemies":"Cultist","floor":1,"turns":3},{"damage":1,"enemies":"Jaw Worm","floor":2,"turns":5},{"damage":0,"enemies":"2 Louse","floor":4,"turns":4},{"damage":0,"enemies":"Blue Slaver","floor":13,"turns":5},{"damage":0,"enemies":"Looter","floor":14,"turns":4},{"damage":44,"enemies":"Hexaghost","floor":16,"turns":16}],"seed_played":"-5804945226463524793","potions_obtained":[{"floor":1,"key":"FearPotion"},{"floor":4,"key":"Ancient Potion"}],"is_trial":false,"path_per_floor":["M","M","?","M","?","R","T","R","T","R","T","R","M","M","R","B"],"character_chosen":"IRONCLAD","items_purchased":[],"campfire_rested":0,"item_purchase_floors":[],"current_hp_per_floor":[80,80,60,66,24,24,24,24,24,24,31,31,37,43,43,0],"gold":156,"neow_bonus":"REMOVE_CARD","is_prod":false,"is_daily":false,"chose_seed":false,"campfire_upgraded":4,"win_rate":0,"timestamp":1562396210,"path_taken":["M","?","?","M","?","R","?","R","T","R","?","R","M","M","R","BOSS"],"build_version":"2019-07-05","purchased_purges":0,"victory":false,"max_hp_per_floor":[80,80,80,80,80,80,80,80,80,80,87,87,87,87,87,87],"card_choices":[{"not_picked":["Warcry","Hemokinesis"],"picked":"Power Through","floor":1},{"not_picked":["Twin Strike","Heavy Blade"],"picked":"Power Through","floor":2},{"not_picked":["Armaments","Thunderclap"],"picked":"Shrug It Off","floor":4},{"not_picked":["True Grit","Sword Boomerang"],"picked":"Shrug It Off","floor":13},{"not_picked":["Warcry","Clothesline"],"picked":"Whirlwind","floor":14}],"player_experience":51277,"relics_obtained":[{"floor":9,"key":"War Paint"},{"floor":11,"key":"Strawberry"}],"event_choices":[{"damage_healed":0,"gold_gain":0,"player_choice":"Take Damage","damage_taken":20,"relics_obtained":["Golden Idol"],"max_hp_gain":0,"max_hp_loss":0,"event_name":"Golden Idol","floor":3,"gold_loss":0},{"damage_healed":0,"gold_gain":0,"player_choice":"Success","damage_taken":42,"relics_obtained":["Gremlin Horn"],"max_hp_gain":0,"max_hp_loss":0,"event_name":"Scrap Ooze","floor":5,"gold_loss":0}],"is_beta":false,"boss_relics":[],"items_purged_floors":[],"is_endless":false,"potions_floor_spawned":[1,4],"killed_by":"Hexaghost","ascension_level":0}