{"gold_per_floor":[114,114,131,3,23,23,51,51,51,51,67,86,104,139,139,238,238,256,242,242,259,5,30,30,42,96,96,128,128,43,62,62,164,164,182,182,195,208,221,247,247,259,259,273,273,289,289,175,175,175,175,175,7,7],"floor_reached":54,"playtime":4292,"items_purged":["Strike_B","Strike_B","Strike_B"],"score":721,"play_id":"f11e666a-63e0-4f35-bc07-7c91d2e9d38f","local_time":"20190707214300","is_ascension_mode":false,"campfire_choices":[{"data":"Hologram","floor":6,"key":"SMITH"},{"data":"Seek","floor":8,"key":"SMITH"},{"data":"Conserve Battery","floor":15,"key":"SMITH"},{"floor":27,"key":"REST"},{"floor":29,"key":"RECALL"},{"data":"Glacier","floor":32,"key":"SMITH"},{"data":"Zap","floor":41,"key":"SMITH"},{"data":"Madness","floor":49,"key":"SMITH"},{"data":"Barrage","floor":52,"key":"SMITH"}],"neow_cost":"NONE","seed_source_timestamp":545176012244408,"circlet_count":0,"master_deck":["Strike_B+1","Defend_B","Defend_B","Defend_B","Defend_B+1","Zap+1","Dualcast","Amplify","Hologram+1","Ball Lightning","Ball Lightning","Conserve Battery+1","Seek+1","Ball Lightning","Self Repair+1","Undo","Barrage+1","Electrodynamics+1","Coolheaded","Sweeping Beam","Leap","Conserve Battery+1","Glacier+1","Buffer+1","Force Field+1","Purity","Leap","Go for the Eyes+1","Static Discharge+1","Glacier+1","Leap+1","White Noise+1","Madness+1","Madness","Magnetism+1"],"relics":["Cracked Core","Frozen Egg 2","Kunai","Pen Nib","Inserter","Membership Card","Bag of Preparation","Strawberry","Vajra","Coffee Dripper","Potion Belt","Ornamental Fan","Bronze Scales"],"potions_floor_usage":[2,7,28,28,33,39,40,44,44,50],"damage_taken":[{"damage":0,"enemies":"Small Slimes","floor":1,"turns":3},{"damage":1,"enemies":"Cultist","floor":3,"turns":4},{"damage":2,"enemies":"2 Louse","floor":5,"turns":2},{"damage":10,"enemies":"Gremlin Nob","floor":7,"turns":4},{"damage":1,"enemies":"2 Fungi Beasts","floor":11,"turns":2},{"damage":5,"enemies":"Looter","floor":12,"turns":3},{"damage":0,"enemies":"Large Slime","floor":13,"turns":5},{"damage":20,"enemies":"3 Sentries","floor":14,"turns":8},{"damage":33,"enemies":"The Guardian","floor":16,"turns":11},{"damage":0,"enemies":"3 Byrds","floor":18,"turns":2},{"damage":17,"enemies":"2 Thieves","floor":19,"turns":4},{"damage":21,"enemies":"Snake Plant","floor":21,"turns":6},{"damage":31,"enemies":"Gremlin Leader","floor":23,"turns":5},{"damage":13,"enemies":"Centurion and Healer","floor":25,"turns":5},{"damage":23,"enemies":"Slavers","floor":28,"turns":4},{"damage":12,"enemies":"Snecko","floor":31,"turns":6},{"damage":72,"enemies":"Champ","floor":33,"turns":18},{"damage":0,"enemies":"3 Shapes","floor":35,"turns":2},{"damage":11,"enemies":"3 Darklings","floor":37,"turns":5},{"damage":28,"enemies":"Maw","floor":38,"turns":11},{"damage":25,"enemies":"Sphere and 2 Shapes","floor":39,"turns":8},{"damage":11,"enemies":"Reptomancer","floor":40,"turns":8},{"damage":0,"enemies":"Writhing Mass","floor":42,"turns":12},{"damage":7,"enemies":"Transient","floor":44,"turns":5},{"damage":0,"enemies":"Jaw Worm Horde","floor":46,"turns":3},{"damage":45,"enemies":"Donu and Deca","floor":50,"turns":12},{"damage":98,"enemies":"Shield and Spear","floor":54,"turns":6}],"seed_played":"1480876115945501151","potions_obtained":[{"floor":1,"key":"Weak Potion"},{"floor":2,"key":"Fruit Juice"},{"floor":2,"key":"Dexterity Potion"},{"floor":2,"key":"Energy Potion"},{"floor":7,"key":"LiquidBronze"},{"floor":25,"key":"Fire Potion"},{"floor":28,"key":"Energy Potion"},{"floor":31,"key":"Fire Potion"},{"floor":33,"key":"Explosive Potion"},{"floor":39,"key":"Dexterity Potion"},{"floor":46,"key":"GamblersBrew"}],"is_trial":false,"path_per_floor":["M","?","M","$","M","R","E","R","T","?","M","M","M","E","R","B",null,"M","M","?","M","$","E","$","M","T","R","E","R","?","M","R","B",null,"M","?","M","M","M","E","R","M","T","M","?","M","?","$","R","B",null,"R","$","E"],"character_chosen":"DEFECT","items_purchased":["Ball Lightning","Membership Card","Swift Potion","Energy Potion","Magnetism+1","Bronze Scales"],"campfire_rested":1,"item_purchase_floors":[4,22,48,48,53,53],"current_hp_per_floor":[75,80,79,79,77,77,67,67,67,51,50,45,55,45,45,22,80,80,73,73,62,62,51,51,48,48,72,76,76,76,74,74,12,87,87,87,86,68,53,52,52,62,62,65,65,75,64,64,64,29,87,87,87,0],"gold":7,"neow_bonus":"ONE_RANDOM_RARE_CARD","is_prod":false,"is_daily":false,"chose_seed":false,"campfire_upgraded":7,"win_rate":0,"timestamp":1562503380,"path_taken":["M","?","?","?","M","R","E","R","T","?","M","M","M","E","R","BOSS","M","M","?","M","$","E","$","M","T","R","E","R","?","M","R","BOSS","M","?","M","M","M","E","R","M","T","M","?","?","?","$","R","BOSS","R","$","E"],"build_version":"2019-07-05","purchased_purges":3,"victory":false,"max_hp_per_floor":[75,80,80,80,80,80,80,80,80,80,80,80,80,80,80,80,80,80,80,80,80,80,80,80,80,80,80,87,87,87,87,87,87,87,87,87,87,87,87,87,87,87,87,87,87,87,87,87,87,87,87,87,87,87],"card_choices":[{"not_picked":["Go for the Eyes","Barrage"],"picked":"Hologram","floor":1},{"not_picked":["Aggregate","Go for the Eyes"],"picked":"Ball Lightning","floor":3},{"not_picked":["Storm","Turbo"],"picked":"Conserve Battery","floor":5},{"not_picked":["Skim","Steam"],"picked":"Seek","floor":7},{"not_picked":["Barrage","Rip and Tear"],"picked":"Ball Lightning","floor":11},{"not_picked":["Double Energy","Compile Driver"],"picked":"Self Repair+1","floor":12},{"not_picked":["Darkness","Rebound"],"picked":"Undo","floor":13},{"not_picked":["Beam Cell","Hologram"],"picked":"Barrage","floor":14},{"not_picked":["Echo Form+1","Machine Learning+1"],"picked":"Electrodynamics+1","floor":16},{"not_picked":["Ball Lightning","Compile Driver","Stack"],"picked":"SKIP","floor":18},{"not_picked":["Gash","Reinforced Body"],"picked":"Coolheaded","floor":19},{"not_picked":["Hello World+1","Leap"],"picked":"Sweeping Beam","floor":21},{"not_picked":["Genetic Algorithm+1","Chaos"],"picked":"Leap","floor":23},{"not_picked":["Storm+1","Reinforced Body+1"],"picked":"Conserve Battery+1","floor":25},{"not_picked":["Hologram","Turbo","Streamline"],"picked":"SKIP","floor":28},{"not_picked":["Hologram","Barrage"],"picked":"Glacier","floor":31},{"not_picked":["Fission","Echo Form+1"],"picked":"Buffer+1","floor":33},{"not_picked":["Leap","Ball Lightning"],"picked":"Force Field+1","floor":35},{"not_picked":["Good Instincts","Madness"],"picked":"Purity","floor":36},{"not_picked":["Hologram+1","Ball Lightning"],"picked":"Leap","floor":37},{"not_picked":["Storm+1","Hello World+1"],"picked":"Go for the Eyes+1","floor":38},{"not_picked":["Loop+1","Undo+1"],"picked":"Static Discharge+1","floor":39},{"not_picked":["Barrage+1","Stack"],"picked":"Glacier+1","floor":40},{"not_picked":["Skim","Electrodynamics+1"],"picked":"Leap+1","floor":42},{"not_picked":["Steam","Ball Lightning+1"],"picked":"White Noise+1","floor":44},{"not_picked":["Storm+1","Lockon+1","Static Discharge+1"],"picked":"SKIP","floor":46}],"player_experience":78213,"relics_obtained":[{"floor":7,"key":"Frozen Egg 2"},{"floor":9,"key":"Kunai"},{"floor":14,"key":"Pen Nib"},{"floor":23,"key":"Bag of Preparation"},{"floor":28,"key":"Strawberry"},{"floor":40,"key":"Potion Belt"},{"floor":43,"key":"Ornamental Fan"}],"event_choices":[{"damage_healed":0,"gold_gain":0,"player_choice":"Got Potions","damage_taken":0,"max_hp_gain":0,"max_hp_loss":0,"event_name":"Lab","floor":2,"gold_loss":0},{"damage_healed":0,"gold_gain":0,"player_choice":"Entered Light","damage_taken":16,"max_hp_gain":0,"max_hp_loss":0,"event_name":"Shining Light","floor":10,"gold_loss":0,"cards_upgraded":["Strike_B","Defend_B"]},{"damage_healed":0,"gold_gain":0,"player_choice":"Ignored","damage_taken":0,"max_hp_gain":0,"max_hp_loss":0,"event_name":"Vampires","floor":20,"gold_loss":0},{"damage_healed":0,"gold_gain":0,"player_choice":"Obtained Relic","damage_taken":0,"relics_obtained":["Vajra"],"max_hp_gain":0,"max_hp_loss":0,"event_name":"Addict","floor":30,"gold_loss":85},{"damage_healed":0,"gold_gain":0,"player_choice":"Memory 1","damage_taken":0,"max_hp_gain":0,"max_hp_loss":0,"event_name":"SensoryStone","floor":36,"gold_loss":0},{"damage_healed":0,"gold_gain":0,"player_choice":"Leave","damage_taken":0,"max_hp_gain":0,"max_hp_loss":0,"event_name":"FaceTrader","floor":45,"gold_loss":0},{"damage_healed":0,"gold_gain":0,"player_choice":"Embrace Madness","damage_taken":11,"max_hp_gain":0,"max_hp_loss":0,"event_name":"Winding Halls","floor":47,"gold_loss":0,"cards_obtained":["Madness","Madness"]}],"is_beta":false,"boss_relics":[{"not_picked":["FrozenCore","Pandora\u0027s Box"],"picked":"Inserter"},{"not_picked":["Runic Pyramid","Velvet Choker"],"picked":"Coffee Dripper"}],"items_purged_floors":[4,22,48],"is_endless":false,"potions_floor_spawned":[1,7,12,25,28,31,33,38,39,46],"killed_by":"Shield and Spear","ascension_level":0}