{"gold_per_floor":[111,111,15,28,42,85,85,55,55,79,79,100,32,46,46,172,172,192,177,177,193,36,36],"floor_reached":23,"playtime":1171,"items_purged":[],"score":193,"play_id":"a1023168-6894-46a7-bc93-7ec8025b0e36","local_time":"20190527172336","is_ascension_mode":false,"campfire_choices":[{"data":"Uppercut","floor":7,"key":"SMITH"},{"data":"True Grit","floor":11,"key":"SMITH"},{"floor":15,"key":"REST"}],"neow_cost":"NONE","seed_source_timestamp":1023379241742647,"circlet_count":0,"master_deck":["Strike_R","Strike_R","Strike_R","Strike_R","Strike_R","Defend_R","Defend_R","Defend_R","Defend_R","Bash","Clothesline","Shrug It Off","Spot Weakness","True Grit+1","Uppercut+1","Shrug It Off","Armaments","Impervious","Iron Wave","Feed","Body Slam","Shrug It Off+1","Heavy Blade+1"],"special_seed":0,"relics":["Burning Blood","NeowsBlessing","Golden Idol","Bottled Flame","Self Forming Clay","Cursed Key","Nilry\u0027s Codex","Omamori"],"potions_floor_usage":[6,16,16,16,16,19,21,21],"damage_taken":[{"damage":0,"enemies":"Jaw Worm","floor":1,"turns":1},{"damage":0,"enemies":"Cultist","floor":4,"turns":1},{"damage":0,"enemies":"Small Slimes","floor":5,"turns":1},{"damage":27,"enemies":"3 Sentries","floor":6,"turns":8},{"damage":14,"enemies":"3 Louse","floor":10,"turns":5},{"damage":15,"enemies":"Exordium Wildlife","floor":12,"turns":5},{"damage":11,"enemies":"Exordium Thugs","floor":14,"turns":6},{"damage":6,"enemies":"The Guardian","floor":16,"turns":9},{"damage":17,"enemies":"Chosen","floor":18,"turns":6},{"damage":4,"enemies":"2 Thieves","floor":19,"turns":4},{"damage":58,"enemies":"Cultist and Chosen","floor":21,"turns":7},{"damage":20,"enemies":"Slavers","floor":23,"turns":3}],"seed_played":"-5781199372155444012","potions_obtained":[{"floor":1,"key":"Block Potion"},{"floor":4,"key":"PowerPotion"},{"floor":8,"key":"Regen Potion"},{"floor":8,"key":"EntropicBrew"},{"floor":19,"key":"Fire Potion"}],"is_trial":false,"path_per_floor":["M","?","$","M","M","E","R","?","T","M","R","M","$","M","R","B",null,"M","M","?","M","$","E"],"character_chosen":"IRONCLAD","items_purchased":["Shrug It Off","Spot Weakness","Impervious","Omamori"],"campfire_rested":1,"item_purchase_floors":[3,3,13,22],"current_hp_per_floor":[80,60,60,66,72,51,51,51,51,43,43,34,34,29,53,68,80,69,71,55,11,11,0],"gold":36,"neow_bonus":"THREE_ENEMY_KILL","is_prod":false,"is_daily":false,"chose_seed":false,"campfire_upgraded":2,"win_rate":1,"timestamp":1558992216,"path_taken":["M","?","?","M","?","E","R","?","T","M","R","M","$","?","R","BOSS","M","?","?","M","$","E"],"build_version":"2019-01-23","purchased_purges":0,"victory":false,"max_hp_per_floor":[80,80,80,80,80,80,80,80,80,80,80,80,80,80,80,80,80,80,80,80,80,80,80],"card_choices":[{"not_picked":["Spot Weakness","Body Slam"],"picked":"Clothesline","floor":1},{"not_picked":["Flex","Searing Blow"],"picked":"True Grit","floor":4},{"not_picked":["Twin Strike","True Grit","Clash"],"picked":"SKIP","floor":5},{"not_picked":["Hemokinesis","Infernal Blade"],"picked":"Uppercut","floor":6},{"not_picked":["Uppercut","Clash"],"picked":"Shrug It Off","floor":10},{"not_picked":["Cleave","Thunderclap"],"picked":"Armaments","floor":12},{"not_picked":["Blood for Blood","Seeing Red"],"picked":"Iron Wave","floor":14},{"not_picked":["Bludgeon","Brutality"],"picked":"Feed","floor":16},{"not_picked":["Iron Wave","Pommel Strike"],"picked":"Body Slam","floor":18},{"not_picked":["Feel No Pain","Flex+1"],"picked":"Shrug It Off+1","floor":19},{"not_picked":["Bludgeon","Sword Boomerang"],"picked":"Heavy Blade+1","floor":21}],"player_experience":13732,"relics_obtained":[{"floor":6,"key":"Bottled Flame"},{"floor":9,"key":"Self Forming Clay"},{"floor":20,"key":"Nilry\u0027s Codex"}],"event_choices":[{"damage_healed":0,"gold_gain":0,"player_choice":"Take Damage","damage_taken":20,"relics_obtained":["Golden Idol"],"max_hp_gain":0,"max_hp_loss":0,"event_name":"Golden Idol","floor":2,"gold_loss":0},{"damage_healed":0,"gold_gain":0,"player_choice":"Bought 2 Potions","damage_taken":0,"max_hp_gain":0,"max_hp_loss":0,"event_name":"The Woman in Blue","floor":8,"gold_loss":0},{"damage_healed":0,"gold_gain":0,"player_choice":"Obtained Book","damage_taken":16,"max_hp_gain":0,"max_hp_loss":0,"event_name":"Cursed Tome","floor":20,"gold_loss":0}],"is_beta":false,"boss_relics":[{"not_picked":["Coffee Dripper","Black Star"],"picked":"Cursed Key"}],"items_purged_floors":[],"is_endless":false,"potions_floor_spawned":[1,4,12,19],"killed_by":"Slavers","ascension_level":0}