{"gold_per_floor":[116,116,41,56,69,69,98,98,175,175,215,215,234,61,61,186,186,211,211,211,230,243,271,288,307,356,86,12,12,24,43,43,142,142,162,182,182,199,199,199,215,40,40,40,56,56,83,93,93,93],"floor_reached":51,"playtime":2247,"items_purged":["Strike_R","Hemokinesis+1","Bash+1"],"score":768,"play_id":"4805467f-e2ff-4a5c-bcd3-9b013bb70804","local_time":"20190225113547","is_ascension_mode":true,"campfire_choices":[{"data":"Armaments","floor":6.0,"key":"SMITH"},{"data":"Bash","floor":8.0,"key":"SMITH"},{"data":"The Bomb","floor":15.0,"key":"SMITH"},{"data":"Entrench","floor":29.0,"key":"SMITH"},{"floor":32.0,"key":"REST"},{"data":"Limit Break","floor":40.0,"key":"SMITH"},{"data":"Flex","floor":44.0,"key":"SMITH"},{"data":"The Bomb","floor":46.0,"key":"SMITH"},{"floor":49,"key":"REST"}],"neow_cost":"NONE","seed_source_timestamp":0,"circlet_count":0,"master_deck":["Defend_R","Defend_R+1","Defend_R","Defend_R","Armaments+1","Limit Break+1","Battle Trance+1","Entrench+1","The Bomb+1","Disarm+1","Exhume+1","Flex+1","The Bomb+1","Infernal Blade","Flame Barrier+1","Shrug It Off","Parasite","Shrug It Off","Flame Barrier+1"],"special_seed":0,"relics":["Runic Dome","War Paint","Pantograph","Bloody Idol","Art of War","Astrolabe","Oddly Smooth Stone","Boot","Thread and Needle","Velvet Choker","The Courier","Juzu Bracelet"],"potions_floor_usage":[50,50],"damage_taken":[{"damage":6.0,"enemies":"Jaw Worm","floor":1.0,"turns":2.0},{"damage":5.0,"enemies":"Small Slimes","floor":4.0,"turns":4.0},{"damage":0.0,"enemies":"2 Louse","floor":5.0,"turns":3.0},{"damage":18.0,"enemies":"Lagavulin","floor":7.0,"turns":7.0},{"damage":10.0,"enemies":"Gremlin Nob","floor":11.0,"turns":4.0},{"damage":0.0,"enemies":"Gremlin Gang","floor":13.0,"turns":4.0},{"damage":39.0,"enemies":"The Guardian","floor":16.0,"turns":7.0},{"damage":10.0,"enemies":"Chosen","floor":18.0,"turns":5.0},{"damage":5.0,"enemies":"3 Byrds","floor":21.0,"turns":3.0},{"damage":0.0,"enemies":"3 Cultists","floor":22.0,"turns":4.0},{"damage":34.0,"enemies":"Slavers","floor":23.0,"turns":4.0},{"damage":0.0,"enemies":"Snecko","floor":24.0,"turns":5.0},{"damage":2.0,"enemies":"Centurion and Healer","floor":25.0,"turns":6.0},{"damage":0.0,"enemies":"Cultist and Chosen","floor":30.0,"turns":4.0},{"damage":0.0,"enemies":"Snecko","floor":31.0,"turns":7.0},{"damage":4.0,"enemies":"Champ","floor":33.0,"turns":16.0},{"damage":3.0,"enemies":"3 Darklings","floor":35.0,"turns":3.0},{"damage":0.0,"enemies":"Orb Walker","floor":36.0,"turns":4.0},{"damage":1.0,"enemies":"Spire Growth","floor":38.0,"turns":7.0},{"damage":0.0,"enemies":"Writhing Mass","floor":41.0,"turns":7.0},{"damage":3.0,"enemies":"3 Darklings","floor":45.0,"turns":4.0},{"damage":24.0,"enemies":"Reptomancer","floor":47.0,"turns":8.0},{"damage":11,"enemies":"Maw","floor":48,"turns":9},{"damage":10,"enemies":"Time Eater","floor":50,"turns":19}],"seed_played":"8342737836182519148","potions_obtained":[{"floor":7.0,"key":"Weak Potion"},{"floor":11.0,"key":"Fire Potion"},{"floor":16.0,"key":"Ancient Potion"},{"floor":23.0,"key":"SneckoOil"},{"floor":24.0,"key":"SkillPotion"},{"floor":25.0,"key":"Fire Potion"},{"floor":30.0,"key":"LiquidBronze"},{"floor":35.0,"key":"GamblersBrew"},{"floor":41.0,"key":"Energy Potion"}],"is_trial":false,"path_per_floor":["M","?","$","M","M","R","E","R","T","?","E","?","M","$","R","B",null,"M","?","?","M","M","E","M","M","T","$","?","R","M","M","R","B",null,"M","M","?","M","?","R","M","$","T","R","M","R","E","M","R","B",null],"character_chosen":"IRONCLAD","items_purchased":["The Bomb","The Bomb","Shrug It Off"],"campfire_rested":2,"item_purchase_floors":[14,27,42],"current_hp_per_floor":[74,67,67,62,62,62,44,44,44,44,34,34,34,34,34,20,74,64,64,64,64,69,40,45,48,53,53,53,53,58,63,74,74,74,74,74,74,74,74,74,74,74,74,74,74,74,55,49,71,64],"gold":93,"neow_bonus":"BOSS_RELIC","is_prod":false,"is_daily":false,"chose_seed":false,"campfire_upgraded":7,"win_rate":0,"timestamp":1551123347,"path_taken":["M","?","$","M","M","R","E","R","T","?","E","?","M","$","R","BOSS","M","?","?","M","M","E","M","?","T","$","?","R","M","?","R","BOSS","M","M","?","M","?","R","M","$","T","R","?","R","E","M","R","BOSS"],"build_version":"2019-02-06","purchased_purges":3,"victory":true,"max_hp_per_floor":[80,80,80,80,80,80,80,80,80,74,74,74,74,74,74,74,74,74,74,74,74,74,74,74,74,74,74,74,74,74,74,74,74,74,74,74,74,74,74,74,74,74,74,74,74,74,74,74,74,74],"card_choices":[{"not_picked":["Heavy Blade","Body Slam"],"picked":"Armaments","floor":1.0},{"not_picked":["Inflame","Warcry"],"picked":"Limit Break","floor":5.0},{"not_picked":["Burning Pact","Dropkick"],"picked":"Battle Trance","floor":7.0},{"not_picked":["Clash","Entrench","Inflame"],"picked":"SKIP","floor":13.0},{"not_picked":["Clash","Inflame"],"picked":"Entrench","floor":13.0},{"not_picked":["Havoc","Dropkick","Headbutt"],"picked":"SKIP","floor":18.0},{"not_picked":["Clothesline","Thunderclap+1","Second Wind"],"picked":"SKIP","floor":21.0},{"not_picked":["Reckless Charge","Searing Blow","Armaments"],"picked":"SKIP","floor":22.0},{"not_picked":["Reckless Charge","Searing Blow","Armaments"],"picked":"SKIP","floor":22.0},{"not_picked":["Armaments+1","Searing Blow","Clothesline"],"picked":"SKIP","floor":23.0},{"not_picked":["Ghostly Armor","Pummel"],"picked":"Flex","floor":24.0},{"not_picked":["Wild Strike","Corruption+1","Clash"],"picked":"SKIP","floor":25.0},{"not_picked":["Headbutt","Evolve+1","Heavy Blade"],"picked":"SKIP","floor":30.0},{"not_picked":["Armaments","Rage","Dark Embrace"],"picked":"SKIP","floor":31.0},{"not_picked":["Anger+1","Warcry+1"],"picked":"Infernal Blade","floor":35.0},{"not_picked":["Havoc+1","Clothesline"],"picked":"Flame Barrier+1","floor":36.0},{"not_picked":["Perfected Strike","Thunderclap"],"picked":"Shrug It Off","floor":38.0},{"not_picked":["Dropkick+1","Pommel Strike","True Grit"],"picked":"SKIP","floor":41.0},{"not_picked":["Cleave+1","Thunderclap","Metallicize"],"picked":"SKIP","floor":45.0},{"not_picked":["Combust","Ghostly Armor+1"],"picked":"Flame Barrier+1","floor":47.0},{"not_picked":["Offering","Body Slam+1","Evolve+1"],"picked":"SKIP","floor":48}],"player_experience":1220463,"relics_obtained":[{"floor":7.0,"key":"War Paint"},{"floor":9.0,"key":"Pantograph"},{"floor":11.0,"key":"Art of War"},{"floor":23.0,"key":"Oddly Smooth Stone"},{"floor":26.0,"key":"Boot"},{"floor":43.0,"key":"The Courier"},{"floor":47.0,"key":"Juzu Bracelet"}],"event_choices":[{"cards_removed":["Strike_R"],"damage_healed":0.0,"max_hp_gain":0.0,"max_hp_loss":0.0,"gold_gain":0.0,"event_name":"Golden Wing","player_choice":"Card Removal","floor":2.0,"gold_loss":0.0,"damage_taken":7.0},{"damage_healed":0.0,"max_hp_gain":0.0,"max_hp_loss":6.0,"gold_gain":0.0,"event_name":"Golden Idol","player_choice":"Lose Max HP","floor":10.0,"gold_loss":0.0,"damage_taken":0.0,"relics_obtained":["Golden Idol"]},{"damage_healed":0.0,"max_hp_gain":0.0,"max_hp_loss":0.0,"gold_gain":0.0,"event_name":"Liars Game","player_choice":"Ignored","floor":12.0,"gold_loss":0.0,"damage_taken":0.0},{"damage_healed":0.0,"max_hp_gain":0.0,"max_hp_loss":0.0,"gold_gain":0.0,"event_name":"Forgotten Altar","player_choice":"Gave Idol","floor":19.0,"relics_lost":["Golden Idol"],"gold_loss":0.0,"damage_taken":0.0,"relics_obtained":["Bloody Idol"]},{"damage_healed":0.0,"max_hp_gain":0.0,"max_hp_loss":0.0,"gold_gain":0.0,"event_name":"Vampires","player_choice":"Ignored","floor":20.0,"gold_loss":0.0,"damage_taken":0.0},{"damage_healed":0.0,"max_hp_gain":0.0,"max_hp_loss":0.0,"gold_gain":0.0,"event_name":"WeMeetAgain","player_choice":"Paid Gold","floor":28.0,"gold_loss":74.0,"damage_taken":0.0,"relics_obtained":["Thread and Needle"]},{"damage_healed":0.0,"max_hp_gain":0.0,"max_hp_loss":0.0,"gold_gain":0.0,"event_name":"Tomb of Lord Red Mask","player_choice":"Ignored","floor":37.0,"gold_loss":0.0,"damage_taken":0.0},{"damage_healed":0.0,"max_hp_gain":0.0,"max_hp_loss":0.0,"gold_gain":0.0,"event_name":"SecretPortal","player_choice":"Ignored","floor":39.0,"gold_loss":0.0,"damage_taken":0.0}],"is_beta":true,"boss_relics":[{"not_picked":["Sozu","Calling Bell"],"picked":"Astrolabe"},{"not_picked":["Snecko Eye","Runic Cube"],"picked":"Velvet Choker"}],"items_purged_floors":[3,27,42],"is_endless":false,"potions_floor_spawned":[7,11,16,23,24,25,30,35,36,41,48],"ascension_level":1}