{"gold_per_floor":[119,119,119,174,43,43,78,106,155,171,171,182,182,215,215,287,287,297,297,313,313,93,123,123,123,193,193,203,215,249,299,299,376,376,392,408,408,174,184,184,184,199,199,213,213,227,227,34,34,34],"floor_reached":51,"playtime":3624,"items_purged":["Strike_G","Strike_G","Strike_G"],"score":1307,"play_id":"04e69064-d527-47db-8f24-97e323b5f75c","local_time":"20190724191358","is_ascension_mode":true,"campfire_choices":[{"data":"Cloak And Dagger","floor":6,"key":"SMITH"},{"data":"After Image","floor":11,"key":"SMITH"},{"data":"Footwork","floor":13,"key":"SMITH"},{"data":"Neutralize","floor":15,"key":"SMITH"},{"data":"Envenom","floor":24,"key":"SMITH"},{"data":"Footwork","floor":27,"key":"SMITH"},{"data":"Cloak And Dagger","floor":32,"key":"SMITH"},{"data":"Riddle With Holes","floor":40,"key":"SMITH"},{"data":"Finesse","floor":41,"key":"SMITH"},{"data":"1","floor":47,"key":"LIFT"},{"data":"2","floor":49,"key":"LIFT"}],"neow_cost":"NONE","seed_source_timestamp":1256532392583334,"circlet_count":0,"master_deck":["AscendersBane","Strike_G","Defend_G","Defend_G","Defend_G","Defend_G","Defend_G","Survivor","Neutralize+1","Cloak And Dagger+1","Deflect","Terror","After Image+1","Deflect","Footwork+1","Envenom+1","Deflect+1","Blade Dance+1","Footwork+1","Escape Plan","Riddle With Holes+1","Cloak And Dagger+1","After Image","Finesse+1","Footwork"],"relics":["Ring of the Snake","NeowsBlessing","Letter Opener","Tiny Chest","WingedGreaves","Vajra","Snake Skull","The Courier","Eternal Feather","Singing Bowl","Unceasing Top","Sundial","Ancient Tea Set","WristBlade","Pen Nib","Girya","Oddly Smooth Stone"],"potions_floor_usage":[23,23,30,30,30,39,50,50],"damage_taken":[{"damage":0,"enemies":"Cultist","floor":1,"turns":1},{"damage":0,"enemies":"3 Sentries","floor":7,"turns":2},{"damage":0,"enemies":"Gremlin Nob","floor":8,"turns":1},{"damage":0,"enemies":"Small Slimes","floor":10,"turns":4},{"damage":0,"enemies":"Jaw Worm","floor":12,"turns":3},{"damage":0,"enemies":"Lagavulin","floor":14,"turns":9},{"damage":7,"enemies":"The Guardian","floor":16,"turns":14},{"damage":3,"enemies":"Spheric Guardian","floor":18,"turns":10},{"damage":0,"enemies":"Shell Parasite","floor":20,"turns":9},{"damage":16,"enemies":"Gremlin Leader","floor":23,"turns":9},{"damage":7,"enemies":"Cultist and Chosen","floor":28,"turns":8},{"damage":4,"enemies":"Centurion and Healer","floor":29,"turns":7},{"damage":15,"enemies":"Slavers","floor":30,"turns":9},{"damage":9,"enemies":"Automaton","floor":33,"turns":10},{"damage":0,"enemies":"3 Shapes","floor":35,"turns":5},{"damage":21,"enemies":"3 Darklings","floor":36,"turns":7},{"damage":0,"enemies":"4 Shapes","floor":39,"turns":9},{"damage":12,"enemies":"Transient","floor":42,"turns":5},{"damage":3,"enemies":"Jaw Worm Horde","floor":44,"turns":6},{"damage":2,"enemies":"Writhing Mass","floor":46,"turns":7},{"damage":46,"enemies":"Time Eater","floor":50,"turns":12}],"seed_played":"-8007905623061996513","potions_obtained":[{"floor":1,"key":"GhostInAJar"},{"floor":7,"key":"PowerPotion"},{"floor":23,"key":"Swift Potion"},{"floor":29,"key":"EntropicBrew"},{"floor":35,"key":"GamblersBrew"},{"floor":39,"key":"SteroidPotion"},{"floor":42,"key":"PowerPotion"}],"is_trial":false,"path_per_floor":["M","T","?","T","$","R","E","E","T","M","R","M","R","E","R","B",null,"M","?","M","?","$","E","R","T","T","R","M","M","E","?","R","B",null,"M","M","?","$","M","R","R","M","T","M","?","M","R","$","R","B",null],"character_chosen":"THE_SILENT","items_purchased":["Deflect","Footwork","Escape Plan","Pen Nib","Oddly Smooth Stone","Footwork"],"campfire_rested":0,"item_purchase_floors":[5,22,22,38,48,48],"current_hp_per_floor":[59,59,52,52,52,52,52,52,52,52,52,52,52,52,52,45,61,58,58,58,58,58,42,54,54,54,66,61,57,44,44,56,47,64,66,47,47,47,49,61,73,63,63,62,62,62,74,74,78,32],"gold":34,"neow_bonus":"THREE_ENEMY_KILL","is_prod":false,"is_daily":false,"chose_seed":false,"campfire_upgraded":9,"win_rate":0,"timestamp":1564013638,"path_taken":["M","?","?","?","$","R","E","E","T","M","R","M","R","E","R","BOSS","M","?","M","?","$","E","R","?","T","R","M","?","E","?","R","BOSS","M","M","?","$","M","R","R","M","T","M","?","M","R","?","R","BOSS"],"build_version":"2019-07-17","purchased_purges":3,"victory":true,"max_hp_per_floor":[66,66,66,66,66,66,66,66,66,66,66,66,66,66,66,66,66,66,66,66,66,66,66,66,66,66,66,68,68,70,70,70,70,70,72,74,74,74,76,76,76,78,78,80,76,78,78,78,78,78],"card_choices":[{"not_picked":["Dodge and Roll","Prepared"],"picked":"Cloak And Dagger","floor":1},{"not_picked":["Prepared","Tools of the Trade"],"picked":"Terror","floor":7},{"not_picked":["Choke","Deadly Poison"],"picked":"After Image","floor":8},{"not_picked":["Backstab","PiercingWail"],"picked":"Deflect","floor":10},{"not_picked":["Underhanded Strike","Caltrops"],"picked":"Footwork","floor":12},{"not_picked":["Dagger Throw","Heel Hook","Crippling Poison"],"picked":"SKIP","floor":14},{"not_picked":["Malaise","Unload"],"picked":"Envenom","floor":16},{"not_picked":["Flechettes","Sucker Punch"],"picked":"Deflect+1","floor":18},{"not_picked":["Bane","Acrobatics"],"picked":"Blade Dance+1","floor":20},{"not_picked":["Poisoned Stab","Caltrops+1"],"picked":"Riddle With Holes","floor":23},{"not_picked":["Calculated Gamble","Reflex","Deadly Poison"],"picked":"Singing Bowl","floor":28},{"not_picked":["Well Laid Plans","Blade Dance"],"picked":"Cloak And Dagger","floor":29},{"not_picked":["Deflect","Outmaneuver","Finisher"],"picked":"Singing Bowl","floor":30},{"not_picked":["Bullet Time","Malaise"],"picked":"After Image","floor":33},{"not_picked":["Deadly Poison","Quick Slash+1","Underhanded Strike"],"picked":"Singing Bowl","floor":35},{"not_picked":["Slice","Skewer","Acrobatics"],"picked":"Singing Bowl","floor":36},{"not_picked":["Forethought","Impatience"],"picked":"Finesse","floor":37},{"not_picked":["Underhanded Strike","Cloak And Dagger","Bane"],"picked":"Singing Bowl","floor":39},{"not_picked":["Grand Finale","Setup+1","Deflect"],"picked":"Singing Bowl","floor":42},{"not_picked":["Leg Sweep","Flying Knee","Prepared"],"picked":"Singing Bowl","floor":44},{"not_picked":["Quick Slash+1","Acrobatics","Reflex+1"],"picked":"Singing Bowl","floor":46}],"player_experience":875759,"relics_obtained":[{"floor":2,"key":"Letter Opener"},{"floor":4,"key":"Tiny Chest"},{"floor":7,"key":"WingedGreaves"},{"floor":8,"key":"Vajra"},{"floor":9,"key":"Snake Skull"},{"floor":14,"key":"The Courier"},{"floor":23,"key":"Singing Bowl"},{"floor":25,"key":"Unceasing Top"},{"floor":26,"key":"Sundial"},{"floor":30,"key":"Ancient Tea Set"},{"floor":43,"key":"Girya"}],"event_choices":[{"cards_removed":["Strike_G"],"damage_healed":0,"gold_gain":0,"player_choice":"Card Removal","damage_taken":7,"max_hp_gain":0,"max_hp_loss":0,"event_name":"Golden Wing","floor":3,"gold_loss":0},{"damage_healed":0,"gold_gain":0,"player_choice":"Ignored","damage_taken":0,"max_hp_gain":0,"max_hp_loss":0,"event_name":"Ghosts","floor":19,"gold_loss":0},{"damage_healed":0,"gold_gain":0,"player_choice":"Ignored","damage_taken":0,"max_hp_gain":0,"max_hp_loss":0,"event_name":"Vampires","floor":21,"gold_loss":0},{"damage_healed":0,"gold_gain":50,"player_choice":"Stole From Cult","damage_taken":0,"max_hp_gain":0,"max_hp_loss":0,"event_name":"Nest","floor":31,"gold_loss":0},{"damage_healed":0,"gold_gain":0,"player_choice":"Memory 1","damage_taken":0,"max_hp_gain":0,"max_hp_loss":0,"event_name":"SensoryStone","floor":37,"gold_loss":0},{"damage_healed":0,"gold_gain":0,"player_choice":"Max HP","damage_taken":0,"max_hp_gain":0,"max_hp_loss":4,"event_name":"Winding Halls","floor":45,"gold_loss":0}],"is_beta":false,"boss_relics":[{"not_picked":["Philosopher\u0027s Stone","Runic Pyramid"],"picked":"Eternal Feather"},{"not_picked":["Calling Bell","Fusion Hammer"],"picked":"WristBlade"}],"items_purged_floors":[5,22,38],"is_endless":false,"potions_floor_spawned":[1,7,10,20,23,29,35,39,42,44],"ascension_level":16}