{"gold_per_floor":[119,138,149,149,2,2,2,2,52,52,87,87,41,58,58,134,134,149,72,72,72,72,72,72,72,72,72,89,108,139,156,156,232,232,245,31,44,44,44,44,69,69,138,138,138,148,74,89,89,89],"floor_reached":50,"playtime":1914,"items_purged":["Strike_G"],"score":916,"play_id":"c1e92dc9-19b2-45d0-8ad0-265cf8b41a8c","local_time":"20180704235636","is_ascension_mode":true,"campfire_choices":[{"data":"Noxious Fumes","floor":6,"key":"SMITH"},{"data":"Neutralize","floor":8,"key":"SMITH"},{"floor":10,"key":"REST"},{"floor":12,"key":"REST"},{"data":"Glass Knife","floor":15,"key":"SMITH"},{"floor":23,"key":"REST"},{"data":"After Image","floor":27,"key":"SMITH"},{"data":"Catalyst","floor":32,"key":"SMITH"},{"data":"Footwork","floor":40,"key":"SMITH"},{"floor":42,"key":"REST"},{"data":"Dash","floor":45,"key":"SMITH"},{"data":"Crippling Poison","floor":49,"key":"SMITH"}],"neow_cost":"NONE","seed_source_timestamp":15708850246057,"circlet_count":0,"master_deck":["Defend_G+1","Defend_G","Defend_G","Defend_G","Survivor","Neutralize+1","AscendersBane","Noxious Fumes+1","Backflip","Slice","Crippling Poison+1","Quick Slash","Blur","Bane","Glass Knife+1","Glass Knife+1","Deflect","After Image+1","Catalyst+1","Bite","Bite","Bite","Bite","Bite","Footwork+1","Distraction+1","Footwork+1","Dash+1","Burst+1","Footwork+1","Backflip+1","Infinite Blades+1","Escape Plan+1","Catalyst+1"],"relics":["Orrery","Strawberry","Bag of Marbles","Omamori","Sozu","Enchiridion","Frozen Egg 2","Toxic Egg 2","Busted Crown","Bag of Preparation","Mercury Hourglass","Ninja Scroll"],"potions_floor_usage":[31,50],"damage_taken":[{"damage":3,"enemies":"Jaw Worm","floor":1,"turns":4},{"damage":1,"enemies":"Cultist","floor":2,"turns":5},{"damage":7,"enemies":"Small Slimes","floor":3,"turns":4},{"damage":35,"enemies":"Gremlin Nob","floor":11,"turns":5},{"damage":1,"enemies":"Looter","floor":14,"turns":3},{"damage":18,"enemies":"Hexaghost","floor":16,"turns":10},{"damage":10,"enemies":"Shell Parasite","floor":18,"turns":3},{"damage":5,"enemies":"Chosen","floor":28,"turns":5},{"damage":21,"enemies":"Snake Plant","floor":29,"turns":5},{"damage":0,"enemies":"Gremlin Leader","floor":30,"turns":9},{"damage":14,"enemies":"Cultist and Chosen","floor":31,"turns":7},{"damage":18,"enemies":"Automaton","floor":33,"turns":11},{"damage":38,"enemies":"Flame Bruiser 1 Orb","floor":35,"turns":9},{"damage":0,"enemies":"3 Shapes","floor":37,"turns":5},{"damage":34,"enemies":"2 Orb Walkers","floor":41,"turns":8},{"damage":18,"enemies":"Maw","floor":46,"turns":9},{"damage":0,"enemies":"4 Shapes","floor":48,"turns":6},{"damage":92,"enemies":"Awakened One","floor":50,"turns":19}],"seed_played":"4509944301765609743","potions_obtained":[{"floor":3,"key":"Ancient Potion"},{"floor":11,"key":"SkillPotion"}],"is_trial":false,"path_per_floor":["M","M","M","?","$","R","?","R","T","R","E","R","$","M","R","B",null,"M","$","?","?","?","R","$","?","T","R","M","M","E","M","R","B",null,"M","$","M","?","$","R","E","R","T","?","R","M","$","M","R"],"character_chosen":"THE_SILENT","items_purchased":["Glass Knife","Deflect","Catalyst","Footwork+1","Bag of Preparation","Escape Plan+1"],"campfire_rested":4,"item_purchase_floors":[5,13,19,36,36,47],"current_hp_per_floor":[56,55,48,50,50,50,28,28,28,49,14,35,35,34,34,16,59,49,49,49,49,28,43,43,43,43,43,48,35,51,43,43,47,50,26,26,30,30,30,30,6,21,21,42,42,34,34,40,40,0],"gold":89,"neow_bonus":"BOSS_RELIC","is_prod":false,"is_daily":false,"chose_seed":false,"campfire_upgraded":8,"win_rate":0,"timestamp":1530773796,"path_taken":["M","M","M","?","?","R","?","R","T","R","E","R","$","?","R","BOSS","M","$","?","?","?","R","$","?","T","R","M","?","E","M","R","BOSS","M","$","M","?","$","R","E","R","T","?","R","?","?","M","R","BOSS"],"build_version":"2018-07-03","purchased_purges":1,"victory":false,"max_hp_per_floor":[66,66,66,73,73,73,73,73,73,73,73,73,73,73,73,73,73,73,73,73,51,51,51,51,51,51,51,51,51,51,51,51,51,51,51,51,51,51,51,51,51,51,51,42,42,42,42,42,42,42],"card_choices":[{"not_picked":["Dagger Throw","Escape Plan"],"picked":"Noxious Fumes","floor":0},{"not_picked":["Endless Agony","Infinite Blades"],"picked":"Backflip","floor":0},{"not_picked":["Eviscerate","Skewer"],"picked":"Slice","floor":0},{"not_picked":["Dagger Throw","Escape Plan"],"picked":"Crippling Poison","floor":0},{"not_picked":["Slice","Underhanded Strike"],"picked":"Quick Slash","floor":0},{"not_picked":["Prepared","Poisoned Stab"],"picked":"Blur","floor":1},{"not_picked":["Eviscerate","Blade Dance","Acrobatics"],"picked":"SKIP","floor":2},{"not_picked":["Flying Knee","Reflex"],"picked":"Bane","floor":3},{"not_picked":["Acrobatics","Flying Knee"],"picked":"Glass Knife","floor":11},{"not_picked":["Corpse Explosion","Storm of Steel"],"picked":"After Image","floor":16},{"not_picked":["Flechettes","Backstab"],"picked":"Distraction+1","floor":28},{"not_picked":["Blur","Finisher"],"picked":"Footwork+1","floor":30},{"not_picked":["Dagger Spray","Dodge and Roll+1"],"picked":"Dash","floor":31},{"not_picked":["Wraith Form v2+1","Bullet Time+1"],"picked":"Burst+1","floor":33},{"not_picked":["Slice"],"picked":"SKIP","floor":35},{"not_picked":["Slice"],"picked":"SKIP","floor":37},{"not_picked":[],"picked":"Backflip+1","floor":41},{"not_picked":[],"picked":"Infinite Blades+1","floor":46},{"not_picked":[],"picked":"Catalyst+1","floor":48}],"player_experience":509868,"relics_obtained":[{"floor":9,"key":"Bag of Marbles"},{"floor":11,"key":"Omamori"},{"floor":22,"key":"Enchiridion"},{"floor":26,"key":"Frozen Egg 2"},{"floor":30,"key":"Toxic Egg 2"},{"floor":41,"key":"Mercury Hourglass"},{"floor":43,"key":"Ninja Scroll"}],"event_choices":[{"event_name":"Scrap Ooze","player_choice":"success","floor":4,"damage_taken":5},{"event_name":"Shining Light","player_choice":"Entered Light","floor":7,"damage_taken":0},{"event_name":"Bonfire Elementals","player_choice":"BASIC","floor":20,"damage_taken":0},{"event_name":"Vampires","player_choice":"Became a vampire","floor":21,"damage_taken":0},{"event_name":"Cursed Tome","player_choice":"Obtained Book","floor":22,"damage_taken":0},{"event_name":"The Library","player_choice":"Read","floor":25,"damage_taken":0},{"event_name":"SensoryStone","player_choice":"Memory 1","floor":38,"damage_taken":0},{"event_name":"The Moai Head","player_choice":"Heal","floor":44,"damage_taken":0}],"boss_relics":[{"not_picked":["Velvet Choker","Runic Dome"],"picked":"Sozu"},{"not_picked":["Eternal Feather","Snecko Eye"],"picked":"Busted Crown"}],"items_purged_floors":[5],"is_endless":false,"potions_floor_spawned":[3,11,28,29,30,31,37,41,46],"killed_by":"Awakened One","ascension_level":15}