{"gold_per_floor":[109,119,50,67,85,85,118,118,168,168,0,0,17,48,48,122,122],"floor_reached":17,"playtime":453,"items_purged":[],"score":289,"play_id":"0e815306-fa08-432a-9f45-b79b6b2b7b23","local_time":"20180709212750","is_ascension_mode":true,"campfire_choices":[{"floor":6,"key":"REST"},{"data":"Footwork","floor":8,"key":"SMITH"},{"data":"Neutralize","floor":10,"key":"SMITH"},{"data":"Bane","floor":15,"key":"SMITH"}],"neow_cost":"FIFTY_PERCENT_DAMAGE","seed_source_timestamp":0,"circlet_count":0,"master_deck":["Defend_G","Defend_G","Defend_G","Strike_G","Strike_G","Strike_G","Strike_G","Strike_G","Survivor","Neutralize+1","AscendersBane","Dagger Spray","Cloak And Dagger+1","Endless Agony","Deadly Poison","Footwork+1","Bane+1","Backflip","Finisher","Adrenaline"],"special_seed":17722,"relics":["Ring of the Snake","Smiling Mask","Lantern","Pen Nib","Happy Flower","Fusion Hammer"],"potions_floor_usage":[14,16,16],"damage_taken":[{"damage":2,"enemies":"Cultist","floor":1,"turns":4},{"damage":5,"enemies":"Small Slimes","floor":2,"turns":3},{"damage":0,"enemies":"Jaw Worm","floor":4,"turns":4},{"damage":0,"enemies":"Looter","floor":5,"turns":3},{"damage":5,"enemies":"3 Sentries","floor":7,"turns":7},{"damage":0,"enemies":"3 Louse","floor":13,"turns":2},{"damage":3,"enemies":"Lagavulin","floor":14,"turns":5},{"damage":28,"enemies":"The Guardian","floor":16,"turns":8}],"seed_played":"-163716102511872118","potions_obtained":[{"floor":2,"key":"Energy Potion"},{"floor":4,"key":"EssenceOfSteel"},{"floor":14,"key":"AttackPotion"}],"is_trial":false,"path_per_floor":["M","M","$","M","M","R","E","R","T","R","$","?","M","E","R","B"],"character_chosen":"THE_SILENT","items_purchased":["Endless Agony","Backflip","Pen Nib"],"campfire_rested":1,"item_purchase_floors":[3,11,11],"current_hp_per_floor":[28,23,23,23,23,42,37,37,37,37,37,37,37,34,34,6,6],"gold":122,"neow_bonus":"REMOVE_TWO","is_prod":false,"is_daily":false,"chose_seed":false,"campfire_upgraded":3,"win_rate":0,"timestamp":1531196870,"path_taken":["M","M","$","M","M","R","E","R","T","R","$","?","M","E","R","BOSS"],"build_version":"2018-07-05","purchased_purges":0,"victory":false,"max_hp_per_floor":[66,66,66,66,66,66,66,66,66,66,66,66,66,66,66,66,66],"card_choices":[{"not_picked":["Outmaneuver","Infinite Blades"],"picked":"Dagger Spray","floor":1},{"not_picked":["Acrobatics","Concentrate"],"picked":"Cloak And Dagger","floor":2},{"not_picked":["Underhanded Strike","PiercingWail"],"picked":"Deadly Poison","floor":4},{"not_picked":["Blur","Noxious Fumes"],"picked":"Footwork","floor":5},{"not_picked":["Acrobatics","Bullet Time"],"picked":"Bane","floor":7},{"not_picked":["Acrobatics","Crippling Poison","Caltrops"],"picked":"SKIP","floor":13},{"not_picked":["Storm of Steel","PiercingWail"],"picked":"Finisher","floor":14},{"not_picked":["Envenom","Phantasmal Killer"],"picked":"Adrenaline","floor":16}],"player_experience":557354,"relics_obtained":[{"floor":7,"key":"Smiling Mask"},{"floor":9,"key":"Lantern"},{"floor":14,"key":"Happy Flower"}],"event_choices":[{"event_name":"Living Wall","player_choice":"Grow","floor":12,"damage_taken":0}],"boss_relics":[{"not_picked":["Calling Bell","Philosopher\u0027s Stone"],"picked":"Fusion Hammer"}],"items_purged_floors":[],"is_endless":false,"potions_floor_spawned":[2,4,14],"ascension_level":15}