{"gold_per_floor":[366,541,541,553,566,593,616,642,668,427,443,474,474,424,424,520,520,534,534,550,550,500,530,300,300,324,343,258,273,273,300,300,405,405,425,114,132,92,42,72,172,172,219,219,219,219,237,257,257,257,257,257,257,290,290],"floor_reached":56,"playtime":1851,"items_purged":["Doubt","Strike_R","Defend_R","Defend_R","Defend_R"],"score":1429,"play_id":"ec3f8f20-e41c-47ed-af21-c0df53156e36","local_time":"20190614175758","is_ascension_mode":false,"campfire_choices":[{"data":"Armaments","floor":13,"key":"SMITH"},{"floor":15,"key":"RECALL"},{"floor":32,"key":"REST"},{"data":"Searing Blow+9","floor":42,"key":"SMITH"},{"data":"Searing Blow+10","floor":46,"key":"SMITH"},{"data":"Searing Blow+11","floor":49,"key":"SMITH"},{"data":"Searing Blow+12","floor":52,"key":"SMITH"}],"neow_cost":"PERCENT_DAMAGE","seed_source_timestamp":239269850547029,"circlet_count":0,"master_deck":["Bash","Flame Barrier+1","Searing Blow+13","Shrug It Off","Armaments+1","Master of Strategy+1","Shrug It Off","Thinking Ahead+1","Double Tap+1","Armaments+1"],"relics":["Burning Blood","Vajra","Dodecahedron","Centennial Puzzle","Smiling Mask","Empty Cage","Question Card","War Paint","Orichalcum","Juzu Bracelet","Girya","Regal Pillow","Busted Crown","Bottled Lightning","Mercury Hourglass","Ginger","Potion Belt","Sundial"],"potions_floor_usage":[6,23,55,55],"damage_taken":[{"damage":0,"enemies":"2 Louse","floor":1,"turns":2},{"damage":0,"enemies":"Cultist","floor":4,"turns":2},{"damage":0,"enemies":"Jaw Worm","floor":5,"turns":1},{"damage":6,"enemies":"Gremlin Nob","floor":6,"turns":3},{"damage":9,"enemies":"Lagavulin","floor":8,"turns":5},{"damage":0,"enemies":"Blue Slaver","floor":11,"turns":1},{"damage":0,"enemies":"Gremlin Nob","floor":12,"turns":2},{"damage":22,"enemies":"The Guardian","floor":16,"turns":5},{"damage":0,"enemies":"Shell Parasite","floor":18,"turns":1},{"damage":0,"enemies":"Spheric Guardian","floor":20,"turns":2},{"damage":30,"enemies":"Gremlin Leader","floor":23,"turns":5},{"damage":5,"enemies":"Cultist and Chosen","floor":27,"turns":3},{"damage":3,"enemies":"Centurion and Healer","floor":29,"turns":2},{"damage":9,"enemies":"Slavers","floor":31,"turns":3},{"damage":0,"enemies":"Automaton","floor":33,"turns":3},{"damage":0,"enemies":"3 Shapes","floor":35,"turns":4},{"damage":0,"enemies":"Orb Walker","floor":37,"turns":1},{"damage":2,"enemies":"Nemesis","floor":40,"turns":3},{"damage":0,"enemies":"Mind Bloom Boss Battle","floor":41,"turns":1},{"damage":0,"enemies":"Maw","floor":47,"turns":1},{"damage":0,"enemies":"Writhing Mass","floor":48,"turns":1},{"damage":0,"enemies":"Donu and Deca","floor":50,"turns":2},{"damage":0,"enemies":"Shield and Spear","floor":54,"turns":2},{"damage":52,"enemies":"The Heart","floor":55,"turns":3}],"seed_played":"-5082626573075641223","potions_obtained":[{"floor":4,"key":"EntropicBrew"},{"floor":12,"key":"Block Potion"},{"floor":16,"key":"Block Potion"},{"floor":29,"key":"Energy Potion"},{"floor":31,"key":"Weak Potion"},{"floor":33,"key":"Energy Potion"},{"floor":48,"key":"FearPotion"},{"floor":54,"key":"PowerPotion"}],"is_trial":false,"path_per_floor":["M","?","?","M","M","E","T","E","T","$","M","E","R","?","R","B",null,"M","?","M","T","$","E","$","?","T","M","?","M","?","E","R","B",null,"M","$","M","?","$","E","?","R","T","?","?","R","M","M","R","B",null,"R","$","E","B",null],"character_chosen":"IRONCLAD","items_purchased":["Master of Strategy","Thinking Ahead","Bottled Lightning"],"campfire_rested":1,"item_purchase_floors":[10,24,36],"current_hp_per_floor":[62,62,62,68,74,74,74,71,71,71,77,80,80,80,80,64,80,80,80,80,80,80,56,56,56,56,57,57,60,60,57,80,80,80,80,80,80,80,80,80,80,80,80,76,76,76,76,76,76,76,76,76,76,76,30],"gold":290,"neow_bonus":"TWO_FIFTY_GOLD","is_prod":false,"is_daily":false,"chose_seed":false,"campfire_upgraded":5,"win_rate":0,"timestamp":1560553078,"path_taken":["M","?","?","M","?","E","?","E","T","$","M","E","R","?","R","BOSS","M","?","?","?","$","E","$","?","T","M","?","M","?","E","R","BOSS","M","$","M","?","$","E","?","R","T","?","?","R","M","M","R","BOSS","R","$","E","BOSS"],"build_version":"2019-01-23","purchased_purges":5,"victory":true,"max_hp_per_floor":[80,80,80,80,80,80,80,80,80,80,80,80,80,80,80,80,80,80,80,80,80,80,80,80,80,80,80,80,80,80,80,80,80,80,80,80,80,80,80,80,80,80,80,76,76,76,76,76,76,76,76,76,76,76,76],"card_choices":[{"not_picked":["Iron Wave","Cleave"],"picked":"Flame Barrier","floor":1},{"not_picked":["Seeing Red","Spot Weakness","Twin Strike"],"picked":"SKIP","floor":4},{"not_picked":["Rage","Ghostly Armor"],"picked":"Shrug It Off","floor":5},{"not_picked":["Twin Strike","Dual Wield"],"picked":"Armaments","floor":6},{"not_picked":["Warcry","Limit Break","Metallicize"],"picked":"SKIP","floor":8},{"not_picked":["Heavy Blade","Headbutt"],"picked":"Shrug It Off","floor":11},{"not_picked":["Heavy Blade","Wild Strike","True Grit"],"picked":"SKIP","floor":12},{"not_picked":["Hemokinesis+1","Evolve+1","Havoc"],"picked":"SKIP","floor":18},{"not_picked":["Clothesline","Seeing Red","Entrench"],"picked":"SKIP","floor":20},{"not_picked":["Body Slam","Hemokinesis","Carnage","Infernal Blade"],"picked":"SKIP","floor":23},{"not_picked":["Sever Soul","Shockwave+1","Corruption","Intimidate+1"],"picked":"SKIP","floor":27},{"not_picked":["Clothesline","Intimidate+1","Warcry","Bloodletting"],"picked":"SKIP","floor":29},{"not_picked":["Clash","Perfected Strike","Exhume","Feed"],"picked":"SKIP","floor":31},{"not_picked":["Reaper","Limit Break","Immolate"],"picked":"Double Tap","floor":33},{"not_picked":["Wild Strike","Bloodletting+1"],"picked":"SKIP","floor":35},{"not_picked":["Searing Blow","Burning Pact"],"picked":"SKIP","floor":37},{"not_picked":["Pommel Strike","Hemokinesis+1"],"picked":"SKIP","floor":40},{"not_picked":["Iron Wave"],"picked":"Armaments+1","floor":41},{"not_picked":["Sever Soul+1","Twin Strike"],"picked":"SKIP","floor":47},{"not_picked":["Clash+1","Warcry"],"picked":"SKIP","floor":48},{"not_picked":["Armaments","Combust+1"],"picked":"SKIP","floor":54}],"player_experience":799407,"relics_obtained":[{"floor":6,"key":"Vajra"},{"floor":8,"key":"Dodecahedron"},{"floor":9,"key":"Centennial Puzzle"},{"floor":12,"key":"Smiling Mask"},{"floor":21,"key":"Question Card"},{"floor":23,"key":"War Paint"},{"floor":26,"key":"Juzu Bracelet"},{"floor":31,"key":"Regal Pillow"},{"floor":40,"key":"Mercury Hourglass"},{"floor":41,"key":"Ginger"},{"floor":43,"key":"Potion Belt"},{"floor":54,"key":"Sundial"}],"event_choices":[{"damage_healed":0,"gold_gain":175,"player_choice":"AGREE","damage_taken":0,"max_hp_gain":0,"max_hp_loss":0,"event_name":"Liars Game","floor":2,"gold_loss":0,"cards_obtained":["Doubt"]},{"cards_removed":["Strike_R"],"damage_healed":0,"gold_gain":0,"player_choice":"Took Card","damage_taken":0,"max_hp_gain":0,"max_hp_loss":0,"event_name":"NoteForYourself","floor":3,"gold_loss":0,"cards_obtained":["Searing Blow"]},{"cards_removed":["Strike_R"],"damage_healed":0,"gold_gain":0,"player_choice":"Card Removal","damage_taken":0,"max_hp_gain":0,"max_hp_loss":0,"event_name":"The Cleric","floor":14,"gold_loss":50},{"damage_healed":0,"gold_gain":0,"player_choice":"Upgraded","damage_taken":0,"max_hp_gain":0,"max_hp_loss":0,"event_name":"Upgrade Shrine","floor":19,"gold_loss":0,"cards_upgraded":["Searing Blow"]},{"damage_healed":0,"gold_gain":0,"player_choice":"Gave Potion","damage_taken":0,"relics_obtained":["Orichalcum"],"max_hp_gain":0,"max_hp_loss":0,"event_name":"WeMeetAgain","floor":25,"gold_loss":0},{"damage_healed":0,"gold_gain":0,"player_choice":"Obtained Relic","damage_taken":0,"relics_obtained":["Girya"],"max_hp_gain":0,"max_hp_loss":0,"event_name":"Addict","floor":28,"gold_loss":85},{"cards_removed":["Defend_R"],"damage_healed":0,"gold_gain":0,"player_choice":"Elegance","damage_taken":0,"max_hp_gain":0,"max_hp_loss":0,"event_name":"Back to Basics","floor":30,"gold_loss":0},{"damage_healed":0,"gold_gain":0,"player_choice":"Upgraded Two","damage_taken":0,"max_hp_gain":0,"max_hp_loss":0,"event_name":"Designer","floor":38,"gold_loss":40,"cards_upgraded":["Double Tap","Thinking Ahead"]},{"damage_healed":0,"gold_gain":0,"player_choice":"Fight","damage_taken":0,"max_hp_gain":0,"max_hp_loss":0,"event_name":"MindBloom","floor":41,"gold_loss":0},{"damage_healed":0,"gold_gain":0,"player_choice":"Max HP","damage_taken":0,"max_hp_gain":0,"max_hp_loss":4,"event_name":"Winding Halls","floor":44,"gold_loss":0},{"damage_healed":0,"gold_gain":0,"player_choice":"Ignored","damage_taken":0,"max_hp_gain":0,"max_hp_loss":0,"event_name":"Tomb of Lord Red Mask","floor":45,"gold_loss":0}],"is_beta":false,"boss_relics":[{"not_picked":["Pandora\u0027s Box","Lizard Tail"],"picked":"Empty Cage"},{"not_picked":["Coffee Dripper","Mark of Pain"],"picked":"Busted Crown"}],"items_purged_floors":[10,22,24,36,39],"is_endless":false,"potions_floor_spawned":[4,11,12,16,29,31,33,37,40,48,54],"ascension_level":0}