{"gold_per_floor":[114,129,54,69,169,169,184,184,209,209,224,239,339,354,354,454,454,469,484,499,24,39,39,69,69,94,94,109,124,223,238,238,238],"floor_reached":33,"playtime":988,"items_purged":["Rupture","Combust"],"score":313,"play_id":"c056a23c-122b-4b8d-b347-fd1154e8a79e","local_time":"20190820174040","daily_mods":["Insanity","Diverse","Night Terrors"],"is_ascension_mode":false,"campfire_choices":[{"data":"Backstab","floor":6,"key":"SMITH"},{"data":"Backstab","floor":8,"key":"SMITH"},{"data":"Terror","floor":10,"key":"SMITH"},{"data":"Corruption","floor":15,"key":"SMITH"},{"data":"White Noise","floor":23,"key":"SMITH"},{"floor":25,"key":"REST"},{"data":"Iron Wave","floor":27,"key":"SMITH"},{"data":"Dagger Spray","floor":32,"key":"SMITH"}],"neow_cost":"","seed_source_timestamp":16268007518400,"circlet_count":0,"master_deck":["Terror+1","Infinite Blades","True Grit","Cleave","Compile Driver","Backstab+1","Conserve Battery","Poisoned Stab","Pummel","Ball Lightning","Choke","Havoc","Sever Soul","True Grit","Carnage","Escape Plan","Cloak And Dagger","Quick Slash","Iron Wave+1","Quick Slash","Coolheaded","Conserve Battery","Flying Knee","Chill","Scrape","Turbo","Footwork","White Noise","Conserve Battery","Heavy Blade","Pommel Strike","Redo","Iron Wave","Noxious Fumes","Cleave","Ball Lightning","Acrobatics","Evolve","Leap","Ball Lightning","Wild Strike","Deflect","Iron Wave","Aggregate","Dagger Throw","White Noise+1","Cleave","Dagger Throw","Leap","Corruption+1","Backstab+1","Sever Soul","Steam","Storm of Steel","Hologram+1","Shrug It Off","Leap","Cold Snap","Dagger Spray+1"],"special_seed":18128,"relics":["Ring of the Snake","Vajra","Black Star","Torii","Pen Nib","Dodecahedron","Blood Vial"],"potions_floor_usage":[16,16,22,33,33,33],"damage_taken":[{"damage":0,"enemies":"Cultist","floor":1,"turns":3},{"damage":0,"enemies":"Small Slimes","floor":2,"turns":3},{"damage":0,"enemies":"Jaw Worm","floor":4,"turns":2},{"damage":0,"enemies":"Gremlin Gang","floor":7,"turns":2},{"damage":5,"enemies":"Exordium Thugs","floor":11,"turns":4},{"damage":0,"enemies":"2 Fungi Beasts","floor":12,"turns":1},{"damage":0,"enemies":"3 Louse","floor":14,"turns":1},{"damage":30,"enemies":"Hexaghost","floor":16,"turns":6},{"damage":0,"enemies":"Spheric Guardian","floor":18,"turns":3},{"damage":10,"enemies":"Chosen","floor":19,"turns":3},{"damage":15,"enemies":"Snake Plant","floor":20,"turns":2},{"damage":6,"enemies":"Snecko","floor":22,"turns":3},{"damage":15,"enemies":"Slavers","floor":24,"turns":5},{"damage":6,"enemies":"Shelled Parasite and Fungi","floor":28,"turns":4},{"damage":20,"enemies":"Snake Plant","floor":29,"turns":4},{"damage":0,"enemies":"Snecko","floor":31,"turns":2},{"damage":45,"enemies":"Champ","floor":33,"turns":9}],"seed_played":"2622380343692794011","potions_obtained":[{"floor":1,"key":"Block Potion"},{"floor":4,"key":"PowerPotion"},{"floor":7,"key":"FearPotion"},{"floor":19,"key":"Swift Potion"},{"floor":22,"key":"SmokeBomb"},{"floor":29,"key":"PowerPotion"}],"is_trial":false,"path_per_floor":["M","M","$","M","?","R","M","R","T","R","M","M","?","M","R","B",null,"M","M","M","$","M","R","E","R","T","R","M","M","?","M","R","B"],"character_chosen":"THE_SILENT","items_purchased":["Torii","Regen Potion"],"campfire_rested":1,"item_purchase_floors":[21,21],"current_hp_per_floor":[70,70,70,70,70,70,70,70,70,70,65,65,65,65,65,35,70,70,60,45,45,48,48,33,65,65,65,59,41,41,43,43,0],"gold":238,"neow_bonus":"","is_prod":false,"is_daily":true,"chose_seed":false,"campfire_upgraded":7,"win_rate":0,"timestamp":1566290440,"path_taken":["M","M","?","M","?","R","M","R","T","R","?","M","?","M","R","BOSS","M","M","M","$","M","R","E","R","T","R","M","?","?","M","R","BOSS"],"build_version":"2019-07-17","purchased_purges":2,"victory":false,"max_hp_per_floor":[70,70,70,70,70,70,70,70,70,70,70,70,70,70,70,70,70,70,70,70,70,70,70,70,65,65,65,65,65,65,65,65,65],"card_choices":[{"not_picked":["Tactician","Infinite Blades"],"picked":"Leap","floor":1},{"not_picked":["Bane","Beam Cell"],"picked":"Corruption","floor":2},{"not_picked":["Warcry","Cleave"],"picked":"Backstab","floor":4},{"not_picked":["Force Field","Capacitor","Iron Wave"],"picked":"SKIP","floor":7},{"not_picked":["Body Slam","Havoc","Force Field"],"picked":"SKIP","floor":11},{"not_picked":["Masterful Stab","Barrage"],"picked":"Sever Soul","floor":12},{"not_picked":["Body Slam","Bane"],"picked":"Steam","floor":14},{"not_picked":["Venomology","Corpse Explosion"],"picked":"Storm of Steel","floor":16},{"not_picked":["Turbo","Redo","Noxious Fumes"],"picked":"SKIP","floor":18},{"not_picked":["Headbutt","Pommel Strike"],"picked":"Hologram+1","floor":19},{"not_picked":["Blur","Underhanded Strike+1"],"picked":"Shrug It Off","floor":20},{"not_picked":["Shrug It Off","Lockon"],"picked":"Leap","floor":22},{"not_picked":["Streamline","Armaments","Entrench"],"picked":"SKIP","floor":24},{"not_picked":["Bludgeon","Dagger Throw+1"],"picked":"Cold Snap","floor":28},{"not_picked":["Rebound","Rage","Blade Dance+1"],"picked":"SKIP","floor":29},{"not_picked":["Leg Sweep","Deflect"],"picked":"Dagger Spray","floor":31}],"player_experience":211356,"relics_obtained":[{"floor":9,"key":"Vajra"},{"floor":24,"key":"Pen Nib"},{"floor":24,"key":"Dodecahedron"},{"floor":26,"key":"Blood Vial"}],"event_choices":[{"damage_healed":0,"gold_gain":100,"player_choice":"Pray","damage_taken":0,"max_hp_gain":0,"max_hp_loss":0,"event_name":"Golden Shrine","floor":5,"gold_loss":0},{"damage_healed":0,"gold_gain":100,"player_choice":"Gold","damage_taken":0,"max_hp_gain":0,"max_hp_loss":0,"event_name":"Wheel of Change","floor":13,"gold_loss":0},{"damage_healed":0,"gold_gain":99,"player_choice":"Stole From Cult","damage_taken":0,"max_hp_gain":0,"max_hp_loss":0,"event_name":"Nest","floor":30,"gold_loss":0}],"is_beta":false,"boss_relics":[{"not_picked":["Runic Pyramid","WristBlade"],"picked":"Black Star"}],"items_purged_floors":[3,21],"is_endless":false,"potions_floor_spawned":[1,4,7,19,22,29,31],"killed_by":"Champ","ascension_level":0}