{"gold_per_floor":[110,121,121,132,150,177,139,139,187,187,46,46,46,70,70,191,191,215,235,260,260,283,283,298,342,342,358,358,381,381,401,401,401],"floor_reached":33,"playtime":2528,"items_purged":[],"score":271,"play_id":"1c3145fb-1ce8-4016-926c-a733c9bd133e","local_time":"20190704165413","is_ascension_mode":false,"campfire_choices":[{"data":"FTL","floor":8,"key":"SMITH"},{"data":"Zap","floor":10,"key":"SMITH"},{"floor":13,"key":"REST"},{"data":"Double Energy","floor":15,"key":"SMITH"},{"data":"Redo","floor":23,"key":"SMITH"},{"floor":28,"key":"REST"},{"floor":32,"key":"REST"}],"neow_cost":"NONE","seed_source_timestamp":270403030157049,"circlet_count":0,"master_deck":["Strike_B","Strike_B","Strike_B","Defend_B","Defend_B","Defend_B","Defend_B","Zap+1","Dualcast","Sweeping Beam","Stack","Coolheaded","Conserve Battery","Double Energy+1","FTL+1","All For One","Reboot","Seek","Redo+1","Redo+1","Seek","Chaos+1","Ball Lightning+1","Reboot","Beam Cell","Redo+1"],"relics":["Cracked Core","NeowsBlessing","Ornamental Fan","Bronze Scales","Golden Idol","Nuclear Battery","Strawberry","Vajra","Anchor"],"potions_floor_usage":[6,16,24,25,27],"damage_taken":[{"damage":0,"enemies":"2 Louse","floor":1,"turns":1},{"damage":0,"enemies":"Small Slimes","floor":2,"turns":1},{"damage":0,"enemies":"Cultist","floor":4,"turns":1},{"damage":8,"enemies":"Large Slime","floor":5,"turns":7},{"damage":11,"enemies":"Gremlin Nob","floor":6,"turns":4},{"damage":2,"enemies":"Lots of Slimes","floor":14,"turns":1},{"damage":23,"enemies":"Slime Boss","floor":16,"turns":8},{"damage":0,"enemies":"3 Byrds","floor":18,"turns":3},{"damage":7,"enemies":"Chosen","floor":19,"turns":4},{"damage":14,"enemies":"Snake Plant","floor":20,"turns":4},{"damage":0,"enemies":"Chosen and Byrds","floor":22,"turns":4},{"damage":4,"enemies":"3 Cultists","floor":24,"turns":5},{"damage":27,"enemies":"Slavers","floor":25,"turns":4},{"damage":11,"enemies":"Centurion and Healer","floor":27,"turns":3},{"damage":2,"enemies":"Snake Plant","floor":29,"turns":5},{"damage":8,"enemies":"Shelled Parasite and Fungi","floor":31,"turns":4},{"damage":58,"enemies":"Automaton","floor":33,"turns":10}],"seed_played":"1367863371321341235","potions_obtained":[{"floor":1,"key":"Explosive Potion"},{"floor":2,"key":"EssenceOfSteel"},{"floor":5,"key":"Dexterity Potion"},{"floor":16,"key":"Ancient Potion"},{"floor":18,"key":"FearPotion"}],"is_trial":false,"path_per_floor":["M","M","?","M","M","E","$","R","T","R","$","?","R","M","R","B",null,"M","M","M","?","M","R","M","E","T","M","R","M","?","M","R","B"],"character_chosen":"DEFECT","items_purchased":["FTL","All For One"],"campfire_rested":3,"item_purchase_floors":[7,11],"current_hp_per_floor":[75,75,75,75,67,56,56,56,56,56,56,38,60,58,58,35,75,75,68,54,54,54,54,50,30,30,19,43,41,41,33,57,0],"gold":401,"neow_bonus":"THREE_ENEMY_KILL","is_prod":false,"is_daily":false,"chose_seed":false,"campfire_upgraded":4,"win_rate":0.0,"timestamp":1562226853,"path_taken":["M","M","?","M","M","E","$","R","T","R","$","?","R","M","R","BOSS","M","M","M","?","M","R","?","E","T","M","R","M","?","M","R","BOSS"],"build_version":"2019-07-01","purchased_purges":0,"victory":false,"max_hp_per_floor":[75,75,75,75,75,75,75,75,75,75,75,75,75,75,75,75,75,75,75,75,75,75,75,75,82,82,82,82,82,82,82,82,82],"card_choices":[{"not_picked":["Reinforced Body","Hologram"],"picked":"Sweeping Beam","floor":1},{"not_picked":["Skim","Barrage"],"picked":"Stack","floor":2},{"not_picked":["Skim","Blizzard"],"picked":"Coolheaded","floor":4},{"not_picked":["Double Energy","Go for the Eyes"],"picked":"Conserve Battery","floor":5},{"not_picked":["Cold Snap","Leap"],"picked":"Double Energy","floor":6},{"not_picked":["Leap","White Noise"],"picked":"Reboot","floor":14},{"not_picked":["Reboot","Machine Learning"],"picked":"Seek","floor":16},{"not_picked":["Barrage","Conserve Battery"],"picked":"Redo","floor":18},{"not_picked":["Gash","Ball Lightning"],"picked":"Redo+1","floor":19},{"not_picked":["Go for the Eyes","Cold Snap"],"picked":"Seek","floor":20},{"not_picked":["Redo","Capacitor"],"picked":"Chaos+1","floor":22},{"not_picked":["Auto Shields","Redo"],"picked":"Ball Lightning+1","floor":24},{"not_picked":["Hologram","Sweeping Beam","Conserve Battery"],"picked":"SKIP","floor":25},{"not_picked":["Sweeping Beam","Cold Snap"],"picked":"Reboot","floor":27},{"not_picked":["Leap","Compile Driver"],"picked":"Beam Cell","floor":29},{"not_picked":["Barrage","Glacier"],"picked":"Redo+1","floor":31}],"player_experience":6301,"relics_obtained":[{"floor":6,"key":"Ornamental Fan"},{"floor":9,"key":"Bronze Scales"},{"floor":25,"key":"Strawberry"},{"floor":26,"key":"Vajra"}],"event_choices":[{"damage_healed":0,"gold_gain":0,"player_choice":"Ignored","damage_taken":0,"max_hp_gain":0,"max_hp_loss":0,"event_name":"Liars Game","floor":3,"gold_loss":0},{"damage_healed":0,"gold_gain":0,"player_choice":"Take Damage","damage_taken":18,"relics_obtained":["Golden Idol"],"max_hp_gain":0,"max_hp_loss":0,"event_name":"Golden Idol","floor":12,"gold_loss":0},{"damage_healed":0,"gold_gain":0,"cards_transformed":["Strike_B"],"player_choice":"Transformed","damage_taken":0,"max_hp_gain":0,"max_hp_loss":0,"event_name":"Transmorgrifier","floor":21,"gold_loss":0,"cards_obtained":["Cold Snap"]},{"cards_removed":["Cold Snap"],"damage_healed":0,"gold_gain":0,"player_choice":"Gave Card","damage_taken":0,"relics_obtained":["Anchor"],"max_hp_gain":0,"max_hp_loss":0,"event_name":"WeMeetAgain","floor":30,"gold_loss":0}],"is_beta":false,"boss_relics":[{"not_picked":["FrozenCore","Eternal Feather"],"picked":"Nuclear Battery"}],"items_purged_floors":[],"is_endless":false,"potions_floor_spawned":[1,2,5,16,18,19,22],"killed_by":"Automaton","ascension_level":0}