{"gold_per_floor":[110,110,60,31,44,44,65,65,65,9,27,43,58,81,81,81],"floor_reached":16,"playtime":293,"items_purged":[],"score":188,"play_id":"a27743da-6afb-4cbe-a087-a53de73dbbe7","local_time":"20181213184637","is_ascension_mode":true,"campfire_choices":[{"data":"Streamline","floor":6,"key":"SMITH"},{"data":"Hologram","floor":8,"key":"SMITH"},{"floor":15,"key":"REST"}],"neow_cost":"NONE","seed_source_timestamp":449194103540537,"circlet_count":0,"master_deck":["AscendersBane","Strike_B","Strike_B","Strike_B","Strike_B","Defend_B","Defend_B","Defend_B","Defend_B","Zap","Dualcast","Hologram+1","Streamline+1","Fusion","Buffer","Coolheaded","Rebound","Leap","Coolheaded","FTL"],"relics":["Philosopher\u0027s Stone","Golden Idol","Girya","Mango"],"potions_floor_usage":[],"damage_taken":[{"damage":2,"enemies":"Small Slimes","floor":1,"turns":3},{"damage":2,"enemies":"2 Louse","floor":5,"turns":2},{"damage":2,"enemies":"Cultist","floor":7,"turns":4},{"damage":8,"enemies":"Exordium Wildlife","floor":11,"turns":5},{"damage":6,"enemies":"Blue Slaver","floor":12,"turns":4},{"damage":6,"enemies":"Large Slime","floor":13,"turns":6},{"damage":10,"enemies":"3 Louse","floor":14,"turns":4},{"damage":0,"enemies":"The Guardian","floor":16,"turns":1}],"seed_played":"1037771542333313963","potions_obtained":[{"floor":5,"key":"Energy Potion"},{"floor":7,"key":"Energy Potion"}],"is_trial":false,"path_per_floor":["M","?","?","$","M","R","M","R","T","$","M","M","M","M","R","B"],"character_chosen":"DEFECT","items_purchased":["Streamline","Coolheaded"],"campfire_rested":1,"item_purchase_floors":[4,10],"current_hp_per_floor":[62,62,62,62,60,60,58,58,72,72,64,58,52,42,65,65],"gold":81,"neow_bonus":"BOSS_RELIC","is_prod":false,"is_daily":false,"chose_seed":false,"campfire_upgraded":2,"win_rate":0,"timestamp":1544755597,"path_taken":["M","?","?","$","?","R","M","R","T","$","M","M","M","M","R","BOSS"],"build_version":"2018-12-12","purchased_purges":0,"victory":false,"max_hp_per_floor":[71,64,64,64,64,64,64,64,78,78,78,78,78,78,78,78],"card_choices":[{"not_picked":["Turbo","Stack"],"picked":"Hologram","floor":1},{"not_picked":["Steam","Redo"],"picked":"Fusion","floor":5},{"not_picked":["Rebound","Doom and Gloom"],"picked":"Buffer","floor":7},{"not_picked":["Recycle","Skim"],"picked":"Rebound","floor":11},{"not_picked":["Stack","Turbo"],"picked":"Leap","floor":12},{"not_picked":["Turbo","Rebound"],"picked":"Coolheaded","floor":13},{"not_picked":["Rebound","Double Energy"],"picked":"FTL","floor":14}],"player_experience":992745,"relics_obtained":[{"floor":9,"key":"Mango"}],"event_choices":[{"damage_healed":0,"gold_gain":0,"player_choice":"Lose Max HP","damage_taken":0,"relics_obtained":["Golden Idol"],"max_hp_gain":0,"max_hp_loss":7,"event_name":"Golden Idol","floor":2,"gold_loss":0},{"damage_healed":0,"gold_gain":0,"player_choice":"Paid Gold","damage_taken":0,"relics_obtained":["Girya"],"max_hp_gain":0,"max_hp_loss":0,"event_name":"WeMeetAgain","floor":3,"gold_loss":50}],"is_beta":true,"boss_relics":[],"items_purged_floors":[],"is_endless":false,"potions_floor_spawned":[5,7,11,14],"killed_by":"The Guardian","ascension_level":20}