{"gold_per_floor":[362,31,48,59,76,110,110,122,177,207,207,241,206,206,206,206],"floor_reached":16,"playtime":524,"items_purged":["Clumsy"],"score":240,"play_id":"e6c31bb1-a979-49ee-9261-89791ec3c33c","local_time":"20190120003902","is_ascension_mode":true,"campfire_choices":[{"data":"True Grit","floor":7,"key":"SMITH"},{"data":"Disarm","floor":11,"key":"SMITH"},{"data":"Limit Break","floor":15,"key":"SMITH"}],"neow_cost":"CURSE","seed_source_timestamp":1825362324328,"circlet_count":0,"master_deck":["AscendersBane","Strike_R","Strike_R","Strike_R","Strike_R","Strike_R","Defend_R","Defend_R","Defend_R","Defend_R","Bash","True Grit+1","Anger","Clash","Second Wind","Feel No Pain","Inflame","Evolve","Disarm+1","Warcry","Rage","Limit Break+1"],"relics":["Burning Blood","Membership Card","Letter Opener","Tiny Chest","Orichalcum","Juzu Bracelet","Unceasing Top"],"potions_floor_usage":[10,10],"damage_taken":[{"damage":7,"enemies":"Jaw Worm","floor":1,"turns":3},{"damage":0,"enemies":"2 Louse","floor":3,"turns":2},{"damage":0,"enemies":"Small Slimes","floor":4,"turns":3},{"damage":8,"enemies":"Blue Slaver","floor":5,"turns":2},{"damage":10,"enemies":"3 Sentries","floor":6,"turns":9},{"damage":4,"enemies":"2 Fungi Beasts","floor":8,"turns":4},{"damage":9,"enemies":"Lagavulin","floor":10,"turns":7},{"damage":85,"enemies":"Gremlin Nob","floor":12,"turns":7},{"damage":38,"enemies":"Slime Boss","floor":16,"turns":8}],"seed_played":"-323982264481145210","potions_obtained":[{"floor":6,"key":"Block Potion"},{"floor":8,"key":"SteroidPotion"},{"floor":10,"key":"FairyPotion"}],"is_trial":false,"path_per_floor":["M","$","M","M","M","E","R","M","T","E","R","E","?","T","R","B"],"character_chosen":"IRONCLAD","items_purchased":["Membership Card","Anger","Clash","Second Wind"],"campfire_rested":0,"item_purchase_floors":[2,2,2,2],"current_hp_per_floor":[67,67,73,75,73,69,69,71,71,68,68,13,31,31,31,0],"gold":206,"neow_bonus":"TWO_FIFTY_GOLD","is_prod":false,"is_daily":false,"chose_seed":false,"campfire_upgraded":3,"win_rate":0,"timestamp":1547973542,"path_taken":["M","$","M","M","M","E","R","M","T","E","R","E","?","?","R","BOSS"],"build_version":"2019-01-17","purchased_purges":1,"victory":false,"max_hp_per_floor":[75,75,75,75,75,75,75,75,75,75,75,75,75,75,75,75],"card_choices":[{"not_picked":["Combust","Clash"],"picked":"True Grit","floor":1},{"not_picked":["Second Wind","Seeing Red"],"picked":"Feel No Pain","floor":3},{"not_picked":["Twin Strike","Pummel"],"picked":"Inflame","floor":4},{"not_picked":["Metallicize","Dropkick"],"picked":"Evolve","floor":5},{"not_picked":["Armaments","Thunderclap"],"picked":"Disarm","floor":6},{"not_picked":["Pommel Strike","Cleave"],"picked":"Warcry","floor":8},{"not_picked":["Heavy Blade","Flex"],"picked":"Rage","floor":10},{"not_picked":["Havoc","Disarm"],"picked":"Limit Break","floor":12}],"player_experience":1034944,"relics_obtained":[{"floor":6,"key":"Letter Opener"},{"floor":9,"key":"Tiny Chest"},{"floor":10,"key":"Orichalcum"},{"floor":12,"key":"Juzu Bracelet"},{"floor":14,"key":"Unceasing Top"}],"event_choices":[{"damage_healed":18,"gold_gain":0,"player_choice":"Healed","damage_taken":0,"max_hp_gain":0,"max_hp_loss":0,"event_name":"The Cleric","floor":13,"gold_loss":35}],"is_beta":true,"boss_relics":[],"items_purged_floors":[2],"is_endless":false,"potions_floor_spawned":[6,8,10],"killed_by":"Slime Boss","ascension_level":20}