{"gold_per_floor":[111,125,41,41,41,41,73,92,175,175,41,73,83,83,83,155,155,174,16,16,31,44,44,44,76,76,76],"floor_reached":27,"playtime":871,"items_purged":[],"score":527,"play_id":"2e4e0fa3-1edc-4cb0-9ced-a223586d40e5","local_time":"20181206170631","is_ascension_mode":true,"campfire_choices":[{"data":"Carnage","floor":6,"key":"SMITH"},{"data":"Demon Form","floor":10,"key":"SMITH"},{"data":"Disarm","floor":15,"key":"SMITH"},{"data":"True Grit","floor":23,"key":"SMITH"}],"neow_cost":"NONE","seed_source_timestamp":38122229835654,"circlet_count":0,"master_deck":["AscendersBane","Strike_R","Strike_R","Strike_R","Strike_R","Strike_R","Defend_R","Defend_R","Defend_R","Defend_R","Bash","Clash","Clash","Carnage+1","Shrug It Off","Headbutt","Disarm+1","Disarm","Rage","Demon Form+1","Clothesline","Metallicize","True Grit+1","Heavy Blade","Heavy Blade","Double Tap","Feel No Pain+1","Disarm+1","Shockwave+1","Whirlwind","Metallicize"],"relics":["Orrery","Pen Nib","Tiny Chest","Orichalcum","Pear","Runic Dome","Oddly Smooth Stone","Mummified Hand","Ancient Tea Set","Blue Candle"],"potions_floor_usage":[7,18,25],"damage_taken":[{"damage":1,"enemies":"Cultist","floor":1,"turns":3},{"damage":5,"enemies":"Small Slimes","floor":2,"turns":3},{"damage":19,"enemies":"Lagavulin","floor":7,"turns":6},{"damage":13,"enemies":"2 Louse","floor":8,"turns":4},{"damage":6,"enemies":"Gremlin Nob","floor":12,"turns":3},{"damage":1,"enemies":"2 Fungi Beasts","floor":13,"turns":3},{"damage":28,"enemies":"The Guardian","floor":16,"turns":8},{"damage":6,"enemies":"2 Thieves","floor":18,"turns":3},{"damage":11,"enemies":"Spheric Guardian","floor":21,"turns":4},{"damage":17,"enemies":"Cultist and Chosen","floor":22,"turns":10},{"damage":31,"enemies":"Book of Stabbing","floor":25,"turns":4}],"seed_played":"-1534368367202273388","potions_obtained":[{"floor":2,"key":"SteroidPotion"},{"floor":7,"key":"SteroidPotion"},{"floor":16,"key":"EssenceOfSteel"},{"floor":18,"key":"FearPotion"}],"is_trial":false,"path_per_floor":["M","M","$","?","?","R","E","M","T","R","$","E","M","?","R","B",null,"M","$","?","M","M","R","T","E","T","?"],"character_chosen":"IRONCLAD","items_purchased":["Rage","Metallicize","True Grit","Oddly Smooth Stone"],"campfire_rested":0,"item_purchase_floors":[3,11,11,19],"current_hp_per_floor":[67,62,62,67,67,67,48,35,35,35,35,29,28,33,33,5,69,63,63,63,52,35,35,35,4,4,0],"gold":76,"neow_bonus":"BOSS_RELIC","is_prod":false,"is_daily":false,"chose_seed":false,"campfire_upgraded":4,"win_rate":0,"timestamp":1544144791,"path_taken":["M","M","$","?","?","R","E","M","T","R","$","E","M","?","R","BOSS","M","$","?","?","M","R","?","E","T","?"],"build_version":"2018-12-06","purchased_purges":0,"victory":false,"max_hp_per_floor":[75,75,75,80,80,80,80,80,80,80,80,80,80,90,90,90,90,90,90,90,90,90,90,90,90,90,95],"card_choices":[{"not_picked":["Headbutt","Heavy Blade"],"picked":"Clash","floor":0},{"not_picked":["Blood for Blood","Sword Boomerang"],"picked":"Clash","floor":0},{"not_picked":["Havoc","Cleave"],"picked":"Carnage","floor":0},{"not_picked":["Headbutt","Pommel Strike"],"picked":"Shrug It Off","floor":0},{"not_picked":["Sentinel","Evolve"],"picked":"Headbutt","floor":0},{"not_picked":["Cleave","Perfected Strike"],"picked":"Disarm","floor":1},{"not_picked":["Rampage","Sentinel"],"picked":"Disarm","floor":2},{"not_picked":["Heavy Blade","Bloodletting"],"picked":"Demon Form","floor":7},{"not_picked":["Wild Strike","Perfected Strike"],"picked":"Clothesline","floor":8},{"not_picked":["Carnage","Iron Wave"],"picked":"Heavy Blade","floor":12},{"not_picked":["Clothesline","Dropkick"],"picked":"Heavy Blade","floor":13},{"not_picked":["Exhume","Brutality"],"picked":"Double Tap","floor":16},{"not_picked":["Iron Wave","Pommel Strike"],"picked":"Feel No Pain+1","floor":18},{"not_picked":["Havoc","Evolve"],"picked":"Shockwave+1","floor":21},{"not_picked":["Reckless Charge","Perfected Strike"],"picked":"Whirlwind","floor":22},{"not_picked":["Pommel Strike","Power Through"],"picked":"Metallicize","floor":25}],"player_experience":970094,"relics_obtained":[{"floor":7,"key":"Pen Nib"},{"floor":9,"key":"Tiny Chest"},{"floor":12,"key":"Orichalcum"},{"floor":24,"key":"Mummified Hand"},{"floor":25,"key":"Ancient Tea Set"},{"floor":26,"key":"Blue Candle"}],"event_choices":[{"damage_healed":0,"gold_gain":0,"player_choice":"Donut","damage_taken":0,"max_hp_gain":5,"max_hp_loss":0,"event_name":"Big Fish","floor":4,"gold_loss":0},{"damage_healed":0,"gold_gain":0,"player_choice":"Ignored","damage_taken":0,"max_hp_gain":0,"max_hp_loss":0,"event_name":"Liars Game","floor":5,"gold_loss":0},{"damage_healed":0,"gold_gain":0,"player_choice":"Success","damage_taken":5,"relics_obtained":["Pear"],"max_hp_gain":0,"max_hp_loss":0,"event_name":"Scrap Ooze","floor":14,"gold_loss":0},{"damage_healed":0,"gold_gain":0,"player_choice":"Copied","damage_taken":0,"max_hp_gain":0,"max_hp_loss":0,"event_name":"Duplicator","floor":20,"gold_loss":0,"cards_obtained":["Disarm"]}],"is_beta":true,"boss_relics":[{"not_picked":["Pandora\u0027s Box","Lizard Tail"],"picked":"Runic Dome"}],"items_purged_floors":[],"is_endless":false,"potions_floor_spawned":[2,7,16,18,21,22],"ascension_level":18}