{"gold_per_floor":[109,128,144,155,80,80,5,30,30,30,44,63,13,13,13,13],"floor_reached":16,"playtime":286,"items_purged":["Defend_R","Strike_R"],"score":204,"play_id":"ab10adb9-2cdf-499d-aaa4-8096580b89ec","local_time":"20190213182317","is_ascension_mode":true,"campfire_choices":[{"data":"Bash","floor":6.0,"key":"SMITH"},{"data":"Clash","floor":15,"key":"SMITH"}],"neow_cost":"NONE","seed_source_timestamp":2267333345008,"circlet_count":0,"master_deck":["AscendersBane","Strike_R","Strike_R","Strike_R","Strike_R","Defend_R","Defend_R","Bash+1","Clash+1","Battle Trance","Clash"],"special_seed":0,"relics":["Philosopher\u0027s Stone","Smiling Mask","Dodecahedron"],"potions_floor_usage":[11,12],"damage_taken":[{"damage":2.0,"enemies":"Cultist","floor":1.0,"turns":3.0},{"damage":10.0,"enemies":"2 Louse","floor":2.0,"turns":3.0},{"damage":6.0,"enemies":"Jaw Worm","floor":3.0,"turns":3.0},{"damage":13.0,"enemies":"Gremlin Gang","floor":4.0,"turns":5.0},{"damage":32.0,"enemies":"Lagavulin","floor":8.0,"turns":4.0},{"damage":4,"enemies":"Blue Slaver","floor":11,"turns":2},{"damage":0,"enemies":"Looter","floor":12,"turns":2},{"damage":0,"enemies":"Slime Boss","floor":16,"turns":3}],"seed_played":"4757458398302334629","potions_obtained":[{"floor":3.0,"key":"LiquidBronze"},{"floor":8.0,"key":"Swift Potion"},{"floor":11,"key":"SkillPotion"}],"is_trial":false,"path_per_floor":["M","M","M","M","$","R","?","E","T","?","M","M","$","?","R","B"],"character_chosen":"IRONCLAD","items_purchased":[],"campfire_rested":0,"item_purchase_floors":[],"current_hp_per_floor":[66,56,50,37,37,37,37,5,5,5,1,1,1,1,1,1],"gold":13,"neow_bonus":"BOSS_RELIC","is_prod":false,"is_daily":false,"chose_seed":false,"campfire_upgraded":2,"win_rate":0,"timestamp":1550110997,"path_taken":["M","?","M","M","$","R","?","E","T","?","M","?","$","?","R","BOSS"],"build_version":"2019-02-06","purchased_purges":2,"victory":false,"max_hp_per_floor":[75,75,75,75,75,75,75,75,75,75,75,75,75,75,75,75],"card_choices":[{"not_picked":["Cleave","Offering"],"picked":"Clash","floor":3.0},{"not_picked":["Headbutt","Twin Strike"],"picked":"Battle Trance","floor":4.0},{"not_picked":["Body Slam","Hemokinesis","Warcry"],"picked":"SKIP","floor":11},{"not_picked":["Cleave","Armaments"],"picked":"Clash","floor":12}],"player_experience":1160664,"relics_obtained":[{"floor":8.0,"key":"Smiling Mask"},{"floor":9.0,"key":"Dodecahedron"}],"event_choices":[{"cards_removed":["Defend_R"],"damage_healed":0.0,"max_hp_gain":0.0,"max_hp_loss":0.0,"gold_gain":0.0,"event_name":"The Cleric","player_choice":"Card Removal","floor":7.0,"gold_loss":75.0,"damage_taken":0.0},{"damage_healed":0.0,"max_hp_gain":0.0,"max_hp_loss":0.0,"gold_gain":0.0,"event_name":"Match and Keep!","player_choice":"0 cards matched","floor":10.0,"gold_loss":0.0,"damage_taken":0.0,"cards_obtained":[]},{"damage_healed":0,"gold_gain":0,"player_choice":"Fled","damage_taken":0,"max_hp_gain":0,"max_hp_loss":0,"event_name":"Scrap Ooze","floor":14,"gold_loss":0}],"is_beta":true,"boss_relics":[],"items_purged_floors":[5,13],"is_endless":false,"potions_floor_spawned":[3,8,11],"killed_by":"Slime Boss","ascension_level":20}