{"gold_per_floor":[116,134,134,150,162,162,192,192,192,192,221,239,267,278,278,378,378,397,415,415,432,432,432,461,461,488,152,185,204,204,204,204,304,304,317,317,417,434,76,92,120,120,120,20,36,36,61,61,61,61],"floor_reached":51,"playtime":2735,"items_purged":["Regret","Decay","Parasite"],"score":1060,"play_id":"9dd967f1-6787-4327-9285-8d008a172d6c","local_time":"20190804163829","is_ascension_mode":true,"campfire_choices":[{"data":"Poisoned Stab","floor":6,"key":"SMITH"},{"data":"Neutralize","floor":8,"key":"SMITH"},{"data":"Backstab","floor":10,"key":"SMITH"},{"floor":15,"key":"REST"},{"floor":23,"key":"REST"},{"floor":25,"key":"REST"},{"floor":32,"key":"REST"},{"data":"Tactician","floor":42,"key":"SMITH"},{"data":"Bullet Time","floor":49,"key":"SMITH"}],"neow_cost":"NONE","seed_source_timestamp":96681106146784,"circlet_count":0,"master_deck":["Strike_G","Strike_G","Strike_G","Strike_G","Strike_G","Defend_G","Defend_G","Defend_G","Defend_G","Defend_G","Survivor","Neutralize+1","Backflip","Backstab+1","Noxious Fumes","Poisoned Stab+1","Poisoned Stab","Backstab+1","Venomology","Well Laid Plans","Tactician+1","Die Die Die+1","Backflip","Blade Dance","Acrobatics","Necronomicurse","Apotheosis","Caltrops","Acrobatics","Dash+1","Footwork","Bullet Time+1","Dagger Spray+1","Terror+1","Catalyst","Blur+1"],"relics":["Ring of the Snake","Happy Flower","Pen Nib","Molten Egg 2","Turnip","Darkstone Periapt","Calling Bell","Potion Belt","Kunai","Incense Burner","Necronomicon","Letter Opener","Dream Catcher","PreservedInsect","Bird Faced Urn","Busted Crown","Pocketwatch","Ornamental Fan","Mercury Hourglass","The Courier","Singing Bowl","Toxic Egg 2"],"potions_floor_usage":[7,11,13,14,16,21,24,24,28,28,33,33,33,37,40,50,50,50,50],"damage_taken":[{"damage":0,"enemies":"Cultist","floor":1,"turns":4},{"damage":0,"enemies":"2 Louse","floor":2,"turns":3},{"damage":0,"enemies":"Jaw Worm","floor":4,"turns":4},{"damage":0,"enemies":"2 Fungi Beasts","floor":5,"turns":3},{"damage":18,"enemies":"Gremlin Nob","floor":7,"turns":4},{"damage":22,"enemies":"Lagavulin","floor":11,"turns":6},{"damage":0,"enemies":"Blue Slaver","floor":12,"turns":2},{"damage":8,"enemies":"Gremlin Nob","floor":13,"turns":3},{"damage":0,"enemies":"Exordium Wildlife","floor":14,"turns":4},{"damage":8,"enemies":"Hexaghost","floor":16,"turns":9},{"damage":12,"enemies":"Shell Parasite","floor":18,"turns":5},{"damage":3,"enemies":"2 Thieves","floor":19,"turns":4},{"damage":19,"enemies":"Shelled Parasite and Fungi","floor":21,"turns":7},{"damage":43,"enemies":"Gremlin Leader","floor":24,"turns":10},{"damage":30,"enemies":"Book of Stabbing","floor":28,"turns":7},{"damage":0,"enemies":"3 Cultists","floor":29,"turns":4},{"damage":8,"enemies":"Automaton","floor":33,"turns":9},{"damage":15,"enemies":"3 Darklings","floor":35,"turns":4},{"damage":0,"enemies":"Mind Bloom Boss Battle","floor":37,"turns":6},{"damage":11,"enemies":"Orb Walker","floor":38,"turns":2},{"damage":0,"enemies":"Jaw Worm Horde","floor":40,"turns":4},{"damage":3,"enemies":"Giant Head","floor":41,"turns":6},{"damage":4,"enemies":"3 Darklings","floor":45,"turns":3},{"damage":0,"enemies":"Reptomancer","floor":47,"turns":2},{"damage":0,"enemies":"Donu and Deca","floor":50,"turns":7}],"seed_played":"4793940865904286528","potions_obtained":[{"floor":2,"key":"Regen Potion"},{"floor":3,"key":"Swift Potion"},{"floor":3,"key":"AttackPotion"},{"floor":7,"key":"AttackPotion"},{"floor":13,"key":"SpeedPotion"},{"floor":16,"key":"PowerPotion"},{"floor":18,"key":"EssenceOfSteel"},{"floor":28,"key":"Energy Potion"},{"floor":35,"key":"LiquidBronze"},{"floor":40,"key":"SkillPotion"}],"is_trial":false,"path_per_floor":["M","M","?","M","M","R","E","R","T","R","E","M","E","M","R","B",null,"M","M","?","M","?","R","E","R","T","$","E","M","T","?","R","B",null,"M","?","?","M","$","M","E","R","T","$","M","?","E","T","R","B",null],"character_chosen":"THE_SILENT","items_purchased":["Apotheosis","Caltrops","Acrobatics","Ornamental Fan"],"campfire_rested":4,"item_purchase_floors":[27,27,27,39],"current_hp_per_floor":[70,70,70,70,70,70,52,52,52,52,30,30,22,34,55,47,82,70,67,67,48,38,66,23,51,51,51,21,21,21,27,57,57,89,74,74,80,71,71,73,76,76,76,76,76,76,76,76,76,82],"gold":61,"neow_bonus":"RANDOM_COMMON_RELIC","is_prod":false,"is_daily":false,"chose_seed":false,"campfire_upgraded":5,"win_rate":0,"timestamp":1564904309,"path_taken":["M","M","?","M","M","R","E","R","T","R","E","M","E","?","R","BOSS","M","M","?","M","?","R","E","R","T","$","E","M","?","?","R","BOSS","M","?","?","M","$","M","E","R","T","$","M","?","E","?","R","BOSS"],"build_version":"2019-07-17","purchased_purges":3,"victory":true,"max_hp_per_floor":[70,70,70,70,70,70,70,70,70,70,70,70,70,70,70,70,88,88,88,88,88,94,94,94,94,94,94,94,94,94,100,100,100,100,100,100,100,100,100,100,100,100,100,97,97,97,97,97,97,97],"card_choices":[{"not_picked":["Acrobatics","Sucker Punch"],"picked":"Backflip","floor":1},{"not_picked":["Sucker Punch","Underhanded Strike"],"picked":"Backstab","floor":2},{"not_picked":["Reflex","Slice"],"picked":"Noxious Fumes","floor":4},{"not_picked":["Dodge and Roll","Deadly Poison"],"picked":"Poisoned Stab","floor":5},{"not_picked":["Escape Plan","Backflip"],"picked":"Poisoned Stab","floor":7},{"not_picked":["Blade Dance","Prepared"],"picked":"Backstab+1","floor":11},{"not_picked":["Slice+1","Masterful Stab+1"],"picked":"Venomology","floor":12},{"not_picked":["Dagger Throw+1","Bane+1"],"picked":"Well Laid Plans","floor":13},{"not_picked":["Quick Slash+1","Footwork"],"picked":"Tactician","floor":14},{"not_picked":["A Thousand Cuts","Bullet Time"],"picked":"Die Die Die+1","floor":16},{"not_picked":["Eviscerate+1","Riddle With Holes+1"],"picked":"Backflip","floor":18},{"not_picked":["Quick Slash+1","Slice+1"],"picked":"Blade Dance","floor":19},{"not_picked":["Dodge and Roll","Distraction"],"picked":"Acrobatics","floor":21},{"not_picked":["Wraith Form v2","Outmaneuver","Concentrate"],"picked":"SKIP","floor":24},{"not_picked":["Reflex","Blade Dance"],"picked":"Dash+1","floor":28},{"not_picked":["Bane+1","Sucker Punch+1","Grand Finale+1"],"picked":"SKIP","floor":29},{"not_picked":["Deadly Poison","Escape Plan"],"picked":"Footwork","floor":32},{"not_picked":["Die Die Die+1","Doppelganger"],"picked":"Bullet Time","floor":33},{"not_picked":[],"picked":"Dagger Spray+1","floor":35},{"not_picked":[],"picked":"Terror+1","floor":38},{"not_picked":[],"picked":"Catalyst","floor":40},{"not_picked":["Terror"],"picked":"SKIP","floor":41},{"not_picked":["Setup"],"picked":"SKIP","floor":45},{"not_picked":[],"picked":"Blur+1","floor":47}],"player_experience":114468,"relics_obtained":[{"floor":7,"key":"Pen Nib"},{"floor":9,"key":"Molten Egg 2"},{"floor":11,"key":"Turnip"},{"floor":13,"key":"Darkstone Periapt"},{"floor":17,"key":"Potion Belt"},{"floor":17,"key":"Kunai"},{"floor":17,"key":"Incense Burner"},{"floor":22,"key":"Necronomicon"},{"floor":24,"key":"Letter Opener"},{"floor":26,"key":"Dream Catcher"},{"floor":28,"key":"PreservedInsect"},{"floor":30,"key":"Bird Faced Urn"},{"floor":37,"key":"Pocketwatch"},{"floor":41,"key":"Mercury Hourglass"},{"floor":43,"key":"The Courier"},{"floor":47,"key":"Singing Bowl"},{"floor":48,"key":"Toxic Egg 2"}],"event_choices":[{"damage_healed":0,"gold_gain":0,"player_choice":"Got Potions","damage_taken":0,"max_hp_gain":0,"max_hp_loss":0,"event_name":"Lab","floor":3,"gold_loss":0},{"cards_removed":["Normality"],"damage_healed":0,"gold_gain":0,"player_choice":"Elegance","damage_taken":0,"max_hp_gain":0,"max_hp_loss":0,"event_name":"Back to Basics","floor":20,"gold_loss":0},{"damage_healed":0,"gold_gain":0,"player_choice":"Obtained Book","damage_taken":16,"max_hp_gain":0,"max_hp_loss":0,"event_name":"Cursed Tome","floor":22,"gold_loss":0},{"damage_healed":0,"gold_gain":0,"player_choice":"Smashed Altar","damage_taken":0,"max_hp_gain":0,"max_hp_loss":0,"event_name":"Forgotten Altar","floor":31,"gold_loss":0,"cards_obtained":["Decay"]},{"damage_healed":0,"gold_gain":0,"player_choice":"Ignored","damage_taken":0,"max_hp_gain":0,"max_hp_loss":0,"event_name":"Tomb of Lord Red Mask","floor":36,"gold_loss":0},{"damage_healed":0,"gold_gain":0,"player_choice":"Fight","damage_taken":0,"max_hp_gain":0,"max_hp_loss":0,"event_name":"MindBloom","floor":37,"gold_loss":0},{"damage_healed":0,"gold_gain":0,"player_choice":"Ignored","damage_taken":0,"max_hp_gain":0,"max_hp_loss":0,"event_name":"Mysterious Sphere","floor":46,"gold_loss":0}],"is_beta":false,"boss_relics":[{"not_picked":["Empty Cage","Eternal Feather"],"picked":"Calling Bell"},{"not_picked":["HoveringKite","Fusion Hammer"],"picked":"Busted Crown"}],"items_purged_floors":[27,39,44],"is_endless":false,"potions_floor_spawned":[2,7,13,14,16,18,19,28,35,37,38,40,47],"ascension_level":5}