{"gold_per_floor":[115,135,145,155,155,187,187,216,243,243,260,271,31,106,106,106],"floor_reached":16,"playtime":843,"items_purged":[],"score":218,"play_id":"7ef89d06-df25-4d12-a3f3-c3be5e096db3","local_time":"20190825125750","is_ascension_mode":true,"campfire_choices":[{"floor":7,"key":"REST"},{"floor":10,"key":"REST"},{"floor":15,"key":"REST"}],"neow_cost":"NONE","seed_source_timestamp":433824703836200,"circlet_count":0,"master_deck":["AscendersBane","Strike_B","Strike_B","Strike_B","Strike_B","Defend_B","Defend_B","Defend_B","Defend_B","Zap","Dualcast","FTL","Stack","Coolheaded","Undo","Coolheaded","Chill","Leap","Compile Driver","Cold Snap"],"relics":["Cracked Core","Mummified Hand","Bag of Preparation","Blood Vial","OrangePellets"],"potions_floor_usage":[6,8,16],"damage_taken":[{"damage":3,"enemies":"2 Louse","floor":1,"turns":2},{"damage":1,"enemies":"Small Slimes","floor":2,"turns":3},{"damage":4,"enemies":"Jaw Worm","floor":3,"turns":5},{"damage":9,"enemies":"Blue Slaver","floor":4,"turns":5},{"damage":20,"enemies":"Lagavulin","floor":6,"turns":10},{"damage":53,"enemies":"Gremlin Nob","floor":8,"turns":6},{"damage":0,"enemies":"3 Louse","floor":11,"turns":3},{"damage":1,"enemies":"2 Fungi Beasts","floor":12,"turns":4},{"damage":69,"enemies":"The Guardian","floor":16,"turns":21}],"seed_played":"-2386270606117891285","potions_obtained":[{"floor":1,"key":"EssenceOfSteel"},{"floor":2,"key":"LiquidBronze"},{"floor":8,"key":"EssenceOfSteel"},{"floor":11,"key":"Energy Potion"}],"is_trial":false,"path_per_floor":["M","M","M","M","?","E","R","E","T","R","M","M","$","?","R","B"],"character_chosen":"DEFECT","items_purchased":["OrangePellets","Cold Snap"],"campfire_rested":3,"item_purchase_floors":[13,13],"current_hp_per_floor":[68,67,63,54,59,39,63,10,10,34,36,37,37,26,50,0],"gold":106,"neow_bonus":"TEN_PERCENT_HP_BONUS","is_prod":false,"is_daily":false,"chose_seed":false,"campfire_upgraded":0,"win_rate":0,"timestamp":1566705470,"path_taken":["M","M","M","M","?","E","R","E","T","R","M","M","$","?","R","BOSS"],"build_version":"2019-07-17","purchased_purges":0,"victory":false,"max_hp_per_floor":[78,78,78,78,83,83,83,83,83,83,83,83,83,83,83,83],"card_choices":[{"not_picked":["Tempest","Streamline"],"picked":"FTL","floor":1},{"not_picked":["Auto Shields","Rebound"],"picked":"Stack","floor":2},{"not_picked":["Reinforced Body","Conserve Battery"],"picked":"Coolheaded","floor":3},{"not_picked":["Storm","Aggregate"],"picked":"Undo","floor":4},{"not_picked":["All For One","Redo"],"picked":"Coolheaded","floor":6},{"not_picked":["Scrape","Ball Lightning"],"picked":"Chill","floor":8},{"not_picked":["Auto Shields","Redo"],"picked":"Leap","floor":11},{"not_picked":["Gash","Hologram"],"picked":"Compile Driver","floor":12}],"player_experience":235600,"relics_obtained":[{"floor":6,"key":"Mummified Hand"},{"floor":8,"key":"Bag of Preparation"},{"floor":9,"key":"Blood Vial"}],"event_choices":[{"damage_healed":0,"gold_gain":0,"player_choice":"Donut","damage_taken":0,"max_hp_gain":5,"max_hp_loss":0,"event_name":"Big Fish","floor":5,"gold_loss":0},{"damage_healed":0,"gold_gain":75,"player_choice":"Gather Gold","damage_taken":11,"max_hp_gain":0,"max_hp_loss":0,"event_name":"World of Goop","floor":14,"gold_loss":0}],"is_beta":false,"boss_relics":[],"items_purged_floors":[],"is_endless":false,"potions_floor_spawned":[1,2,8,11],"killed_by":"The Guardian","ascension_level":19}