{"gold_per_floor":[112,112,131,62,62,96,96,131,131,142,153,168,168,181,181,278,278,278,278,233,233,233,233,233,233,233,233,233,233,37,37,37,37],"floor_reached":33,"playtime":3010,"items_purged":[],"score":304,"play_id":"461b1dec-fcfb-4e83-8403-233dff480e6d","local_time":"20180623144415","is_ascension_mode":false,"campfire_choices":[{"floor":7,"key":"REST"},{"data":"Shockwave","floor":13,"key":"SMITH"},{"data":"Exhume","floor":15,"key":"SMITH"},{"floor":24,"key":"REST"},{"data":"Whirlwind","floor":27,"key":"SMITH"},{"floor":32,"key":"REST"}],"neow_cost":"NONE","seed_source_timestamp":838245077421346,"circlet_count":0,"master_deck":["Defend_R","Defend_R","Defend_R","Defend_R","Bash","Warcry","Bash","Dramatic Entrance+1","Pummel+1","Dropkick","Sword Boomerang","Exhume+1","Disarm","Iron Wave","Shockwave+1","Exhume","Juggernaut","Shrug It Off","Shrug It Off","Infernal Blade+1","Whirlwind+1","Flex+1","Pummel","Bite","Bite","Bite","Bite","Bite","Body Slam+1","Feed","Apotheosis","Anger"],"relics":["Burning Blood","Letter Opener","Matryoshka","Toolbox","Whetstone","Ectoplasm","Red Mask","Ice Cream","Darkstone Periapt","Dream Catcher"],"potions_floor_usage":[6,11,14,16,16,18,19,21],"damage_taken":[{"damage":12,"enemies":"Small Slimes","floor":1,"turns":3},{"damage":1,"enemies":"Cultist","floor":3,"turns":3},{"damage":26,"enemies":"Lagavulin","floor":6,"turns":5},{"damage":30,"enemies":"3 Sentries","floor":8,"turns":6},{"damage":0,"enemies":"2 Louse","floor":10,"turns":1},{"damage":10,"enemies":"Exordium Thugs","floor":11,"turns":3},{"damage":0,"enemies":"Exordium Wildlife","floor":12,"turns":2},{"damage":2,"enemies":"Blue Slaver","floor":14,"turns":2},{"damage":58,"enemies":"Slime Boss","floor":16,"turns":13},{"damage":17,"enemies":"Spheric Guardian","floor":18,"turns":4},{"damage":16,"floor":19,"turns":5},{"damage":1,"enemies":"2 Thieves","floor":20,"turns":3},{"damage":18,"enemies":"Centurion and Healer","floor":21,"turns":6},{"damage":18,"enemies":"3 Cultists","floor":22,"turns":4},{"damage":22,"enemies":"Book of Stabbing","floor":23,"turns":4},{"damage":16,"enemies":"Sentry and Sphere","floor":28,"turns":4},{"damage":0,"enemies":"Chosen and Byrds","floor":29,"turns":3},{"damage":110,"enemies":"Champ","floor":33,"turns":13}],"seed_played":"-5264665256298198669","potions_obtained":[{"floor":1,"key":"Strength Potion"},{"floor":6,"key":"FearPotion"},{"floor":10,"key":"LiquidBronze"},{"floor":11,"key":"Swift Potion"},{"floor":12,"key":"Fire Potion"},{"floor":16,"key":"AttackPotion"},{"floor":18,"key":"Block Potion"},{"floor":19,"key":"Weak Potion"}],"is_trial":false,"path_per_floor":["M","?","M","$","?","E","R","E","T","M","M","M","R","M","R","B",null,"M","?","M","M","M","E","R","?","T","R","M","M","$","?","R"],"character_chosen":"IRONCLAD","items_purchased":["Dropkick","Apotheosis"],"campfire_rested":3,"item_purchase_floors":[4,30],"current_hp_per_floor":[74,74,79,79,67,47,71,47,47,55,53,65,65,71,71,21,80,69,61,68,58,48,34,58,58,58,58,50,60,60,60,80,0],"gold":37,"neow_bonus":"REMOVE_CARD","is_prod":false,"is_daily":false,"chose_seed":false,"campfire_upgraded":3,"win_rate":0,"timestamp":1529779455,"path_taken":["M","?","M","$","?","E","R","E","T","M","M","M","R","M","R","BOSS","M","?","M","M","M","E","R","?","T","R","M","M","$","?","R","BOSS"],"build_version":"2018-06-21v2","purchased_purges":0,"victory":false,"max_hp_per_floor":[80,80,80,80,80,80,80,80,80,80,80,80,80,80,80,80,80,80,80,80,80,80,80,80,80,80,80,80,80,80,80,80,80],"card_choices":[{"not_picked":["Headbutt","Thunderclap"],"picked":"Warcry","floor":1},{"not_picked":["Searing Blow","Body Slam"],"picked":"Pummel","floor":3},{"not_picked":["Perfected Strike","Flex"],"picked":"Sword Boomerang","floor":6},{"not_picked":["Corruption","Havoc"],"picked":"Exhume","floor":8},{"not_picked":["Shrug It Off","Heavy Blade"],"picked":"Disarm","floor":10},{"not_picked":["Body Slam","Headbutt"],"picked":"Iron Wave","floor":11},{"not_picked":["Iron Wave","Power Through"],"picked":"Shockwave","floor":12},{"not_picked":["Pommel Strike","Rupture"],"picked":"Exhume","floor":14},{"not_picked":["Exhume","Feed"],"picked":"Juggernaut","floor":16},{"not_picked":["Shockwave+1","Perfected Strike"],"picked":"Shrug It Off","floor":18},{"not_picked":["Twin Strike+1","Searing Blow"],"picked":"Shrug It Off","floor":19},{"not_picked":["Pommel Strike","Twin Strike"],"picked":"Infernal Blade+1","floor":20},{"not_picked":["Shrug It Off","Headbutt"],"picked":"Whirlwind","floor":21},{"not_picked":["Blood for Blood","Cleave"],"picked":"Flex+1","floor":22},{"not_picked":["True Grit","Warcry"],"picked":"Pummel","floor":23},{"not_picked":["Twin Strike","Cleave"],"picked":"Body Slam+1","floor":28},{"not_picked":["Rupture","Armaments"],"picked":"Feed","floor":29},{"not_picked":["Combust","Warcry"],"picked":"Anger","floor":32}],"player_experience":137736,"relics_obtained":[{"floor":6,"key":"Matryoshka"},{"floor":8,"key":"Blood Vial"},{"floor":9,"key":"Toolbox"},{"floor":9,"key":"Whetstone"},{"floor":19,"key":"Red Mask"},{"floor":23,"key":"Ice Cream"},{"floor":26,"key":"Darkstone Periapt"},{"floor":26,"key":"Dream Catcher"}],"event_choices":[{"event_name":"Match and Keep!","player_choice":"2 cards matched","floor":2,"damage_taken":0},{"event_name":"Scrap Ooze","player_choice":"success","floor":5,"damage_taken":12},{"event_name":"Masked Bandits","player_choice":"Fought over 278 gold","floor":19,"damage_taken":0},{"event_name":"Vampires","player_choice":"Became a vampire (Vial)","floor":25,"damage_taken":0},{"event_name":"Beggar","player_choice":"Ignored","floor":31,"damage_taken":0}],"boss_relics":[{"not_picked":["Fusion Hammer","Eternal Feather"],"picked":"Ectoplasm"}],"items_purged_floors":[],"is_endless":false,"potions_floor_spawned":[1,6,10,11,12,16,18,19],"killed_by":"Champ","ascension_level":0}