{"gold_per_floor":[142,153,168,168,187,187,203,229,229,229,229,79,94,105,105,200,200,216,216,216,216,216,216,241,257,257,269,286,286,300,335,335,440,440,451,470,497,511,530,530,490,505,505,26,38,58,69,84,84,84],"floor_reached":50,"playtime":3636,"items_purged":[],"score":542,"play_id":"018689ee-4b08-4877-aba4-ed75b6fe8e8e","local_time":"20180623191016","is_ascension_mode":false,"campfire_choices":[{"data":"Chill","floor":6,"key":"SMITH"},{"data":"Hyperbeam","floor":10,"key":"SMITH"},{"floor":15,"key":"REST"},{"floor":23,"key":"REST"},{"floor":29,"key":"REST"},{"floor":32,"key":"REST"},{"floor":49,"key":"REST"}],"neow_cost":"NONE","seed_source_timestamp":853635038244175,"circlet_count":0,"master_deck":["Strike_B+1","Strike_B","Strike_B","Strike_B+1","Defend_B","Defend_B","Defend_B","Defend_B","Zap+1","Dualcast","Auto Shields","Ball Lightning","Leap","Chill+1","Multi-Cast","Hyperbeam+1","Ball Lightning","Reinforced Body","Seek","Go for the Eyes","Darkness","Fusion+1","Self Repair","Hologram","Buffer","Ball Lightning+1","Meteor Strike","Capacitor","Defragment","Barrage+1","Barrage","Rebound+1","Defragment+1"],"relics":["Cracked Core","Tiny Chest","Vajra","Centennial Puzzle","Orichalcum","Fusion Hammer","Cables","Art of War","Torii","Omamori","Blue Candle","Nuclear Battery","Whetstone","Lantern","Letter Opener","Pear"],"potions_floor_usage":[3,8,14,16,16,16,16,24,25,27,33,39,48,48,48,48,48,50,50],"damage_taken":[{"damage":6,"enemies":"Cultist","floor":1,"turns":3},{"damage":9,"enemies":"2 Louse","floor":2,"turns":2},{"damage":1,"enemies":"Jaw Worm","floor":3,"turns":2},{"damage":1,"enemies":"Looter","floor":5,"turns":3},{"damage":0,"enemies":"Large Slime","floor":7,"turns":5},{"damage":4,"enemies":"Lagavulin","floor":8,"turns":6},{"damage":0,"enemies":"Gremlin Gang","floor":13,"turns":1},{"damage":1,"enemies":"Exordium Wildlife","floor":14,"turns":2},{"damage":31,"enemies":"Hexaghost","floor":16,"turns":10},{"damage":8,"enemies":"Shell Parasite","floor":18,"turns":6},{"damage":18,"enemies":"Slavers","floor":24,"turns":5},{"damage":0,"enemies":"Spheric Guardian","floor":25,"turns":3},{"damage":8,"enemies":"Snake Plant","floor":27,"turns":4},{"damage":9,"enemies":"Slaver and Parasite","floor":28,"turns":5},{"damage":1,"enemies":"3 Cultists","floor":30,"turns":4},{"damage":11,"enemies":"Book of Stabbing","floor":31,"turns":6},{"damage":37,"enemies":"Collector","floor":33,"turns":10},{"damage":10,"enemies":"Orb Walker","floor":35,"turns":3},{"damage":13,"enemies":"3 Shapes","floor":36,"turns":3},{"damage":0,"enemies":"Sphere and 2 Shapes","floor":38,"turns":2},{"damage":34,"enemies":"3 Darklings","floor":39,"turns":5},{"damage":30,"enemies":"Maw","floor":42,"turns":9},{"damage":10,"enemies":"4 Shapes","floor":45,"turns":2},{"damage":10,"enemies":"Sphere and 2 Shapes","floor":46,"turns":4},{"damage":14,"enemies":"3 Darklings","floor":47,"turns":3},{"damage":0,"enemies":"Maw","floor":48,"turns":7},{"damage":56,"enemies":"Donu and Deca","floor":50,"turns":5}],"seed_played":"4213380809785715617","potions_obtained":[{"floor":1,"key":"Block Potion"},{"floor":2,"key":"AttackPotion"},{"floor":7,"key":"Weak Potion"},{"floor":11,"key":"Strength Potion"},{"floor":11,"key":"EntropicBrew"},{"floor":13,"key":"Fire Potion"},{"floor":24,"key":"Regen Potion"},{"floor":25,"key":"AttackPotion"},{"floor":28,"key":"Dexterity Potion"},{"floor":35,"key":"GamblersBrew"},{"floor":36,"key":"Dexterity Potion"},{"floor":41,"key":"LiquidBronze"},{"floor":41,"key":"Strength Potion"},{"floor":41,"key":"EntropicBrew"},{"floor":48,"key":"Dexterity Potion"}],"is_trial":false,"path_per_floor":["M","M","M","?","M","R","M","E","T","R","?","$","M","M","R","B",null,"M","?","T","?","T","R","E","M","T","M","M","R","M","E","R","B",null,"M","M","T","M","M","?","?","M","T","$","M","M","M","M","R"],"character_chosen":"DEFECT","items_purchased":["Orichalcum","Letter Opener","Pear"],"campfire_rested":5,"item_purchase_floors":[12,44,44],"current_hp_per_floor":[69,60,59,59,58,58,58,54,54,54,54,54,54,53,75,44,75,67,53,53,53,53,77,59,68,68,60,58,80,80,76,80,50,80,77,64,64,64,37,57,57,34,34,44,34,24,10,17,44,0],"gold":84,"neow_bonus":"RANDOM_COMMON_RELIC","is_prod":false,"is_daily":false,"chose_seed":false,"campfire_upgraded":2,"win_rate":0,"timestamp":1529795416,"path_taken":["M","M","?","?","M","R","M","E","T","R","?","$","?","M","R","BOSS","M","?","?","?","?","R","E","M","T","?","M","R","M","E","R","BOSS","M","?","?","M","M","?","?","?","T","$","?","M","M","M","R","BOSS"],"build_version":"2018-06-21v2","purchased_purges":0,"victory":false,"max_hp_per_floor":[75,75,75,75,75,75,75,75,75,75,75,75,75,75,75,75,75,75,80,80,80,80,80,80,80,80,80,80,80,80,80,80,80,80,80,80,80,80,80,80,80,80,80,90,90,90,90,90,90,90],"card_choices":[{"not_picked":["BootSequence","Steam Power"],"picked":"Auto Shields","floor":1},{"not_picked":["Heatsinks","Sweeping Beam"],"picked":"Ball Lightning","floor":2},{"not_picked":["Go for the Eyes","Steam"],"picked":"Leap","floor":3},{"not_picked":["Conserve Battery","Reprogram"],"picked":"Chill","floor":5},{"not_picked":["Stack","Conserve Battery"],"picked":"Multi-Cast","floor":7},{"not_picked":["Beam Cell","Chaos"],"picked":"Hyperbeam","floor":8},{"not_picked":["Rebound","Genetic Algorithm"],"picked":"Ball Lightning","floor":13},{"not_picked":["Rip and Tear","Undo"],"picked":"Reinforced Body","floor":14},{"not_picked":["Rainbow","Fission"],"picked":"Seek","floor":16},{"not_picked":["Beam Cell","Conserve Battery"],"picked":"Go for the Eyes","floor":18},{"not_picked":["Conserve Battery","Steam Power"],"picked":"Darkness","floor":24},{"not_picked":["Coolheaded","Melter"],"picked":"Fusion+1","floor":25},{"not_picked":["Rebound","Chill"],"picked":"Self Repair","floor":27},{"not_picked":["Blizzard","Scrape"],"picked":"Hologram","floor":28},{"not_picked":["Blizzard+1","Compile Driver"],"picked":"Buffer","floor":30},{"not_picked":["Reprogram+1","Lockon+1"],"picked":"Ball Lightning+1","floor":31},{"not_picked":["Hyperbeam","Seek"],"picked":"Meteor Strike","floor":33},{"not_picked":["Go for the Eyes+1","Melter+1"],"picked":"Capacitor","floor":35},{"not_picked":["Sweeping Beam","Cold Snap"],"picked":"Defragment","floor":36},{"not_picked":["Compile Driver+1","Streamline+1","Steam+1"],"picked":"SKIP","floor":38},{"not_picked":["Undo","Blizzard+1"],"picked":"Barrage+1","floor":39},{"not_picked":["Stack","Redo"],"picked":"Barrage","floor":42},{"not_picked":["Turbo","Genetic Algorithm","Undo"],"picked":"SKIP","floor":45},{"not_picked":["Conserve Battery+1","Barrage"],"picked":"Rebound+1","floor":46},{"not_picked":["Rebound","Doom and Gloom","Melter+1"],"picked":"SKIP","floor":47},{"not_picked":["Rebound+1","Genetic Algorithm+1"],"picked":"Defragment+1","floor":48}],"player_experience":143452,"relics_obtained":[{"floor":8,"key":"Vajra"},{"floor":9,"key":"Centennial Puzzle"},{"floor":20,"key":"Cables"},{"floor":22,"key":"Art of War"},{"floor":24,"key":"Torii"},{"floor":26,"key":"Omamori"},{"floor":31,"key":"Blue Candle"},{"floor":37,"key":"Whetstone"},{"floor":43,"key":"Lantern"}],"event_choices":[{"event_name":"Living Wall","player_choice":"Grow","floor":4,"damage_taken":0},{"event_name":"The Lab","player_choice":"Got Potions","floor":11,"damage_taken":0},{"event_name":"Forgotten Altar","player_choice":"Shed Blood","floor":19,"damage_taken":0},{"event_name":"Addict","player_choice":"Ignored","floor":21,"damage_taken":0},{"event_name":"Winding Halls","player_choice":"Writhe","floor":40,"damage_taken":0},{"event_name":"The Woman in Blue","player_choice":"Bought 3 Potions","floor":41,"damage_taken":0}],"boss_relics":[{"not_picked":["Calling Bell","Eternal Feather"],"picked":"Fusion Hammer"},{"not_picked":["Cursed Key","Inserter"],"picked":"Nuclear Battery"}],"items_purged_floors":[],"is_endless":false,"potions_floor_spawned":[1,2,7,13,24,25,28,35,36,48],"killed_by":"Donu and Deca","ascension_level":0}