{"gold_per_floor":[118,128,128,141,66,66,85,85,85,105,55,55,55,20,20,122,122,137,137,153,153,53,53,71,71,95,41,41,59,94,113,113,208,208,227,240,115,127,227,257,257,167,167,182,182,182,201,8,8,8],"floor_reached":51,"playtime":967,"items_purged":["Pain","Strike_G","Strike_G"],"score":768,"play_id":"f7d180ca-ef62-4c47-bf42-72bbcd2ec4bd","local_time":"20190223181558","is_ascension_mode":true,"campfire_choices":[{"data":"Neutralize","floor":6,"key":"SMITH"},{"data":"Crippling Poison","floor":8,"key":"SMITH"},{"data":"Terror","floor":12,"key":"SMITH"},{"data":"Crippling Poison","floor":15,"key":"SMITH"},{"data":"Bane","floor":23,"key":"SMITH"},{"data":"Bane","floor":25,"key":"SMITH"},{"data":"Bane","floor":28,"key":"SMITH"},{"floor":32,"key":"REST"},{"floor":41,"key":"REST"},{"data":"Adrenaline","floor":45,"key":"SMITH"},{"data":"Survivor","floor":46,"key":"SMITH"},{"floor":49,"key":"REST"}],"neow_cost":"NONE","seed_source_timestamp":9806024883257,"circlet_count":0,"master_deck":["Defend_G","Defend_G+1","Defend_G+1","Defend_G","Survivor+1","Neutralize+1","Crippling Poison+1","Bane+1","Terror+1","Bane+1","Bane+1","Crippling Poison+1","Adrenaline+1","Bane+1"],"relics":["Ring of the Snake","NeowsBlessing","WarpedTongs","Du-Vu Doll","Turnip","Busted Crown","Gremlin Horn","MutagenicStrength","Regal Pillow","War Paint","Empty Cage","WingedGreaves","Singing Bowl","The Courier","Kunai"],"potions_floor_usage":[16,20,33,50,50,50],"damage_taken":[{"damage":0,"enemies":"Cultist","floor":1,"turns":1},{"damage":0,"enemies":"Small Slimes","floor":2,"turns":1},{"damage":0,"enemies":"2 Louse","floor":4,"turns":1},{"damage":9,"enemies":"Blue Slaver","floor":7,"turns":3},{"damage":9,"enemies":"Red Slaver","floor":10,"turns":2},{"damage":17,"enemies":"Hexaghost","floor":16,"turns":7},{"damage":2,"enemies":"Chosen","floor":18,"turns":3},{"damage":7,"enemies":"2 Thieves","floor":20,"turns":2},{"damage":15,"enemies":"Centurion and Healer","floor":24,"turns":4},{"damage":6,"enemies":"Snecko","floor":29,"turns":3},{"damage":0,"enemies":"Gremlin Leader","floor":30,"turns":3},{"damage":6,"enemies":"Cultist and Chosen","floor":31,"turns":3},{"damage":50,"enemies":"Champ","floor":33,"turns":8},{"damage":0,"enemies":"3 Shapes","floor":35,"turns":2},{"damage":17,"enemies":"Orb Walker","floor":36,"turns":3},{"damage":0,"enemies":"Sphere and 2 Shapes","floor":38,"turns":3},{"damage":0,"enemies":"Mind Bloom Boss Battle","floor":39,"turns":4},{"damage":11,"enemies":"Reptomancer","floor":40,"turns":4},{"damage":0,"enemies":"Jaw Worm Horde","floor":44,"turns":3},{"damage":11,"enemies":"Spire Growth","floor":47,"turns":3},{"damage":45,"enemies":"Donu and Deca","floor":50,"turns":17}],"seed_played":"-8752388359978095093","potions_obtained":[{"floor":1,"key":"GamblersBrew"},{"floor":7,"key":"SpeedPotion"},{"floor":18,"key":"FearPotion"},{"floor":24,"key":"FearPotion"},{"floor":33,"key":"Strength Potion"},{"floor":35,"key":"Weak Potion"}],"is_trial":false,"path_per_floor":["M","M","?","M","$","R","M","R","T","M","?","R","?","$","R","B",null,"M","T","M","?","$","R","M","R","T","$","R","M","E","M","R","B",null,"M","M","$","M","?","E","R","?","T","M","R","R","M","$","R","B",null],"character_chosen":"THE_SILENT","items_purchased":["Crippling Poison","Bane","Kunai"],"campfire_rested":3,"item_purchase_floors":[14,27,48],"current_hp_per_floor":[70,70,70,70,70,70,61,61,61,52,52,52,45,45,45,28,70,68,68,61,61,61,61,46,46,46,46,46,40,40,34,70,20,70,70,53,53,53,53,44,72,72,72,74,74,74,65,65,76,31],"gold":8,"neow_bonus":"THREE_ENEMY_KILL","is_prod":false,"is_daily":false,"chose_seed":false,"campfire_upgraded":9,"win_rate":0,"timestamp":1550974558,"path_taken":["M","M","?","M","$","R","?","R","T","M","?","R","?","?","R","BOSS","M","?","M","?","?","R","M","R","T","$","R","?","E","M","R","BOSS","M","?","$","M","?","E","R","?","T","M","R","R","?","$","R","BOSS"],"build_version":"2019-02-06","purchased_purges":3,"victory":true,"max_hp_per_floor":[70,70,70,70,70,70,70,70,70,70,70,70,70,70,70,70,70,70,70,70,70,70,70,70,70,70,70,70,70,70,70,70,70,70,70,70,70,70,70,72,72,72,72,74,74,74,76,76,76,76],"card_choices":[{"not_picked":["Deadly Poison","PiercingWail"],"picked":"Crippling Poison","floor":1},{"not_picked":["Concentrate","Caltrops"],"picked":"Bane","floor":2},{"not_picked":["Dagger Throw","Dagger Spray"],"picked":"Terror","floor":4},{"not_picked":["Masterful Stab","Blade Dance"],"picked":"Bane","floor":7},{"not_picked":["Eviscerate","Deflect"],"picked":"Bane","floor":10},{"not_picked":["Burst","Unload"],"picked":"Adrenaline","floor":16},{"not_picked":["Dagger Throw"],"picked":"SKIP","floor":30},{"not_picked":["Blur+1"],"picked":"SKIP","floor":35},{"not_picked":["Sucker Punch+1"],"picked":"SKIP","floor":36},{"not_picked":["Dagger Spray"],"picked":"SKIP","floor":38},{"not_picked":["Caltrops"],"picked":"Singing Bowl","floor":40},{"not_picked":["Quick Slash"],"picked":"Singing Bowl","floor":44},{"not_picked":["Eviscerate"],"picked":"Singing Bowl","floor":47}],"player_experience":1216528,"relics_obtained":[{"floor":9,"key":"Du-Vu Doll"},{"floor":19,"key":"Gremlin Horn"},{"floor":26,"key":"Regal Pillow"},{"floor":30,"key":"War Paint"},{"floor":39,"key":"WingedGreaves"},{"floor":40,"key":"Singing Bowl"},{"floor":43,"key":"The Courier"}],"event_choices":[{"damage_healed":0,"gold_gain":0,"player_choice":"Rummage","damage_taken":0,"relics_obtained":["WarpedTongs"],"max_hp_gain":0,"max_hp_loss":0,"event_name":"Accursed Blacksmith","floor":3,"gold_loss":0,"cards_obtained":["Pain"]},{"cards_removed":["Defend_G"],"damage_healed":0,"gold_gain":0,"player_choice":"Card Removal","damage_taken":0,"max_hp_gain":0,"max_hp_loss":0,"event_name":"The Cleric","floor":11,"gold_loss":50},{"damage_healed":0,"gold_gain":0,"player_choice":"Success","damage_taken":7,"relics_obtained":["Turnip"],"max_hp_gain":0,"max_hp_loss":0,"event_name":"Scrap Ooze","floor":13,"gold_loss":0},{"damage_healed":0,"gold_gain":0,"player_choice":"Inject Mutagens","damage_taken":0,"relics_obtained":["MutagenicStrength"],"max_hp_gain":0,"max_hp_loss":0,"event_name":"Drug Dealer","floor":21,"gold_loss":0},{"damage_healed":0,"gold_gain":0,"player_choice":"Fight","damage_taken":0,"max_hp_gain":0,"max_hp_loss":0,"event_name":"MindBloom","floor":39,"gold_loss":0},{"cards_removed":["Strike_G"],"damage_healed":0,"gold_gain":0,"player_choice":"Upgrade and Remove","damage_taken":0,"max_hp_gain":0,"max_hp_loss":0,"event_name":"Designer","floor":42,"gold_loss":90,"cards_upgraded":["Bane"]}],"is_beta":true,"boss_relics":[{"not_picked":["Lizard Tail","Coffee Dripper"],"picked":"Busted Crown"},{"not_picked":["Eternal Feather","Snecko Eye"],"picked":"Empty Cage"}],"items_purged_floors":[5,22,37],"is_endless":false,"potions_floor_spawned":[1,7,18,24,33,35,44,47],"ascension_level":1}