{"path_per_floor":["M","M","M","$","M","E","M","E","T","?","M","$","?","M","R","B",null,"M","?","M","M","M","R","E","R","T","R","M","E","R","M","R","B",null,"M","$","?","M","?","E","R","M","T","?","M","M","$","M","R"],"character_chosen":"DEFECT","items_purchased":["FTL","Magnetism","Consume","Toolbox","SneckoOil"],"gold_per_floor":[113,131,146,35,48,76,92,118,118,193,205,27,27,44,44,148,148,163,163,173,185,199,199,226,226,249,249,262,297,297,309,309,412,412,424,9,9,28,28,53,53,65,91,91,110,124,20,33,33,33],"floor_reached":50,"campfire_rested":8,"playtime":4027,"item_purchase_floors":[4,12,36,36,47],"current_hp_per_floor":[65,62,61,61,47,37,36,29,29,18,20,20,20,22,44,6,75,53,53,54,29,22,44,30,52,52,74,60,37,62,37,62,24,85,67,67,67,60,60,15,40,18,18,39,21,23,23,29,54,0],"items_purged":["Strike_B","Strike_B"],"gold":33,"score":578,"play_id":"2cda3c0b-8edc-4eb9-b5bf-fbe224b7c0ef","local_time":"20180610180411","is_prod":false,"is_daily":false,"chose_seed":false,"is_ascension_mode":false,"campfire_upgraded":0,"win_rate":0,"timestamp":1528668251,"campfire_choices":[{"floor":15,"key":"REST"},{"floor":23,"key":"REST"},{"floor":25,"key":"REST"},{"floor":27,"key":"REST"},{"floor":30,"key":"REST"},{"floor":32,"key":"REST"},{"floor":41,"key":"REST"},{"floor":49,"key":"REST"}],"path_taken":["M","M","M","$","M","E","M","E","T","?","M","$","?","M","R","BOSS","M","?","M","M","M","R","E","R","T","R","M","E","R","M","R","BOSS","M","$","?","M","?","E","R","M","T","?","M","M","?","M","R","BOSS"],"build_version":"2018-06-07v3","seed_source_timestamp":5026569066783,"purchased_purges":2,"victory":false,"master_deck":["Strike_B","Defend_B","Defend_B","Defend_B","Zap","Dualcast","Meteor Strike","Loop","Go for the Eyes","Cold Snap","FTL","Cold Snap","Conserve Battery","Sweeping Beam","White Noise","Storm","Magnetism","Rainbow","Blizzard","Seek","Beam Cell","Defragment","Capacitor","Chill","Rebound+1","Buffer","Melter+1","White Noise","Force Field","White Noise","FTL","Defragment","Aggregate","Buffer","Redo+1","Consume","Ball Lightning","Leap+1","Gash+1","Writhe","Gash+1","Beam Cell+1","Steam","Beam Cell+1"],"max_hp_per_floor":[75,75,75,75,75,75,75,75,75,75,75,75,75,75,75,75,75,75,75,75,75,75,75,75,75,75,75,75,85,85,85,85,85,85,85,85,85,85,85,85,85,85,85,85,85,85,85,85,85,85],"relics":["Cracked Core","Question Card","Blood Vial","Dream Catcher","Nuclear Battery","Juzu Bracelet","Happy Flower","Pear","Lizard Tail","Toolbox","Molten Egg 2","Boot"],"card_choices":[{"not_picked":["Recycle","Steam"],"picked":"Loop","floor":1},{"not_picked":["Stack","Scrape"],"picked":"Go for the Eyes","floor":2},{"not_picked":["FTL","Barrage"],"picked":"Cold Snap","floor":3},{"not_picked":["Rip and Tear","Skim"],"picked":"Cold Snap","floor":5},{"not_picked":["Rip and Tear","Amplify"],"picked":"Conserve Battery","floor":6},{"not_picked":["Melter","Redo","Ball Lightning"],"picked":"Sweeping Beam","floor":7},{"not_picked":["Steam","Chill","Go for the Eyes"],"picked":"White Noise","floor":8},{"not_picked":["Ball Lightning","Capacitor","Undo"],"picked":"Storm","floor":11},{"not_picked":["Leap","Compile Driver","Gash"],"picked":"Rainbow","floor":14},{"not_picked":["Turbo","Ball Lightning","Redo"],"picked":"Blizzard","floor":15},{"not_picked":["Meteor Strike","Hyperbeam","Multi-Cast"],"picked":"Seek","floor":16},{"not_picked":["Conserve Battery","Auto Shields","FTL+1"],"picked":"Beam Cell","floor":18},{"not_picked":["Genetic Algorithm","Conserve Battery","Beam Cell"],"picked":"Defragment","floor":20},{"not_picked":["Streamline","Consume","Leap"],"picked":"Capacitor","floor":21},{"not_picked":["Hologram","Doom and Gloom","Redo+1"],"picked":"Chill","floor":22},{"not_picked":["Leap","Ball Lightning+1","Streamline+1"],"picked":"Rebound+1","floor":23},{"not_picked":["Consume","Steam","Recycle+1"],"picked":"Buffer","floor":24},{"not_picked":["Cold Snap","Doom and Gloom","Undo"],"picked":"Melter+1","floor":25},{"not_picked":["Sweeping Beam","Lockon","Streamline+1"],"picked":"White Noise","floor":27},{"not_picked":["Steam","Chill","Stack"],"picked":"Force Field","floor":28},{"not_picked":["Stack","Storm+1","Seek"],"picked":"White Noise","floor":29},{"not_picked":["Beam Cell","Turbo","Blizzard"],"picked":"FTL","floor":30},{"not_picked":["Cold Snap","Tempest","Compile Driver+1"],"picked":"Defragment","floor":31},{"not_picked":["Leap","Go for the Eyes","Ball Lightning"],"picked":"Aggregate","floor":32},{"not_picked":["Biased Cognition","Core Surge","Reboot"],"picked":"Buffer","floor":33},{"not_picked":["Rip and Tear+1","Steam","Go for the Eyes+1"],"picked":"Redo+1","floor":35},{"not_picked":["Sweeping Beam+1","Streamline+1","Coolheaded+1","Barrage+1"],"picked":"SKIP","floor":38},{"not_picked":["Gash","Beam Cell","FTL"],"picked":"Leap+1","floor":40},{"not_picked":["Compile Driver+1","Cold Snap+1","Conserve Battery+1"],"picked":"Gash+1","floor":42},{"not_picked":["Redo","BootSequence+1","Scrape+1"],"picked":"Gash+1","floor":45},{"not_picked":["Fusion+1","Cold Snap+1","Conserve Battery"],"picked":"Beam Cell+1","floor":46},{"not_picked":["Barrage+1","Capacitor","Fission"],"picked":"Steam","floor":48},{"not_picked":["Go for the Eyes+1","Melter+1","Undo+1"],"picked":"Beam Cell+1","floor":49}],"player_experience":80805,"potions_floor_usage":[8,14,16,20,22,22,22,22,22,22,22,24,29,31,50,50],"damage_taken":[{"damage":10,"enemies":"Jaw Worm","floor":1,"turns":4},{"damage":3,"enemies":"Small Slimes","floor":2,"turns":2},{"damage":1,"enemies":"Cultist","floor":3,"turns":3},{"damage":14,"enemies":"Lots of Slimes","floor":5,"turns":4},{"damage":10,"enemies":"Lagavulin","floor":6,"turns":9},{"damage":1,"enemies":"Looter","floor":7,"turns":3},{"damage":7,"enemies":"Gremlin Nob","floor":8,"turns":4},{"damage":0,"enemies":"Red Slaver","floor":11,"turns":4},{"damage":0,"enemies":"3 Louse","floor":14,"turns":3},{"damage":40,"enemies":"Hexaghost","floor":16,"turns":9},{"damage":22,"enemies":"Spheric Guardian","floor":18,"turns":4},{"damage":1,"enemies":"3 Byrds","floor":20,"turns":5},{"damage":27,"enemies":"Sentry and Sphere","floor":21,"turns":5},{"damage":24,"enemies":"Slaver and Parasite","floor":22,"turns":6},{"damage":16,"enemies":"Book of Stabbing","floor":24,"turns":5},{"damage":15,"enemies":"Snake Plant","floor":28,"turns":4},{"damage":35,"enemies":"Slavers","floor":29,"turns":4},{"damage":27,"enemies":"Cultist and Chosen","floor":31,"turns":5},{"damage":40,"enemies":"Collector","floor":33,"turns":10},{"damage":18,"enemies":"3 Shapes","floor":35,"turns":7},{"damage":9,"enemies":"Orb Walker","floor":38,"turns":3},{"damage":78,"enemies":"Giant Head","floor":40,"turns":12},{"damage":24,"enemies":"3 Darklings","floor":42,"turns":6},{"damage":20,"enemies":"Sphere and 2 Shapes","floor":45,"turns":5},{"damage":0,"enemies":"Maw","floor":46,"turns":8},{"damage":38,"enemies":"3 Darklings","floor":48,"turns":9},{"damage":58,"enemies":"Awakened One","floor":50,"turns":3}],"relics_obtained":[{"floor":6,"key":"Question Card"},{"floor":8,"key":"Blood Vial"},{"floor":9,"key":"Dream Catcher"},{"floor":24,"key":"Juzu Bracelet"},{"floor":26,"key":"Happy Flower"},{"floor":29,"key":"Pear"},{"floor":40,"key":"Molten Egg 2"},{"floor":43,"key":"Boot"}],"event_choices":[{"event_name":"World of Goop","player_choice":"Gather Gold","floor":10,"damage_taken":0},{"event_name":"Liars Game","player_choice":"disagreed","floor":13,"damage_taken":0},{"event_name":"The Lab","player_choice":"Got Potions","floor":19,"damage_taken":0},{"event_name":"Transmorgrifier","player_choice":"Transform","floor":37,"damage_taken":0},{"event_name":"Falling","player_choice":"Removed Attack","floor":39,"damage_taken":0},{"event_name":"Winding Halls","player_choice":"Writhe","floor":44,"damage_taken":0}],"boss_relics":[{"not_picked":["Runic Dome","Orrery"],"picked":"Nuclear Battery"},{"not_picked":["Tiny House","Velvet Choker"],"picked":"Lizard Tail"}],"items_purged_floors":[4,36],"potions_floor_spawned":[1,7,14,18,20,22,29,35,45],"seed_played":"-20193758392526998","killed_by":"Awakened One","ascension_level":0,"potions_obtained":[{"floor":1,"key":"SpeedPotion"},{"floor":7,"key":"PowerPotion"},{"floor":14,"key":"Fire Potion"},{"floor":18,"key":"EntropicBrew"},{"floor":19,"key":"EssenceOfSteel"},{"floor":19,"key":"SkillPotion"},{"floor":20,"key":"Ancient Potion"},{"floor":22,"key":"FocusPotion"},{"floor":29,"key":"Explosive Potion"},{"floor":35,"key":"Dexterity Potion"},{"floor":45,"key":"FearPotion"}],"is_trial":false}