{"gold_per_floor":[110,110,128,128,128,128,156,156,179,189,208,226,226,243,243,319,319,337,12,12,27,77,77,77],"floor_reached":24,"playtime":816,"items_purged":[],"score":492,"play_id":"f047abf7-c726-4986-8e2f-dfa96063983a","local_time":"20181205222849","is_ascension_mode":true,"campfire_choices":[{"data":"Hologram","floor":6,"key":"SMITH"},{"data":"Cold Snap","floor":8,"key":"SMITH"},{"data":"Chaos","floor":15,"key":"SMITH"},{"floor":23,"key":"REST"}],"neow_cost":"NONE","seed_source_timestamp":22303777974857,"circlet_count":0,"master_deck":["AscendersBane","Strike_B","Defend_B","Defend_B","Defend_B","Defend_B","Zap","Dualcast","Hologram+1","Conserve Battery","Cold Snap+1","Hologram","Chaos+1","Hello World","Core Surge","Ball Lightning","Defragment","White Noise","Streamline"],"relics":["Busted Crown","Ornamental Fan","Oddly Smooth Stone","Inserter","Anchor"],"potions_floor_usage":[14,16,18,24],"damage_taken":[{"damage":7,"enemies":"Cultist","floor":1,"turns":4},{"damage":4,"enemies":"Small Slimes","floor":3,"turns":4},{"damage":40,"enemies":"3 Sentries","floor":7,"turns":11},{"damage":0,"enemies":"Jaw Worm","floor":10,"turns":4},{"damage":0,"enemies":"Red Slaver","floor":11,"turns":4},{"damage":0,"enemies":"2 Fungi Beasts","floor":12,"turns":3},{"damage":0,"enemies":"Lots of Slimes","floor":14,"turns":4},{"damage":0,"enemies":"Hexaghost","floor":16,"turns":7},{"damage":15,"enemies":"3 Byrds","floor":18,"turns":7},{"damage":39,"enemies":"Chosen","floor":21,"turns":6},{"damage":30,"enemies":"Book of Stabbing","floor":24,"turns":4}],"seed_played":"-8150319612242716851","potions_obtained":[{"floor":10,"key":"PowerPotion"},{"floor":12,"key":"SpeedPotion"},{"floor":14,"key":"PowerPotion"},{"floor":18,"key":"Strength Potion"}],"is_trial":false,"path_per_floor":["M","?","M","?","?","R","E","R","T","M","M","M","?","M","R","B",null,"M","$","?","M","?","R","E"],"character_chosen":"DEFECT","items_purchased":["Defragment","White Noise","Anchor"],"campfire_rested":1,"item_purchase_floors":[19,19,19],"current_hp_per_floor":[57,57,53,58,58,58,18,18,18,18,18,18,18,18,18,18,62,47,47,47,8,8,30,0],"gold":77,"neow_bonus":"BOSS_RELIC","is_prod":false,"is_daily":false,"chose_seed":false,"campfire_upgraded":3,"win_rate":0,"timestamp":1544077729,"path_taken":["M","?","M","?","?","R","E","R","T","M","M","M","?","M","R","BOSS","M","$","?","?","?","R","E"],"build_version":"2018-12-05","purchased_purges":0,"victory":false,"max_hp_per_floor":[71,71,71,76,76,76,76,76,76,76,76,76,76,76,76,76,76,76,76,76,76,76,76,76],"card_choices":[{"not_picked":["Redo"],"picked":"SKIP","floor":1},{"not_picked":[],"picked":"Hologram","floor":3},{"not_picked":[],"picked":"Cold Snap","floor":7},{"not_picked":[],"picked":"Hologram","floor":11},{"not_picked":[],"picked":"Chaos","floor":12},{"not_picked":[],"picked":"Hello World","floor":14},{"not_picked":[],"picked":"Core Surge","floor":16},{"not_picked":[],"picked":"Ball Lightning","floor":18},{"not_picked":[],"picked":"Streamline","floor":21}],"player_experience":964602,"relics_obtained":[{"floor":7,"key":"Ornamental Fan"},{"floor":9,"key":"Oddly Smooth Stone"}],"event_choices":[{"damage_healed":0,"gold_gain":0,"player_choice":"Leave","damage_taken":0,"max_hp_gain":0,"max_hp_loss":0,"event_name":"The Cleric","floor":2,"gold_loss":0},{"damage_healed":0,"gold_gain":0,"player_choice":"Donut","damage_taken":0,"max_hp_gain":5,"max_hp_loss":0,"event_name":"Big Fish","floor":4,"gold_loss":0},{"damage_healed":0,"gold_gain":0,"cards_transformed":["Strike_B"],"player_choice":"Change","damage_taken":0,"max_hp_gain":0,"max_hp_loss":0,"event_name":"Living Wall","floor":5,"gold_loss":0,"cards_obtained":["Conserve Battery"]},{"cards_removed":["Strike_B"],"damage_healed":0,"gold_gain":0,"player_choice":"Purged","damage_taken":0,"max_hp_gain":0,"max_hp_loss":0,"event_name":"Purifier","floor":13,"gold_loss":0},{"cards_removed":["Strike_B"],"damage_healed":0,"gold_gain":0,"player_choice":"Purged","damage_taken":0,"max_hp_gain":0,"max_hp_loss":0,"event_name":"Purifier","floor":20,"gold_loss":0},{"damage_healed":0,"gold_gain":50,"player_choice":"Pray","damage_taken":0,"max_hp_gain":0,"max_hp_loss":0,"event_name":"Golden Shrine","floor":22,"gold_loss":0}],"is_beta":true,"boss_relics":[{"not_picked":["Empty Cage","Eternal Feather"],"picked":"Inserter"}],"items_purged_floors":[],"is_endless":false,"potions_floor_spawned":[10,12,14,18],"killed_by":"Book of Stabbing","ascension_level":20}