{"gold_per_floor":[113,28,103,103,119,119,134,134,159,159,159,179,59,102,102,198,198,198],"floor_reached":18,"playtime":532,"items_purged":[],"score":316,"play_id":"027232d5-3a5a-4806-a869-64b3409935ef","local_time":"20181207112624","is_ascension_mode":true,"campfire_choices":[{"data":"Doom and Gloom","floor":6.0,"key":"SMITH"},{"data":"Beam Cell","floor":8.0,"key":"SMITH"},{"data":"Zap","floor":10.0,"key":"SMITH"},{"data":"Consume","floor":15,"key":"SMITH"}],"neow_cost":"NONE","seed_source_timestamp":59057583093034,"circlet_count":0,"master_deck":["AscendersBane","Strike_B","Strike_B+1","Strike_B+1","Strike_B","Defend_B","Defend_B","Defend_B","Defend_B","Zap+1","Dualcast","Doom and Gloom+1","Beam Cell+1","Leap+1","Consume+1","Reinforced Body","Defragment","Go for the Eyes","All For One"],"special_seed":0,"relics":["Inserter","Golden Idol","Whetstone","PreservedInsect","Sozu"],"potions_floor_usage":[16],"damage_taken":[{"damage":2.0,"enemies":"Cultist","floor":1.0,"turns":4.0},{"damage":9.0,"enemies":"2 Louse","floor":5.0,"turns":2.0},{"damage":10.0,"enemies":"Small Slimes","floor":7.0,"turns":4.0},{"damage":3.0,"enemies":"Blue Slaver","floor":12.0,"turns":2.0},{"damage":18.0,"enemies":"Lagavulin","floor":14.0,"turns":7.0},{"damage":3,"enemies":"Hexaghost","floor":16,"turns":9},{"damage":0,"enemies":"2 Thieves","floor":18,"turns":1}],"seed_played":"-1663246806195406906","potions_obtained":[{"floor":1.0,"key":"Strength Potion"},{"floor":7.0,"key":"SteroidPotion"},{"floor":14.0,"key":"GamblersBrew"}],"is_trial":false,"path_per_floor":["M","$","?","?","M","R","M","R","T","R","?","M","$","E","R","B",null,"M"],"character_chosen":"DEFECT","items_purchased":["Doom and Gloom","Reinforced Body","Defragment"],"campfire_rested":0,"item_purchase_floors":[2,13,13],"current_hp_per_floor":[62,62,51,51,42,42,32,32,32,32,32,29,29,11,11,8,50,50],"gold":198,"neow_bonus":"BOSS_RELIC","is_prod":false,"is_daily":false,"chose_seed":false,"campfire_upgraded":4,"win_rate":0,"timestamp":1544210784,"path_taken":["M","$","?","?","M","R","M","R","T","R","?","M","$","E","R","BOSS","M"],"build_version":"2018-12-06","purchased_purges":0,"victory":false,"max_hp_per_floor":[71,71,71,64,64,64,64,64,64,64,64,64,64,64,64,64,64,64],"card_choices":[{"not_picked":["Go for the Eyes","Gash"],"picked":"Beam Cell","floor":5.0},{"not_picked":["Chill","Streamline"],"picked":"Leap","floor":7.0},{"not_picked":["Loop","Streamline"],"picked":"Consume","floor":12.0},{"not_picked":["Self Repair","Ball Lightning"],"picked":"Go for the Eyes","floor":14.0},{"not_picked":["Creative AI","Hyperbeam"],"picked":"All For One","floor":16}],"player_experience":979877,"relics_obtained":[{"floor":9.0,"key":"Whetstone"},{"floor":14.0,"key":"PreservedInsect"}],"event_choices":[{"damage_healed":0.0,"max_hp_gain":0.0,"max_hp_loss":0.0,"gold_gain":75.0,"event_name":"World of Goop","player_choice":"Gather Gold","floor":3.0,"gold_loss":0.0,"damage_taken":11.0},{"damage_healed":0.0,"max_hp_gain":0.0,"max_hp_loss":7.0,"gold_gain":0.0,"event_name":"Golden Idol","player_choice":"Lose Max HP","floor":4.0,"gold_loss":0.0,"damage_taken":0.0,"relics_obtained":["Golden Idol"]},{"damage_healed":0.0,"max_hp_gain":0.0,"max_hp_loss":0.0,"gold_gain":0.0,"event_name":"Living Wall","player_choice":"Grow","floor":11.0,"gold_loss":0.0,"damage_taken":0.0,"cards_upgraded":["Leap"]}],"is_beta":true,"boss_relics":[{"not_picked":["Calling Bell","Fusion Hammer"],"picked":"Sozu"}],"items_purged_floors":[],"is_endless":false,"potions_floor_spawned":[1,7,14],"killed_by":"2 Thieves","ascension_level":20}