{"gold_per_floor":[112,35,35,51,51,85,85,120,146,146],"floor_reached":10,"playtime":238,"items_purged":[],"score":148,"play_id":"4276480a-4bf5-449a-97e7-26bcf6580c01","local_time":"20190315144838","is_ascension_mode":true,"campfire_choices":[{"data":"Neutralize","floor":7,"key":"SMITH"}],"neow_cost":"NONE","seed_source_timestamp":6988679675088,"circlet_count":0,"master_deck":["AscendersBane","Defend_G","Defend_G","Defend_G","Defend_G","Strike_G","Strike_G","Strike_G","Survivor","Neutralize+1","Flechettes+1","Leg Sweep+1","Endless Agony+1","Predator","Noxious Fumes","Flying Knee","Catalyst","Backstab"],"relics":["Astrolabe","Omamori","Meat on the Bone","PreservedInsect"],"potions_floor_usage":[6,6],"damage_taken":[{"damage":10,"enemies":"Small Slimes","floor":1,"turns":4},{"damage":6,"enemies":"Cultist","floor":4,"turns":4},{"damage":20,"enemies":"Lagavulin","floor":6,"turns":7},{"damage":13,"enemies":"Gremlin Nob","floor":8,"turns":4},{"damage":5,"enemies":"3 Sentries","floor":10,"turns":2}],"seed_played":"553793301897391469","potions_obtained":[{"floor":3,"key":"PowerPotion"},{"floor":3,"key":"GamblersBrew"}],"is_trial":false,"path_per_floor":["M","$","?","M","?","E","R","E","T","E"],"character_chosen":"THE_SILENT","items_purchased":["Noxious Fumes"],"campfire_rested":0,"item_purchase_floors":[2],"current_hp_per_floor":[49,49,49,43,43,23,23,10,10,5],"gold":146,"neow_bonus":"BOSS_RELIC","is_prod":false,"is_daily":false,"chose_seed":false,"campfire_upgraded":1,"win_rate":0,"timestamp":1552686518,"path_taken":["M","$","?","?","?","E","R","E","T","E"],"build_version":"2019-02-06","purchased_purges":0,"victory":false,"max_hp_per_floor":[66,66,66,66,66,66,66,66,66,66],"card_choices":[{"not_picked":["Outmaneuver","Catalyst"],"picked":"Predator","floor":1},{"not_picked":["Endless Agony","Underhanded Strike"],"picked":"Flying Knee","floor":4},{"not_picked":["Underhanded Strike","Quick Slash"],"picked":"Catalyst","floor":6},{"not_picked":["Dagger Throw","Prepared"],"picked":"Backstab","floor":8}],"player_experience":1303857,"relics_obtained":[{"floor":6,"key":"Omamori"},{"floor":8,"key":"Meat on the Bone"},{"floor":9,"key":"PreservedInsect"}],"event_choices":[{"damage_healed":0,"gold_gain":0,"player_choice":"Got Potions","damage_taken":0,"max_hp_gain":0,"max_hp_loss":0,"event_name":"Lab","floor":3,"gold_loss":0},{"damage_healed":0,"gold_gain":0,"player_choice":"Leave","damage_taken":0,"max_hp_gain":0,"max_hp_loss":0,"event_name":"The Cleric","floor":5,"gold_loss":0}],"is_beta":true,"boss_relics":[],"items_purged_floors":[],"is_endless":false,"potions_floor_spawned":[4],"killed_by":"3 Sentries","ascension_level":20}