{"gold_per_floor":[17,17,17,38,58,58,81,116,161,161,22,22,45,64,64,185,185,185,110,110,20,20,20,20,20,20,20,20,20,20,20,20,20,20,20,20,20,20,20,20,20,20,20,20,20,20,20],"floor_reached":47,"playtime":5021,"items_purged":[],"score":526,"play_id":"3b2389ca-795c-4849-810a-ae0de2b63020","local_time":"20181018235952","is_ascension_mode":true,"campfire_choices":[{"data":"Intimidate","floor":6,"key":"SMITH"},{"data":"Armaments","floor":10,"key":"SMITH"},{"data":"Inflame","floor":12,"key":"SMITH"},{"floor":15,"key":"REST"},{"data":"Rupture","floor":23,"key":"SMITH"},{"data":"Shockwave","floor":25,"key":"SMITH"},{"data":"True Grit","floor":29,"key":"SMITH"},{"floor":32,"key":"REST"},{"floor":40,"key":"REST"},{"floor":42,"key":"REST"},{"data":"Barricade","floor":46,"key":"SMITH"}],"neow_cost":"NO_GOLD","seed_source_timestamp":701947554240775,"circlet_count":0,"master_deck":["Strike_R+1","Strike_R","Defend_R","Defend_R","Defend_R","Bash","Intimidate+1","Iron Wave","Inflame+1","Armaments+1","Offering","Feel No Pain","True Grit+1","Rupture+1","Feed","Shockwave+1","Hemokinesis+1","Pain","RitualDagger","Flex+1","Warcry+1","Barricade+1","Cleave+1"],"relics":["Burning Blood","Golden Idol","Self Forming Clay","Boot","Ectoplasm","WarpedTongs","Matryoshka","Mark of Pain","Juzu Bracelet","Bottled Flame"],"potions_floor_usage":[8,13,14,33,35],"damage_taken":[{"damage":15,"enemies":"Small Slimes","floor":1,"turns":3},{"damage":1,"enemies":"Cultist","floor":4,"turns":3},{"damage":4,"enemies":"Jaw Worm","floor":5,"turns":4},{"damage":10,"enemies":"Red Slaver","floor":7,"turns":4},{"damage":13,"enemies":"Gremlin Nob","floor":8,"turns":4},{"damage":6,"enemies":"Exordium Thugs","floor":13,"turns":5},{"damage":15,"enemies":"Gremlin Gang","floor":14,"turns":7},{"damage":26,"enemies":"Slime Boss","floor":16,"turns":14},{"damage":8,"enemies":"Chosen","floor":18,"turns":6},{"damage":16,"enemies":"2 Thieves","floor":19,"turns":4},{"damage":11,"enemies":"Centurion and Healer","floor":30,"turns":6},{"damage":15,"enemies":"3 Cultists","floor":31,"turns":5},{"damage":47,"enemies":"Collector","floor":33,"turns":12},{"damage":53,"enemies":"3 Darklings","floor":35,"turns":6},{"damage":18,"enemies":"3 Shapes","floor":39,"turns":6},{"damage":25,"enemies":"3 Darklings","floor":44,"turns":4},{"damage":52,"enemies":"Giant Head","floor":47,"turns":6}],"seed_played":"8210117274950460180","potions_obtained":[{"floor":5,"key":"Fire Potion"},{"floor":8,"key":"SpeedPotion"},{"floor":13,"key":"Weak Potion"},{"floor":18,"key":"Strength Potion"},{"floor":30,"key":"Regen Potion"},{"floor":35,"key":"Ancient Potion"}],"is_trial":false,"path_per_floor":["M","?","?","M","M","R","M","E","T","R","$","R","M","M","R","B",null,"M","M","?","?","$","R","?","R","T","?","$","R","M","M","R","B",null,"M","?","?","$","M","R","?","R","T","M","?","R"],"character_chosen":"IRONCLAD","items_purchased":["Offering","Feel No Pain"],"campfire_rested":4,"item_purchase_floors":[11,11],"current_hp_per_floor":[71,51,51,56,58,58,54,47,47,47,47,47,47,38,62,42,71,69,59,59,59,59,59,53,53,53,53,53,53,51,42,66,25,69,35,35,35,35,23,47,47,71,71,52,52,52,0],"gold":20,"neow_bonus":"REMOVE_TWO","is_prod":false,"is_daily":false,"chose_seed":false,"campfire_upgraded":7,"win_rate":0,"timestamp":1539899992,"path_taken":["M","?","?","?","M","R","M","E","T","R","$","R","?","M","R","BOSS","M","M","?","?","$","R","?","R","T","?","?","R","M","M","R","BOSS","M","?","?","?","M","R","?","R","T","M","?","R","E"],"build_version":"2018-10-11","purchased_purges":0,"victory":false,"max_hp_per_floor":[80,80,80,80,80,80,80,80,80,80,80,80,80,80,80,80,80,80,80,80,80,80,80,80,80,80,80,80,80,83,83,83,83,83,87,83,83,83,83,83,83,83,83,83,83,83,83],"card_choices":[{"not_picked":["Cleave","Power Through"],"picked":"Intimidate","floor":1},{"not_picked":["Metallicize","Thunderclap"],"picked":"Iron Wave","floor":4},{"not_picked":["Entrench","Headbutt"],"picked":"Inflame","floor":5},{"not_picked":["Sever Soul","Thunderclap"],"picked":"Armaments","floor":7},{"not_picked":["Infernal Blade","Ghostly Armor","Wild Strike"],"picked":"SKIP","floor":8},{"not_picked":["Rupture","Pummel"],"picked":"True Grit","floor":13},{"not_picked":["Wild Strike","Pommel Strike"],"picked":"Rupture","floor":14},{"not_picked":["Offering","Barricade"],"picked":"Feed","floor":16},{"not_picked":["Infernal Blade+1","Warcry"],"picked":"Shockwave","floor":18},{"not_picked":["Uppercut+1","Twin Strike"],"picked":"Hemokinesis+1","floor":19},{"not_picked":["Second Wind","Reckless Charge"],"picked":"Flex+1","floor":30},{"not_picked":["Armaments+1","Dual Wield"],"picked":"Warcry+1","floor":31},{"not_picked":["Juggernaut","Immolate"],"picked":"Barricade","floor":33},{"not_picked":["Rage","Flex","Perfected Strike"],"picked":"SKIP","floor":35},{"not_picked":["Havoc+1","Warcry+1"],"picked":"Cleave+1","floor":39},{"not_picked":["Perfected Strike+1","Flex","Fire Breathing"],"picked":"SKIP","floor":44}],"player_experience":285595,"relics_obtained":[{"floor":8,"key":"Self Forming Clay"},{"floor":9,"key":"Boot"},{"floor":26,"key":"Matryoshka"},{"floor":43,"key":"Juzu Bracelet"},{"floor":43,"key":"Bottled Flame"}],"event_choices":[{"event_name":"Golden Idol","player_choice":"Take Damage","floor":2,"damage_taken":0},{"event_name":"Wheel of Change","player_choice":"Card Removal","floor":3,"damage_taken":0},{"event_name":"Accursed Blacksmith","player_choice":"Rummage","floor":20,"damage_taken":0},{"event_name":"Designer","player_choice":"Full Service","floor":21,"damage_taken":0},{"event_name":"Nest","player_choice":"Joined the Cult","floor":24,"damage_taken":0},{"event_name":"Vampires","player_choice":"Ignored","floor":27,"damage_taken":0},{"event_name":"Winding Halls","player_choice":"Max HP","floor":36,"damage_taken":0},{"event_name":"Mysterious Sphere","player_choice":"Ignore","floor":37,"damage_taken":0},{"event_name":"SensoryStone","player_choice":"Memory 1","floor":41,"damage_taken":0},{"event_name":"Fountain of Cleansing","player_choice":"Ignored","floor":45,"damage_taken":0}],"is_beta":false,"boss_relics":[{"not_picked":["Busted Crown","Tiny House"],"picked":"Ectoplasm"},{"not_picked":["Astrolabe","Cursed Key"],"picked":"Mark of Pain"}],"items_purged_floors":[],"is_endless":false,"potions_floor_spawned":[5,8,13,18,30,35],"killed_by":"Giant Head","ascension_level":5}