{"gold_per_floor":[113,36,36,36,36,36,61,61,61,91,109,143,143,157,157,228,228,238,101,16,16,31,31,65,82,82,94,116,128,172,184,196,287,299,328,440,452,62,73,73,104,116,116,38,63,91,109,33,33,33,33],"floor_reached":52,"playtime":2186,"items_purged":["Strike_R","Decay"],"score":2049,"play_id":"b4eb8b3d-8103-403d-bba2-aa602509f125","local_time":"20190327002837","is_ascension_mode":true,"campfire_choices":[{"data":"Bash","floor":6.0,"key":"SMITH"},{"data":"Headbutt","floor":8.0,"key":"SMITH"},{"data":"Feed","floor":13.0,"key":"SMITH"},{"data":"Pommel Strike","floor":15.0,"key":"SMITH"},{"floor":23.0,"key":"REST"},{"floor":27.0,"key":"REST"},{"floor":29.0,"key":"REST"},{"floor":32.0,"key":"REST"},{"floor":40,"key":"REST"},{"floor":49,"key":"REST"}],"neow_cost":"NONE","seed_source_timestamp":6017146499625,"circlet_count":0,"master_deck":["AscendersBane","Strike_R+1","Strike_R+1","Strike_R+1","Strike_R+1","Defend_R+1","Defend_R+1","Defend_R+1","Defend_R+1","Bash+1","Headbutt+1","Uppercut+1","Corruption","Disarm+1","Ghostly Armor+1","Feed+1","Pommel Strike+1","Exhume+1","Metallicize","Metallicize","Iron Wave","Cleave","Demon Form","Impervious+1","Iron Wave+1","Reaper","Ghostly Armor+1","Feel No Pain","Dark Shackles+1","Intimidate+1","Immolate","Shrug It Off+1","Ghostly Armor+1","Reaper","Sentinel+1"],"special_seed":0,"relics":["Burning Blood","NeowsBlessing","Matryoshka","Toxic Egg 2","Smiling Mask","Whetstone","Dream Catcher","Strawberry","Fusion Hammer","Ornamental Fan","Happy Flower","PreservedInsect","MawBank","Lantern","Lizard Tail","Charon\u0027s Ashes","CultistMask","Brimstone","Red Skull","Singing Bowl","Boot","Vajra"],"potions_floor_usage":[41,46,50,50],"damage_taken":[{"damage":0.0,"enemies":"Cultist","floor":1.0,"turns":1.0},{"damage":0.0,"enemies":"Lagavulin","floor":7.0,"turns":1.0},{"damage":0.0,"enemies":"3 Sentries","floor":10.0,"turns":2.0},{"damage":0.0,"enemies":"Small Slimes","floor":11.0,"turns":2.0},{"damage":10.0,"enemies":"Lagavulin","floor":12.0,"turns":6.0},{"damage":9.0,"enemies":"Jaw Worm","floor":14.0,"turns":5.0},{"damage":33.0,"enemies":"The Guardian","floor":16.0,"turns":12.0},{"damage":9.0,"enemies":"Chosen","floor":18.0,"turns":5.0},{"damage":11.0,"enemies":"2 Thieves","floor":22.0,"turns":4.0},{"damage":85.0,"enemies":"Gremlin Leader","floor":24.0,"turns":14.0},{"damage":6.0,"enemies":"Snake Plant","floor":25.0,"turns":8.0},{"damage":28.0,"enemies":"Chosen and Byrds","floor":28.0,"turns":8.0},{"damage":30.0,"enemies":"Slavers","floor":30.0,"turns":5.0},{"damage":20.0,"enemies":"Champ","floor":33.0,"turns":10.0},{"damage":14.0,"enemies":"3 Shapes","floor":35.0,"turns":11.0},{"damage":11.0,"enemies":"Mind Bloom Boss Battle","floor":36.0,"turns":8.0},{"damage":29.0,"enemies":"3 Darklings","floor":39.0,"turns":4.0},{"damage":15,"enemies":"Reptomancer","floor":41,"turns":7},{"damage":13,"enemies":"Sphere and 2 Shapes","floor":42,"turns":7},{"damage":19,"enemies":"Nemesis","floor":46,"turns":8},{"damage":24,"enemies":"Transient","floor":47,"turns":6},{"damage":139,"enemies":"Time Eater","floor":50,"turns":11},{"damage":75,"enemies":"Awakened One","floor":51,"turns":12}],"seed_played":"-998563796624296910","potions_obtained":[{"floor":1.0,"key":"Weak Potion"},{"floor":7.0,"key":"AttackPotion"},{"floor":16.0,"key":"SpeedPotion"},{"floor":25.0,"key":"GamblersBrew"},{"floor":28.0,"key":"Dexterity Potion"},{"floor":30.0,"key":"Strength Potion"},{"floor":41,"key":"Block Potion"},{"floor":47,"key":"EssenceOfSteel"}],"is_trial":false,"path_per_floor":["M","$","T","?","$","R","E","R","T","E","M","E","R","M","R","B",null,"M","$","?","?","M","R","E","M","T","R","M","R","E","?","R","B",null,"M","?","?","$","M","R","E","M","T","$","T","E","M","$","R","B","B",null],"character_chosen":"IRONCLAD","items_purchased":["Uppercut","Metallicize","Brimstone","Feel No Pain","Dark Shackles+1","Ghostly Armor+1","Reaper"],"campfire_rested":6,"item_purchase_floors":[2,19,38,38,38,44,48],"current_hp_per_floor":[74,74,74,74,74,74,75,75,75,75,75,78,78,79,79,56,82,79,79,79,79,78,94,15,19,19,48,34,65,49,49,83,73,107,107,130,130,130,130,130,121,114,114,114,114,118,113,113,134,55,50],"gold":33,"neow_bonus":"THREE_ENEMY_KILL","is_prod":false,"is_daily":false,"chose_seed":false,"campfire_upgraded":4,"win_rate":0,"timestamp":1553671717,"path_taken":["M","?","?","?","?","R","E","R","T","E","M","E","R","M","R","BOSS","M","$","?","?","?","R","E","M","T","R","M","R","E","?","R","BOSS","M","?","?","$","?","R","E","M","T","$","?","E","M","?","R","BOSS","BOSS"],"build_version":"2019-03-15","purchased_purges":2,"victory":true,"max_hp_per_floor":[75,75,75,75,75,75,75,75,75,75,75,82,82,86,86,90,90,90,90,90,90,94,94,94,98,98,98,106,106,114,114,114,118,118,126,130,130,130,130,130,130,130,130,130,130,132,134,134,134,134,134],"card_choices":[{"not_picked":["Sword Boomerang","Intimidate"],"picked":"Headbutt","floor":1.0},{"not_picked":["Rupture","Pommel Strike"],"picked":"Corruption","floor":7.0},{"not_picked":["Warcry+1","Flex+1"],"picked":"Disarm+1","floor":10.0},{"not_picked":["Flex+1","Inflame"],"picked":"Ghostly Armor+1","floor":11.0},{"not_picked":["Rage+1","Havoc+1"],"picked":"Feed","floor":12.0},{"not_picked":["Burning Pact+1","Body Slam"],"picked":"Pommel Strike","floor":14.0},{"not_picked":["Reaper","Dark Embrace"],"picked":"Exhume+1","floor":16.0},{"not_picked":["Wild Strike","Inflame"],"picked":"Metallicize","floor":18.0},{"not_picked":["Armaments+1","Corruption"],"picked":"Iron Wave","floor":23.0},{"not_picked":["Armaments+1","Sword Boomerang"],"picked":"Cleave","floor":24.0},{"not_picked":["Clash+1","Sword Boomerang"],"picked":"Demon Form","floor":27.0},{"not_picked":["Rampage","Sever Soul"],"picked":"Impervious+1","floor":30.0},{"not_picked":["Body Slam","Warcry+1"],"picked":"Iron Wave+1","floor":32.0},{"not_picked":["Juggernaut","Brutality"],"picked":"Reaper","floor":33.0},{"not_picked":["Rampage","Sword Boomerang","Headbutt"],"picked":"SKIP","floor":35.0},{"not_picked":["Iron Wave","Clash"],"picked":"Ghostly Armor+1","floor":36.0},{"not_picked":["Dropkick","Clash+1"],"picked":"Intimidate+1","floor":39.0},{"not_picked":["Clash+1","Flex+1"],"picked":"Immolate","floor":41},{"not_picked":["Uppercut","Headbutt"],"picked":"Shrug It Off+1","floor":42},{"not_picked":["Seeing Red+1","Pommel Strike","Wild Strike"],"picked":"Singing Bowl","floor":46},{"not_picked":["Body Slam","Second Wind+1","Headbutt"],"picked":"Singing Bowl","floor":47},{"not_picked":["Thunderclap","Clothesline"],"picked":"Sentinel+1","floor":49}],"player_experience":1362148,"relics_obtained":[{"floor":3.0,"key":"Matryoshka"},{"floor":7.0,"key":"Toxic Egg 2"},{"floor":9.0,"key":"Smiling Mask"},{"floor":9.0,"key":"Whetstone"},{"floor":10.0,"key":"Dream Catcher"},{"floor":12.0,"key":"Strawberry"},{"floor":24.0,"key":"Happy Flower"},{"floor":26.0,"key":"PreservedInsect"},{"floor":26.0,"key":"MawBank"},{"floor":30.0,"key":"Lantern"},{"floor":36.0,"key":"Charon\u0027s Ashes"},{"floor":41,"key":"Red Skull"},{"floor":43,"key":"Singing Bowl"},{"floor":45,"key":"Boot"},{"floor":46,"key":"Vajra"}],"event_choices":[{"damage_healed":0.0,"max_hp_gain":0.0,"max_hp_loss":0.0,"gold_gain":0.0,"event_name":"Living Wall","player_choice":"Grow","floor":4.0,"gold_loss":0.0,"damage_taken":0.0,"cards_upgraded":["Uppercut"]},{"damage_healed":0.0,"max_hp_gain":0.0,"max_hp_loss":0.0,"gold_gain":0.0,"event_name":"Addict","player_choice":"Obtained Relic","floor":20.0,"gold_loss":85.0,"damage_taken":0.0,"relics_obtained":["Ornamental Fan"]},{"damage_healed":0.0,"max_hp_gain":0.0,"max_hp_loss":0.0,"gold_gain":0.0,"event_name":"Back to Basics","player_choice":"Simplicity","floor":21.0,"gold_loss":0.0,"damage_taken":0.0,"cards_upgraded":["Strike_R","Strike_R","Defend_R","Defend_R","Defend_R","Defend_R"]},{"damage_healed":0.0,"max_hp_gain":0.0,"max_hp_loss":0.0,"gold_gain":0.0,"event_name":"Forgotten Altar","player_choice":"Smashed Altar","floor":31.0,"gold_loss":0.0,"damage_taken":0.0,"cards_obtained":["Decay"]},{"damage_healed":0.0,"max_hp_gain":0.0,"max_hp_loss":0.0,"gold_gain":0.0,"event_name":"MindBloom","player_choice":"Fight","floor":36.0,"gold_loss":0.0,"damage_taken":0.0},{"damage_healed":0.0,"max_hp_gain":0.0,"max_hp_loss":0.0,"gold_gain":0.0,"event_name":"FaceTrader","player_choice":"Trade","floor":37.0,"gold_loss":0.0,"damage_taken":0.0,"relics_obtained":["CultistMask"]}],"is_beta":true,"boss_relics":[{"not_picked":["Calling Bell","Empty Cage"],"picked":"Fusion Hammer"},{"not_picked":["Coffee Dripper","Mark of Pain"],"picked":"Lizard Tail"}],"items_purged_floors":[19,38],"is_endless":false,"potions_floor_spawned":[1,7,16,18,25,28,30,41,42,47],"ascension_level":20}