{"gold_per_floor":[115,133,63,75,94,94,119,119,172,172,187,187,187,362,362,466,466,452,452,452,452,338,338,367,367],"floor_reached":25,"playtime":1273,"items_purged":["Doubt"],"score":264,"play_id":"b6879b71-71ca-47d1-ad29-755f5c309d5e","local_time":"20190701002005","is_ascension_mode":true,"campfire_choices":[{"data":"Feed","floor":6.0,"key":"SMITH"},{"data":"Heavy Blade","floor":10.0,"key":"SMITH"},{"data":"Bash","floor":13.0,"key":"SMITH"},{"data":"Heavy Blade","floor":15.0,"key":"SMITH"},{"data":"Seeing Red","floor":23,"key":"SMITH"}],"neow_cost":"NONE","seed_source_timestamp":442302191360600,"circlet_count":0,"master_deck":["Strike_R","Strike_R","Strike_R","Strike_R","Strike_R","Defend_R","Defend_R","Defend_R","Defend_R","Bash+1","Reaper","Feed+1","Heavy Blade+1","Heavy Blade+1","Shrug It Off","Double Tap","Flex","RitualDagger","Seeing Red+1","Armaments"],"special_seed":0,"relics":["Burning Blood","Thread and Needle","Mercury Hourglass","Regal Pillow","Black Star","Dodecahedron","Frozen Egg 2","The Courier"],"potions_floor_usage":[24,24,25],"damage_taken":[{"damage":1.0,"enemies":"Cultist","floor":1.0,"turns":3.0},{"damage":0.0,"enemies":"Small Slimes","floor":2.0,"turns":3.0},{"damage":8.0,"enemies":"Jaw Worm","floor":4.0,"turns":5.0},{"damage":22.0,"enemies":"Blue Slaver","floor":5.0,"turns":6.0},{"damage":55.0,"enemies":"Lagavulin","floor":7.0,"turns":8.0},{"damage":9.0,"enemies":"Exordium Thugs","floor":11.0,"turns":4.0},{"damage":53,"enemies":"Slime Boss","floor":16,"turns":13},{"damage":19,"enemies":"2 Thieves","floor":18,"turns":4},{"damage":84,"enemies":"Gremlin Leader","floor":24,"turns":11},{"damage":24,"enemies":"Spheric Guardian","floor":25,"turns":5}],"seed_played":"-5436201173327506550","potions_obtained":[{"floor":4.0,"key":"Block Potion"},{"floor":16,"key":"Regen Potion"},{"floor":21,"key":"Fruit Juice"},{"floor":21,"key":"LiquidBronze"},{"floor":24,"key":"Weak Potion"}],"is_trial":false,"path_per_floor":["M","M","$","M","M","R","E","T","T","R","M","?","R","?","R","B",null,"M","?","T","?","$","R","E","M"],"character_chosen":"IRONCLAD","items_purchased":["Reaper","Seeing Red"],"campfire_rested":0,"item_purchase_floors":[3,22],"current_hp_per_floor":[88,88,88,86,77,77,28,28,28,28,33,63,63,63,63,26,95,82,76,76,76,76,76,27,15],"gold":367,"neow_bonus":"TEN_PERCENT_HP_BONUS","is_prod":false,"is_daily":false,"chose_seed":false,"campfire_upgraded":5,"win_rate":0,"timestamp":1561958405,"path_taken":["M","?","$","M","M","R","E","?","T","R","M","?","R","?","R","BOSS","M","?","?","?","$","R","E","M"],"build_version":"2019-01-23","purchased_purges":1,"victory":false,"max_hp_per_floor":[88,88,88,88,91,91,91,91,91,91,91,91,91,91,91,95,95,95,95,95,95,95,95,104,104],"card_choices":[{"not_picked":["Sword Boomerang","Twin Strike","Second Wind"],"picked":"SKIP","floor":1.0},{"not_picked":["Headbutt","Flex","Warcry"],"picked":"SKIP","floor":2.0},{"not_picked":["Dual Wield","Blood for Blood"],"picked":"Feed","floor":4.0},{"not_picked":["Iron Wave","True Grit"],"picked":"Heavy Blade","floor":5.0},{"not_picked":["Sword Boomerang","Headbutt"],"picked":"Heavy Blade","floor":7.0},{"not_picked":["Combust","Perfected Strike"],"picked":"Shrug It Off","floor":11.0},{"not_picked":["Dark Embrace","Reaper"],"picked":"Double Tap","floor":16},{"not_picked":["Havoc","Flame Barrier"],"picked":"Flex","floor":18},{"not_picked":["Sentinel","Power Through"],"picked":"Armaments","floor":24}],"player_experience":349500,"relics_obtained":[{"floor":7.0,"key":"Thread and Needle"},{"floor":8.0,"key":"Mercury Hourglass"},{"floor":9.0,"key":"Regal Pillow"},{"floor":20,"key":"Dodecahedron"},{"floor":24,"key":"Frozen Egg 2"},{"floor":24,"key":"The Courier"}],"event_choices":[{"damage_healed":30.0,"max_hp_gain":0.0,"max_hp_loss":0.0,"gold_gain":0.0,"event_name":"Big Fish","player_choice":"Banana","floor":12.0,"gold_loss":0.0,"damage_taken":0.0},{"damage_healed":0.0,"max_hp_gain":0.0,"max_hp_loss":0.0,"gold_gain":175.0,"event_name":"Liars Game","player_choice":"AGREE","floor":14.0,"gold_loss":0.0,"damage_taken":0.0,"cards_obtained":["Doubt"]},{"damage_healed":0,"gold_gain":0,"player_choice":"Joined the Cult","damage_taken":6,"max_hp_gain":0,"max_hp_loss":0,"event_name":"Nest","floor":19,"gold_loss":0,"cards_obtained":["RitualDagger"]},{"damage_healed":0,"gold_gain":0,"player_choice":"Got Potions","damage_taken":0,"max_hp_gain":0,"max_hp_loss":0,"event_name":"Lab","floor":21,"gold_loss":0}],"is_beta":false,"boss_relics":[{"not_picked":["Pandora\u0027s Box","Astrolabe"],"picked":"Black Star"}],"items_purged_floors":[22],"is_endless":false,"potions_floor_spawned":[4,16,24],"killed_by":"Spheric Guardian","ascension_level":2}