{"gold_per_floor":[114,131,131,141,161,161,173,173,173,173,7,19,82,111,111,185,185,202,202,252,263,263,263,279,279,302,317,16,30,30,30],"floor_reached":31,"playtime":1201,"items_purged":[],"score":474,"play_id":"a16589fd-93a1-44e5-ac8b-d3c601c95d7e","local_time":"20181224171229","is_ascension_mode":true,"campfire_choices":[{"data":"Streamline","floor":6,"key":"SMITH"},{"data":"Chill","floor":8,"key":"SMITH"},{"data":"Ball Lightning","floor":10,"key":"SMITH"},{"data":"Defragment","floor":15,"key":"SMITH"},{"data":"Reinforced Body","floor":23,"key":"SMITH"},{"floor":25,"key":"REST"}],"neow_cost":"NONE","seed_source_timestamp":1187810460838048,"circlet_count":0,"master_deck":["AscendersBane","Strike_B","Strike_B","Strike_B","Defend_B","Defend_B","Defend_B","Defend_B","Zap","Dualcast","Chill+1","Streamline+1","Leap","Ball Lightning+1","Skim","Defragment+1","Hello World","Steam","Biased Cognition","Cold Snap+1","Melter+1","Amplify","Turbo","Glacier","Reinforced Body+1","Loop","Leap+1","Conserve Battery","Conserve Battery","Conserve Battery","Creative AI"],"relics":["Runic Dome","The Courier","Molten Egg 2","Symbiotic Virus","Snecko Eye","Orichalcum","ClockworkSouvenir"],"potions_floor_usage":[14,29],"damage_taken":[{"damage":3,"enemies":"2 Louse","floor":1,"turns":3},{"damage":1,"enemies":"Cultist","floor":2,"turns":4},{"damage":2,"enemies":"Small Slimes","floor":4,"turns":4},{"damage":10,"enemies":"Exordium Thugs","floor":5,"turns":6},{"damage":13,"enemies":"Large Slime","floor":7,"turns":5},{"damage":8,"enemies":"Red Slaver","floor":12,"turns":4},{"damage":3,"enemies":"3 Sentries","floor":13,"turns":7},{"damage":6,"enemies":"Gremlin Nob","floor":14,"turns":4},{"damage":6,"enemies":"The Guardian","floor":16,"turns":7},{"damage":0,"enemies":"2 Thieves","floor":18,"turns":4},{"damage":4,"enemies":"3 Byrds","floor":21,"turns":4},{"damage":23,"enemies":"Cultist and Chosen","floor":24,"turns":9},{"damage":13,"enemies":"Centurion and Healer","floor":27,"turns":7},{"damage":2,"enemies":"3 Cultists","floor":29,"turns":5},{"damage":36,"enemies":"Gremlin Leader","floor":31,"turns":4}],"seed_played":"-2163353462141976894","potions_obtained":[{"floor":2,"key":"FearPotion"},{"floor":7,"key":"Explosive Potion"},{"floor":16,"key":"Poison Potion"}],"is_trial":false,"path_per_floor":["M","M","?","M","M","R","M","R","T","R","$","M","?","E","R","B",null,"M","?","?","M","?","R","M","R","T","M","$","M","?","E"],"character_chosen":"DEFECT","items_purchased":["Defragment","Hello World","Steam","ClockworkSouvenir","Conserve Battery","Conserve Battery","Conserve Battery"],"campfire_rested":1,"item_purchase_floors":[11,11,11,28,28,28,28],"current_hp_per_floor":[61,60,60,58,48,48,35,35,35,35,35,27,24,18,18,12,56,56,56,56,52,52,52,29,50,50,37,37,35,35,0],"gold":30,"neow_bonus":"BOSS_RELIC","is_prod":false,"is_daily":false,"chose_seed":false,"campfire_upgraded":5,"win_rate":0,"timestamp":1545700349,"path_taken":["M","M","?","M","?","R","M","R","T","R","$","M","?","E","R","BOSS","M","?","?","M","?","R","?","R","T","M","$","M","?","E"],"build_version":"2018-12-20","purchased_purges":0,"victory":false,"max_hp_per_floor":[71,71,71,71,71,71,71,71,71,71,71,71,71,71,71,71,71,71,71,71,71,71,71,71,71,71,71,71,71,71,71],"card_choices":[{"not_picked":["Turbo","Fusion"],"picked":"Chill","floor":1},{"not_picked":["Self Repair","Compile Driver"],"picked":"Streamline","floor":2},{"not_picked":["Steam","Compile Driver"],"picked":"Leap","floor":4},{"not_picked":["Go for the Eyes","Redo"],"picked":"Ball Lightning","floor":5},{"not_picked":["Scrape","Rebound"],"picked":"Skim","floor":7},{"not_picked":["Self Repair","Steam"],"picked":"Biased Cognition","floor":12},{"not_picked":["Rebound","Lockon"],"picked":"Cold Snap","floor":13},{"not_picked":["Turbo","Machine Learning"],"picked":"Melter+1","floor":14},{"not_picked":["Biased Cognition","Fission"],"picked":"Amplify","floor":16},{"not_picked":["Ball Lightning+1","Beam Cell+1"],"picked":"Turbo","floor":18},{"not_picked":["Chaos","Cold Snap+1"],"picked":"Reinforced Body","floor":21},{"not_picked":["Leap","Scrape+1"],"picked":"Loop","floor":24},{"not_picked":["Cold Snap+1","Steam"],"picked":"Leap+1","floor":27},{"not_picked":["Hologram","Go for the Eyes+1"],"picked":"Creative AI","floor":29}],"player_experience":996632,"relics_obtained":[{"floor":9,"key":"The Courier"},{"floor":13,"key":"Molten Egg 2"},{"floor":14,"key":"Symbiotic Virus"},{"floor":26,"key":"Orichalcum"}],"event_choices":[{"cards_removed":["Strike_B"],"damage_healed":0,"gold_gain":0,"player_choice":"Purged","damage_taken":0,"max_hp_gain":0,"max_hp_loss":0,"event_name":"Purifier","floor":3,"gold_loss":0},{"damage_healed":0,"gold_gain":0,"player_choice":"Searched \u00271\u0027 times","damage_taken":0,"max_hp_gain":0,"max_hp_loss":0,"event_name":"Dead Adventurer","floor":13,"gold_loss":0},{"damage_healed":0,"gold_gain":0,"player_choice":"Read","damage_taken":0,"max_hp_gain":0,"max_hp_loss":0,"event_name":"The Library","floor":19,"gold_loss":0,"cards_obtained":["Glacier"]},{"damage_healed":0,"gold_gain":50,"player_choice":"Stole From Cult","damage_taken":0,"max_hp_gain":0,"max_hp_loss":0,"event_name":"Nest","floor":20,"gold_loss":0},{"damage_healed":0,"gold_gain":0,"player_choice":"Ignored","damage_taken":0,"max_hp_gain":0,"max_hp_loss":0,"event_name":"N\u0027loth","floor":22,"gold_loss":0},{"damage_healed":0,"gold_gain":0,"player_choice":"Ignored","damage_taken":0,"max_hp_gain":0,"max_hp_loss":0,"event_name":"Ghosts","floor":30,"gold_loss":0}],"is_beta":true,"boss_relics":[{"not_picked":["Velvet Choker","Tiny House"],"picked":"Snecko Eye"}],"items_purged_floors":[],"is_endless":false,"potions_floor_spawned":[2,7,13,16,24],"killed_by":"Gremlin Leader","ascension_level":20}