{"gold_per_floor":[111,32,44,44,62,62,87,87,87,104,54,54,65,154,154,164,164,175,100,24,24,34,34,46,46,46,0,0,13,13,47,47,144,144,161,161,180,87,87,87,112,112,137,137,164,182,29,54,54,54],"floor_reached":50,"playtime":1863,"items_purged":[],"score":942,"play_id":"32474563-0b89-4cc5-a9d8-931f32ae4f8a","local_time":"20180704145202","is_ascension_mode":true,"campfire_choices":[{"data":"Coolheaded","floor":6.0,"key":"SMITH"},{"data":"Redo","floor":8.0,"key":"SMITH"},{"data":"Self Repair","floor":12.0,"key":"SMITH"},{"floor":15.0,"key":"REST"},{"data":"Hologram","floor":23.0,"key":"SMITH"},{"data":"Defragment","floor":28.0,"key":"SMITH"},{"data":"Meteor Strike","floor":30.0,"key":"SMITH"},{"data":"Darkness","floor":32.0,"key":"SMITH"},{"floor":40.0,"key":"REST"},{"floor":42.0,"key":"REST"},{"floor":44.0,"key":"REST"},{"floor":49.0,"key":"REST"}],"neow_cost":"","seed_source_timestamp":119935295729150,"circlet_count":0,"master_deck":["Strike_B+1","Strike_B+1","Strike_B+1","Defend_B+1","Defend_B+1","Defend_B+1","Zap","Dualcast","AscendersBane","Coolheaded+1","Self Repair+1","Redo+1","Meteor Strike+1","Sunder+1","Sunder+1","Darkness+1","Reinforced Body","Hologram+1","Defragment+1","Beam Cell+1","Stack","Stack","Loop","Echo Form","FTL+1","Undo","Sunder+1","Loop","Hologram","Leap","Redo","Gash+1","Loop"],"special_seed":0,"relics":["Nuclear Battery","Bottled Tornado","Molten Egg 2","Symbiotic Virus","Inserter","Cables","Letter Opener","Lizard Tail","Mango","Vajra","Unceasing Top","Regal Pillow","Dead Branch"],"potions_floor_usage":[50,50],"damage_taken":[{"damage":10.0,"enemies":"Small Slimes","floor":1.0,"turns":4.0},{"damage":2.0,"enemies":"Jaw Worm","floor":3.0,"turns":4.0},{"damage":3.0,"enemies":"2 Louse","floor":5.0,"turns":3.0},{"damage":32.0,"enemies":"3 Sentries","floor":7.0,"turns":9.0},{"damage":12.0,"enemies":"2 Fungi Beasts","floor":10.0,"turns":4.0},{"damage":15.0,"enemies":"3 Louse","floor":13.0,"turns":3.0},{"damage":14.0,"enemies":"Red Slaver","floor":14.0,"turns":2.0},{"damage":32.0,"enemies":"The Guardian","floor":16.0,"turns":6.0},{"damage":26.0,"enemies":"2 Thieves","floor":18.0,"turns":3.0},{"damage":10.0,"enemies":"Shell Parasite","floor":22.0,"turns":5.0},{"damage":7.0,"enemies":"3 Cultists","floor":24.0,"turns":6.0},{"damage":7.0,"enemies":"Sentry and Sphere","floor":29.0,"turns":5.0},{"damage":14.0,"enemies":"Book of Stabbing","floor":31.0,"turns":5.0},{"damage":40.0,"enemies":"Champ","floor":33.0,"turns":9.0},{"damage":9.0,"enemies":"Orb Walker","floor":35.0,"turns":4.0},{"damage":63.0,"enemies":"3 Darklings","floor":37.0,"turns":7.0},{"damage":87.0,"enemies":"Giant Head","floor":41.0,"turns":8.0},{"damage":65.0,"enemies":"2 Orb Walkers","floor":45.0,"turns":5.0},{"damage":6.0,"enemies":"Flame Bruiser 2 Orb","floor":46.0,"turns":4.0},{"damage":15.0,"enemies":"Giant Head","floor":48.0,"turns":8.0},{"damage":60,"enemies":"Time Eater","floor":50,"turns":4}],"seed_played":"-9202926411879670336","potions_obtained":[{"floor":5.0,"key":"SpeedPotion"},{"floor":7.0,"key":"FocusPotion"},{"floor":13.0,"key":"Regen Potion"},{"floor":14.0,"key":"Fire Potion"},{"floor":18.0,"key":"Block Potion"},{"floor":33.0,"key":"AttackPotion"},{"floor":41.0,"key":"FearPotion"},{"floor":46.0,"key":"Weak Potion"},{"floor":48.0,"key":"SneckoOil"}],"is_trial":false,"path_per_floor":["M","$","M","?","M","R","E","R","T","M","?","R","M","T","R","B",null,"M","?","$","?","M","R","M","?","T","$","R","M","R","E","R","B",null,"M","?","M","$","?","R","E","R","T","R","E","M","$","E","R"],"character_chosen":"DEFECT","items_purchased":["Self Repair","Reinforced Body","Stack","Loop","Hologram","Regal Pillow"],"campfire_rested":5,"item_purchase_floors":[],"current_hp_per_floor":[58,58,63,68,72,72,47,47,47,42,42,42,37,33,57,35,69,43,43,43,43,43,43,58,58,58,58,58,61,61,57,57,27,67,68,68,15,15,15,39,27,55,55,83,18,22,22,17,60,0],"gold":54,"neow_bonus":"","is_prod":false,"is_daily":false,"chose_seed":false,"campfire_upgraded":7,"win_rate":0,"timestamp":1530741122,"path_taken":["M","$","M","?","M","R","E","R","T","M","?","R","M","?","R","BOSS","M","?","$","?","M","R","M","?","T","$","R","M","R","E","R","BOSS","M","?","M","$","?","R","E","R","T","R","E","M","$","E","R","BOSS"],"build_version":"2018-07-03","purchased_purges":0,"victory":false,"max_hp_per_floor":[75,75,75,80,80,80,80,80,80,80,80,80,80,80,80,80,80,80,80,80,80,80,80,80,80,80,80,80,80,80,80,80,80,80,80,80,80,80,80,80,94,94,94,94,94,94,94,94,94,94],"card_choices":[{"not_picked":["Rebound","Stack"],"picked":"Coolheaded","floor":1.0},{"not_picked":["Consume","Chaos","Static Discharge"],"picked":"SKIP","floor":3.0},{"not_picked":["Leap","Static Discharge"],"picked":"Redo","floor":5.0},{"not_picked":["Turbo","Stack"],"picked":"Meteor Strike","floor":7.0},{"not_picked":["Rebound+1","Loop"],"picked":"Sunder+1","floor":10.0},{"not_picked":["Gash+1","Ball Lightning+1"],"picked":"Sunder+1","floor":13.0},{"not_picked":["Coolheaded","Double Energy"],"picked":"Darkness","floor":18.0},{"not_picked":["Ball Lightning+1","Storm"],"picked":"Hologram","floor":22.0},{"not_picked":["Cold Snap+1","Scrape+1"],"picked":"Defragment","floor":24.0},{"not_picked":["Fusion","Defragment"],"picked":"Stack","floor":29.0},{"not_picked":["Compile Driver+1","Tempest"],"picked":"Loop","floor":31.0},{"not_picked":["Thunder Strike+1","All For One+1"],"picked":"Echo Form","floor":33.0},{"not_picked":["Go for the Eyes+1","Gash+1"],"picked":"FTL+1","floor":35.0},{"not_picked":["Leap","Hologram"],"picked":"Sunder+1","floor":37.0},{"not_picked":["Rebound+1","Cold Snap+1"],"picked":"Leap","floor":41.0},{"not_picked":["Reprogram+1","Sunder+1"],"picked":"Redo","floor":45.0},{"not_picked":["Doom and Gloom+1","Skim"],"picked":"Gash+1","floor":46.0},{"not_picked":["Doom and Gloom+1","Electrodynamics"],"picked":"Loop","floor":48.0}],"player_experience":492359,"relics_obtained":[{"floor":7.0,"key":"Bottled Tornado"},{"floor":9.0,"key":"Molten Egg 2"},{"floor":14.0,"key":"Symbiotic Virus"},{"floor":26.0,"key":"Cables"},{"floor":31.0,"key":"Letter Opener"},{"floor":41.0,"key":"Mango"},{"floor":43.0,"key":"Vajra"},{"floor":45.0,"key":"Unceasing Top"},{"floor":48.0,"key":"Dead Branch"}],"event_choices":[{"event_name":"Big Fish","player_choice":"Donut","floor":4.0,"damage_taken":0.0},{"event_name":"The Cleric","player_choice":"Card Removal","floor":11.0,"damage_taken":0.0},{"event_name":"Beggar","player_choice":"Gave Gold","floor":19.0,"damage_taken":0.0},{"event_name":"Back to Basics","player_choice":"Simplicity","floor":21.0,"damage_taken":0.0},{"event_name":"The Library","player_choice":"Read","floor":25.0,"damage_taken":0.0},{"event_name":"Match and Keep!","player_choice":"1 cards matched","floor":36.0,"damage_taken":0.0},{"event_name":"Mysterious Sphere","player_choice":"Ignore","floor":39.0,"damage_taken":0.0}],"boss_relics":[{"not_picked":["Runic Dome","Busted Crown"],"picked":"Inserter"},{"not_picked":["Velvet Choker","Eternal Feather"],"picked":"Lizard Tail"}],"items_purged_floors":[],"is_endless":false,"potions_floor_spawned":[5,7,13,14,18,22,33,41,46,48],"killed_by":"Time Eater","ascension_level":12}