{"gold_per_floor":[114,114,129,129,144,144,174,174,174,174,189,189,39,0,0,100,100,115,115,130,130,145,145,175,175,200,215,215,65,80,95,95,95],"floor_reached":33,"playtime":5849,"items_purged":[],"score":389,"play_id":"7baa8fae-7853-4407-92fa-8a2630697196","local_time":"20190715231053","daily_mods":["Insanity","Colorless Cards","Terminal"],"is_ascension_mode":false,"campfire_choices":[{"data":"Jack Of All Trades","floor":6,"key":"SMITH"},{"data":"Noxious Fumes","floor":15,"key":"SMITH"},{"data":"Terror","floor":23,"key":"SMITH"},{"floor":28,"key":"REST"},{"floor":32,"key":"REST"}],"neow_cost":"","seed_source_timestamp":0,"circlet_count":0,"master_deck":["Outmaneuver","Dodge and Roll","Slice","Infinite Blades","Dagger Throw","Dodge and Roll","Cloak And Dagger","Bane","Underhanded Strike","Deadly Poison","Deadly Poison","Dagger Spray","Prepared","Prepared","Cloak And Dagger","Dagger Spray","Sucker Punch","Flying Knee+1","Finisher","Sucker Punch","Discovery+1","All Out Attack","Dagger Spray","Finisher","Quick Slash","Sucker Punch","Dagger Spray","Finesse","Jack Of All Trades+1","Cloak And Dagger","PiercingWail","Prepared","Outmaneuver","Heel Hook","Sucker Punch","Dodge and Roll","Flechettes","Flechettes","Deflect","Escape Plan","Acrobatics","Blade Dance","Noxious Fumes+1","Blade Dance","Tactician","Blade Dance+1","Bane+1","Deflect+1","Blade Dance","Backflip","Concentrate","Enlightenment","Corpse Explosion","Thinking Ahead","Terror+1","Dagger Spray+1","Calculated Gamble","Footwork"],"special_seed":18092,"relics":["Ring of the Snake","Ginger","Pear","Spirit Poop","Omamori","Black Star","WarpedTongs","Anchor","War Paint","Bag of Marbles","Whetstone"],"potions_floor_usage":[16,22,24,24,30,33],"damage_taken":[{"damage":0,"enemies":"Cultist","floor":1,"turns":1},{"damage":0,"enemies":"Small Slimes","floor":3,"turns":2},{"damage":0,"enemies":"Jaw Worm","floor":5,"turns":3},{"damage":3,"enemies":"3 Sentries","floor":7,"turns":5},{"damage":0,"enemies":"Lots of Slimes","floor":11,"turns":2},{"damage":4,"enemies":"Slime Boss","floor":16,"turns":8},{"damage":0,"enemies":"3 Byrds","floor":18,"turns":4},{"damage":0,"enemies":"Shell Parasite","floor":20,"turns":4},{"damage":0,"enemies":"3 Cultists","floor":22,"turns":6},{"damage":43,"enemies":"Gremlin Leader","floor":24,"turns":7},{"damage":0,"enemies":"Cultist and Chosen","floor":27,"turns":3},{"damage":4,"enemies":"Snake Plant","floor":30,"turns":4},{"damage":9,"enemies":"3 Cultists","floor":31,"turns":5},{"damage":39,"enemies":"Champ","floor":33,"turns":9}],"seed_played":"-2632603489159351887","potions_obtained":[{"floor":5,"key":"Fire Potion"},{"floor":7,"key":"Block Potion"},{"floor":16,"key":"GamblersBrew"},{"floor":18,"key":"EssenceOfSteel"},{"floor":27,"key":"Energy Potion"},{"floor":30,"key":"Dexterity Potion"}],"is_trial":false,"path_per_floor":["M","$","M","$","M","R","E","?","T","?","M","?","$","?","R","B",null,"M","?","M","?","M","R","E","?","T","M","R","$","M","M","R","B"],"character_chosen":"THE_SILENT","items_purchased":["Omamori","Whetstone"],"campfire_rested":2,"item_purchase_floors":[13,29],"current_hp_per_floor":[68,67,66,65,64,63,60,60,70,69,68,67,66,65,64,60,62,61,60,59,58,57,56,13,13,13,13,28,28,24,15,29,0],"gold":95,"neow_bonus":"","is_prod":false,"is_daily":true,"chose_seed":false,"campfire_upgraded":3,"win_rate":0,"timestamp":1563225053,"path_taken":["M","?","M","$","?","R","E","?","T","?","?","?","?","?","R","BOSS","M","?","?","?","?","R","E","?","T","M","R","?","M","M","R","BOSS"],"build_version":"2019-07-05","purchased_purges":0,"victory":false,"max_hp_per_floor":[68,67,66,65,64,63,62,61,70,69,68,67,66,65,64,63,62,61,60,59,58,57,56,55,54,53,52,51,50,49,48,47,47],"card_choices":[{"not_picked":["Crippling Poison","Dash"],"picked":"Concentrate","floor":1},{"not_picked":["Acrobatics","Cloak And Dagger"],"picked":"Enlightenment","floor":3},{"not_picked":["Blade Dance","Dodge and Roll","Dagger Throw"],"picked":"SKIP","floor":5},{"not_picked":["Poisoned Stab","HandOfGreed"],"picked":"Corpse Explosion","floor":7},{"not_picked":["Dagger Spray","Flying Knee","Dodge and Roll"],"picked":"SKIP","floor":11},{"not_picked":["Malaise","Secret Technique"],"picked":"Thinking Ahead","floor":16},{"not_picked":["Flechettes","Outmaneuver+1","Underhanded Strike"],"picked":"SKIP","floor":18},{"not_picked":["Underhanded Strike","Blade Dance","Dash"],"picked":"SKIP","floor":20},{"not_picked":["Eviscerate","Heel Hook"],"picked":"Terror","floor":22},{"not_picked":["Choke","Concentrate"],"picked":"Dagger Spray+1","floor":24},{"not_picked":["Tactician","Quick Slash"],"picked":"Calculated Gamble","floor":27},{"not_picked":["Choke","Dodge and Roll"],"picked":"Footwork","floor":30},{"not_picked":["Crippling Poison","PanicButton","Distraction"],"picked":"SKIP","floor":31}],"player_experience":405303,"relics_obtained":[{"floor":7,"key":"Ginger"},{"floor":9,"key":"Pear"},{"floor":24,"key":"Anchor"},{"floor":24,"key":"War Paint"},{"floor":26,"key":"Bag of Marbles"}],"event_choices":[{"damage_healed":0,"gold_gain":0,"player_choice":"Ignored","damage_taken":0,"max_hp_gain":0,"max_hp_loss":0,"event_name":"Shining Light","floor":8,"gold_loss":0},{"damage_healed":0,"gold_gain":0,"player_choice":"1 cards matched","damage_taken":0,"max_hp_gain":0,"max_hp_loss":0,"event_name":"Match and Keep!","floor":10,"gold_loss":0,"cards_obtained":["Normality"]},{"cards_removed":["Normality"],"damage_healed":0,"gold_gain":0,"player_choice":"Offered Curse","damage_taken":0,"relics_obtained":["Spirit Poop"],"max_hp_gain":0,"max_hp_loss":0,"event_name":"Bonfire Elementals","floor":12,"gold_loss":0},{"damage_healed":0,"gold_gain":0,"player_choice":"Left Gold","damage_taken":0,"max_hp_gain":0,"max_hp_loss":0,"event_name":"World of Goop","floor":14,"gold_loss":39},{"damage_healed":0,"gold_gain":0,"player_choice":"Upgraded","damage_taken":0,"max_hp_gain":0,"max_hp_loss":0,"event_name":"Upgrade Shrine","floor":19,"gold_loss":0,"cards_upgraded":["Discovery"]},{"damage_healed":0,"gold_gain":0,"player_choice":"Rummage","damage_taken":0,"relics_obtained":["WarpedTongs"],"max_hp_gain":0,"max_hp_loss":0,"event_name":"Accursed Blacksmith","floor":21,"gold_loss":0,"cards_obtained":["Pain"]},{"damage_healed":0,"gold_gain":0,"player_choice":"Ignored","damage_taken":0,"max_hp_gain":0,"max_hp_loss":0,"event_name":"Duplicator","floor":25,"gold_loss":0}],"is_beta":false,"boss_relics":[{"not_picked":["Tiny House","HoveringKite"],"picked":"Black Star"}],"items_purged_floors":[],"is_endless":false,"potions_floor_spawned":[5,7,16,18,27,30],"killed_by":"Champ","ascension_level":0}