{"gold_per_floor":[119,119,119,137,148,176,176,192,192,204,204,231,254,284,284,382,382,395,409,441,18,36,36,36,53,53,71,104,204,204,233,233,330,330,340,356,256,269,322,354,374,129,154,188,188,222,222,222,222,222,222,222,12,38,38],"floor_reached":55,"playtime":5120,"items_purged":["Strike_B","Strike_B","Strike_B"],"score":867,"play_id":"7b36e18c-0f6d-4120-ad14-9b9f676e4636","local_time":"20190714232509","is_ascension_mode":true,"campfire_choices":[{"data":"Coolheaded","floor":7.0,"key":"SMITH"},{"data":"Go for the Eyes","floor":11.0,"key":"SMITH"},{"floor":15.0,"key":"REST"},{"data":"Fusion","floor":23.0,"key":"SMITH"},{"data":"Fusion","floor":24.0,"key":"SMITH"},{"data":"Dualcast","floor":30.0,"key":"SMITH"},{"data":"Sunder","floor":32.0,"key":"SMITH"},{"floor":45,"key":"DIG"},{"floor":47,"key":"DIG"},{"floor":49,"key":"RECALL"},{"floor":52,"key":"DIG"}],"neow_cost":"NONE","seed_source_timestamp":119490808478000,"circlet_count":0,"master_deck":["Defend_B+1","Defend_B","Defend_B","Defend_B+1","Zap","Dualcast+1","Go for the Eyes","Go for the Eyes+1","Coolheaded+1","Sweeping Beam","Beam Cell","Fusion+1","Fusion+1","All For One","Machine Learning","Beam Cell","Skim+1","Leap","Sunder+1","Compile Driver","Hologram","Echo Form","Compile Driver","Gash","Gash+1","Coolheaded","Skim+1","BootSequence","Hologram+1","All For One","Stack","Gash"],"special_seed":0,"relics":["Philosopher\u0027s Stone","Mercury Hourglass","Centennial Puzzle","Odd Mushroom","Bag of Preparation","Eternal Feather","Red Mask","WingedGreaves","Sundial","Oddly Smooth Stone","War Paint","Orrery","Pocketwatch","Shovel","Pen Nib","Vajra","Frozen Egg 2","Smiling Mask","Shuriken","OrangePellets","Blood Vial"],"potions_floor_usage":[33,33,33,36,39,46,50,55,55],"damage_taken":[{"damage":10.0,"enemies":"Small Slimes","floor":1.0,"turns":3.0},{"damage":3.0,"enemies":"Jaw Worm","floor":4.0,"turns":3.0},{"damage":6.0,"enemies":"2 Louse","floor":5.0,"turns":3.0},{"damage":37.0,"enemies":"Gremlin Nob","floor":6.0,"turns":6.0},{"damage":0.0,"enemies":"Lots of Slimes","floor":8.0,"turns":1.0},{"damage":2.0,"enemies":"Gremlin Gang","floor":10.0,"turns":3.0},{"damage":9.0,"enemies":"3 Sentries","floor":12.0,"turns":5.0},{"damage":0.0,"enemies":"The Mushroom Lair","floor":13.0,"turns":2.0},{"damage":7.0,"enemies":"Gremlin Nob","floor":14.0,"turns":3.0},{"damage":24.0,"enemies":"Hexaghost","floor":16.0,"turns":9.0},{"damage":19.0,"enemies":"Spheric Guardian","floor":18.0,"turns":4.0},{"damage":7.0,"enemies":"Chosen","floor":19.0,"turns":4.0},{"damage":10.0,"enemies":"Masked Bandits","floor":20.0,"turns":3.0},{"damage":17.0,"enemies":"Sentry and Sphere","floor":22.0,"turns":5.0},{"damage":15.0,"enemies":"Snake Plant","floor":25.0,"turns":6.0},{"damage":7.0,"enemies":"3 Cultists","floor":27.0,"turns":3.0},{"damage":16.0,"enemies":"Slavers","floor":28.0,"turns":5.0},{"damage":2.0,"enemies":"Gremlin Leader","floor":31.0,"turns":5.0},{"damage":34,"enemies":"Automaton","floor":33,"turns":8},{"damage":1,"enemies":"3 Shapes","floor":35,"turns":5},{"damage":7,"enemies":"3 Darklings","floor":36,"turns":3},{"damage":0,"enemies":"Jaw Worm Horde","floor":38,"turns":3},{"damage":29,"enemies":"2 Orb Walkers","floor":39,"turns":4},{"damage":3,"enemies":"Reptomancer","floor":40,"turns":6},{"damage":12,"enemies":"Maw","floor":41,"turns":6},{"damage":0,"enemies":"Giant Head","floor":44,"turns":6},{"damage":25,"enemies":"Reptomancer","floor":46,"turns":5},{"damage":30,"enemies":"Awakened One","floor":50,"turns":8},{"damage":21,"enemies":"Shield and Spear","floor":54,"turns":4},{"damage":78,"enemies":"The Heart","floor":55,"turns":5}],"seed_played":"5189963249180922983","potions_obtained":[{"floor":1.0,"key":"Explosive Potion"},{"floor":8.0,"key":"Dexterity Potion"},{"floor":10.0,"key":"FocusPotion"},{"floor":12.0,"key":"EssenceOfSteel"},{"floor":13.0,"key":"GamblersBrew"},{"floor":18.0,"key":"FocusPotion"},{"floor":20.0,"key":"GamblersBrew"},{"floor":27.0,"key":"Weak Potion"},{"floor":31.0,"key":"Poison Potion"},{"floor":33,"key":"SkillPotion"},{"floor":38,"key":"Block Potion"},{"floor":39,"key":"Poison Potion"},{"floor":41,"key":"FocusPotion"},{"floor":44,"key":"Fruit Juice"},{"floor":46,"key":"SkillPotion"}],"is_trial":false,"path_per_floor":["M","?","?","M","M","E","R","M","T","M","R","E","?","E","R","B",null,"M","M","?","$","M","R","R","M","T","M","E","?","R","E","R","B",null,"M","M","$","M","?","E","M","$","T","E","R","E","R","?","R","B",null,"R","$","E","B"],"character_chosen":"DEFECT","items_purchased":["WingedGreaves","Leap","LiquidBronze","Stack","OrangePellets"],"campfire_rested":1,"item_purchase_floors":[21,21,42,42,53],"current_hp_per_floor":[65,65,70,67,61,24,24,24,24,22,22,13,13,6,30,6,80,61,54,44,44,27,39,51,36,36,29,13,13,25,23,35,1,80,79,72,72,72,43,40,28,28,28,28,46,26,44,44,62,32,81,81,81,60,0],"gold":38,"neow_bonus":"BOSS_RELIC","is_prod":false,"is_daily":false,"chose_seed":false,"campfire_upgraded":6,"win_rate":0,"timestamp":1563164709,"path_taken":["M","?","?","M","M","E","R","M","T","M","R","E","?","E","R","BOSS","M","M","?","$","M","R","R","M","T","M","E","?","R","E","R","BOSS","M","?","$","?","?","E","M","$","T","E","R","E","R","?","R","BOSS","R","$","E","BOSS"],"build_version":"2019-07-05","purchased_purges":3,"victory":false,"max_hp_per_floor":[75,75,80,80,80,80,80,80,80,80,80,80,80,80,80,80,80,80,80,80,80,80,80,80,80,80,80,80,80,80,80,80,80,80,80,80,80,80,80,80,80,80,80,80,80,85,85,81,81,81,81,81,81,81,81],"card_choices":[{"not_picked":["Aggregate","Hologram"],"picked":"Go for the Eyes","floor":1.0},{"not_picked":["Reinforced Body","Melter"],"picked":"Go for the Eyes","floor":4.0},{"not_picked":["Turbo","Double Energy"],"picked":"Coolheaded","floor":5.0},{"not_picked":["Tempest","Skim"],"picked":"Sweeping Beam","floor":6.0},{"not_picked":["Skim","Conserve Battery"],"picked":"Beam Cell","floor":8.0},{"not_picked":["Ball Lightning","Recycle","Redo"],"picked":"SKIP","floor":10.0},{"not_picked":["Seek","Leap"],"picked":"Fusion","floor":12.0},{"not_picked":["Sweeping Beam","Aggregate"],"picked":"Fusion","floor":13.0},{"not_picked":["Go for the Eyes","Genetic Algorithm"],"picked":"All For One","floor":14.0},{"not_picked":["Electrodynamics","Biased Cognition"],"picked":"Machine Learning","floor":16.0},{"not_picked":["Capacitor","Conserve Battery+1"],"picked":"Beam Cell","floor":18.0},{"not_picked":["Scrape","Consume","Cold Snap"],"picked":"SKIP","floor":19.0},{"not_picked":["Leap","Coolheaded"],"picked":"Skim+1","floor":20.0},{"not_picked":["Blizzard","Cold Snap"],"picked":"Sunder","floor":22.0},{"not_picked":["Auto Shields+1","Go for the Eyes"],"picked":"Compile Driver","floor":25.0},{"not_picked":["Reboot","Steam","Cold Snap"],"picked":"SKIP","floor":27.0},{"not_picked":["Melter+1","Aggregate+1","Reinforced Body"],"picked":"SKIP","floor":28.0},{"not_picked":["Sweeping Beam","Leap+1"],"picked":"Hologram","floor":31.0},{"not_picked":["Biased Cognition","Creative AI"],"picked":"Echo Form","floor":33},{"not_picked":["Chaos+1","Sweeping Beam"],"picked":"Compile Driver","floor":34},{"not_picked":["Compile Driver","Redo"],"picked":"Gash","floor":34},{"not_picked":["Genetic Algorithm","Loop"],"picked":"Gash+1","floor":34},{"not_picked":["Blizzard","Conserve Battery"],"picked":"Coolheaded","floor":34},{"not_picked":["Consume+1","Sweeping Beam","Reprogram+1"],"picked":"SKIP","floor":35},{"not_picked":["Coolheaded","Doom and Gloom"],"picked":"Skim+1","floor":36},{"not_picked":["Go for the Eyes+1","Rebound+1"],"picked":"BootSequence","floor":38},{"not_picked":["Cold Snap+1","Redo+1"],"picked":"Hologram+1","floor":39},{"not_picked":["Heatsinks+1","Turbo"],"picked":"All For One","floor":40},{"not_picked":["Hologram","Coolheaded","Sunder+1"],"picked":"SKIP","floor":41},{"not_picked":["Chaos+1","Sweeping Beam+1","Sunder"],"picked":"SKIP","floor":44},{"not_picked":["Chill+1","Amplify"],"picked":"Gash","floor":46},{"not_picked":["Ball Lightning+1","Coolheaded","Capacitor+1"],"picked":"SKIP","floor":54}],"player_experience":373601,"relics_obtained":[{"floor":6.0,"key":"Mercury Hourglass"},{"floor":12.0,"key":"Centennial Puzzle"},{"floor":13.0,"key":"Odd Mushroom"},{"floor":14.0,"key":"Bag of Preparation"},{"floor":20.0,"key":"Red Mask"},{"floor":26.0,"key":"Sundial"},{"floor":28.0,"key":"Oddly Smooth Stone"},{"floor":31.0,"key":"War Paint"},{"floor":39,"key":"Pocketwatch"},{"floor":40,"key":"Shovel"},{"floor":43,"key":"Pen Nib"},{"floor":44,"key":"Vajra"},{"floor":45,"key":"Frozen Egg 2"},{"floor":46,"key":"Smiling Mask"},{"floor":52,"key":"Shuriken"},{"floor":54,"key":"Blood Vial"}],"event_choices":[{"cards_removed":["Strike_B"],"damage_healed":0.0,"max_hp_gain":0.0,"max_hp_loss":0.0,"gold_gain":0.0,"event_name":"Living Wall","player_choice":"Forget","floor":2.0,"gold_loss":0.0,"damage_taken":0.0},{"damage_healed":0.0,"max_hp_gain":5.0,"max_hp_loss":0.0,"gold_gain":0.0,"event_name":"Big Fish","player_choice":"Donut","floor":3.0,"gold_loss":0.0,"damage_taken":0.0},{"damage_healed":0.0,"max_hp_gain":0.0,"max_hp_loss":0.0,"gold_gain":0.0,"event_name":"Mushrooms","player_choice":"Fought Mushrooms","floor":13.0,"gold_loss":0.0,"damage_taken":0.0},{"damage_healed":0.0,"max_hp_gain":0.0,"max_hp_loss":0.0,"gold_gain":0.0,"event_name":"Masked Bandits","player_choice":"Fought Bandits","floor":20.0,"gold_loss":0.0,"damage_taken":0.0},{"damage_healed":0.0,"max_hp_gain":0.0,"max_hp_loss":0.0,"gold_gain":100.0,"event_name":"Golden Shrine","player_choice":"Pray","floor":29.0,"gold_loss":0.0,"damage_taken":0.0},{"damage_healed":0,"gold_gain":0,"player_choice":"Fight","damage_taken":0,"max_hp_gain":0,"max_hp_loss":0,"event_name":"Mysterious Sphere","floor":39,"gold_loss":0},{"damage_healed":0,"gold_gain":0,"player_choice":"Max HP","damage_taken":0,"max_hp_gain":0,"max_hp_loss":4,"event_name":"Winding Halls","floor":48,"gold_loss":0}],"is_beta":false,"boss_relics":[{"not_picked":["Cursed Key","Calling Bell"],"picked":"Eternal Feather"},{"not_picked":["Tiny House","Velvet Choker"],"picked":"Orrery"}],"items_purged_floors":[21,37,42],"is_endless":false,"potions_floor_spawned":[1,8,10,12,13,18,20,27,31,33,38,39,41,44,46],"killed_by":"The Heart","ascension_level":2}