{"gold_per_floor":[210,281,301,321,77,104,104,134,134,134,146,165,182,196,196,292,292,305,305,61,61,50,50],"floor_reached":23,"playtime":1240,"items_purged":["Strike_R","Strike_R"],"score":203,"play_id":"31bc5d53-6af0-4af6-9d9a-904bd697b5dc","local_time":"20190110112510","is_ascension_mode":false,"campfire_choices":[{"floor":7.0,"key":"REST"},{"floor":10.0,"key":"REST"},{"data":"Armaments","floor":15.0,"key":"SMITH"}],"neow_cost":"NONE","seed_source_timestamp":0,"circlet_count":0,"master_deck":["Strike_R","Strike_R","Strike_R","Defend_R","Defend_R","Defend_R","Defend_R","Bash","Twin Strike","Armaments+1","Shrug It Off","Iron Wave","Uppercut","Flame Barrier","Double Tap","Infernal Blade","Inflame+1"],"special_seed":0,"relics":["Burning Blood","Frozen Egg 2","Membership Card","Anchor","Matryoshka","Ice Cream","Kunai","Lizard Tail","Mango"],"potions_floor_usage":[],"damage_taken":[{"damage":10.0,"enemies":"Cultist","floor":1.0,"turns":4.0},{"damage":0.0,"enemies":"2 Louse","floor":3.0,"turns":3.0},{"damage":0.0,"enemies":"Small Slimes","floor":4.0,"turns":3.0},{"damage":56.0,"enemies":"Gremlin Nob","floor":6.0,"turns":6.0},{"damage":26.0,"enemies":"3 Sentries","floor":8.0,"turns":14.0},{"damage":0.0,"enemies":"Exordium Wildlife","floor":11.0,"turns":3.0},{"damage":16.0,"enemies":"Exordium Thugs","floor":12.0,"turns":5.0},{"damage":9.0,"enemies":"2 Fungi Beasts","floor":13.0,"turns":4.0},{"damage":3.0,"enemies":"3 Louse","floor":14.0,"turns":4.0},{"damage":34.0,"enemies":"The Guardian","floor":16.0,"turns":14.0},{"damage":20.0,"enemies":"Spheric Guardian","floor":18.0,"turns":8.0},{"damage":22.0,"enemies":"Colosseum Slavers","floor":21.0,"turns":7.0},{"damage":104.0,"enemies":"Colosseum Nobs","floor":21.0,"turns":9.0},{"damage":19,"enemies":"2 Thieves","floor":22,"turns":5},{"damage":17,"enemies":"Book of Stabbing","floor":23,"turns":4}],"seed_played":"8733871973903158843","potions_obtained":[{"floor":4.0,"key":"LiquidBronze"},{"floor":8.0,"key":"SpeedPotion"},{"floor":11.0,"key":"Block Potion"},{"floor":12.0,"key":"EntropicBrew"},{"floor":16.0,"key":"Explosive Potion"}],"is_trial":false,"path_per_floor":["M","T","M","M","$","E","R","E","T","R","M","M","M","M","R","B",null,"M","?","$","?","M","E"],"character_chosen":"IRONCLAD","items_purchased":["Membership Card","Mango","Infernal Blade"],"campfire_rested":2,"item_purchase_floors":[5,20,20],"current_hp_per_floor":[76,76,80,80,80,30,54,34,34,58,64,54,51,54,54,26,80,66,66,80,28,15,0],"gold":50,"neow_bonus":"HUNDRED_GOLD","is_prod":false,"is_daily":false,"chose_seed":false,"campfire_upgraded":1,"win_rate":0.0,"timestamp":1547137510,"path_taken":["M","?","M","M","$","E","R","E","T","R","M","?","M","M","R","BOSS","M","?","?","?","M","E"],"build_version":"2019-01-03v4","purchased_purges":2,"victory":false,"max_hp_per_floor":[80,80,80,80,80,80,80,80,80,80,80,80,80,80,80,80,80,80,80,94,94,94,94],"card_choices":[{"not_picked":["Sword Boomerang","Bloodletting"],"picked":"Twin Strike","floor":1.0},{"not_picked":["Burning Pact","Intimidate"],"picked":"Armaments","floor":3.0},{"not_picked":["True Grit","Second Wind"],"picked":"Shrug It Off","floor":4.0},{"not_picked":["Dropkick","Battle Trance","Armaments"],"picked":"SKIP","floor":6.0},{"not_picked":["Seeing Red","Disarm"],"picked":"Iron Wave","floor":8.0},{"not_picked":["Clothesline","Pommel Strike","Dropkick"],"picked":"SKIP","floor":11.0},{"not_picked":["Iron Wave","Bludgeon"],"picked":"Uppercut","floor":12.0},{"not_picked":["Heavy Blade","Anger"],"picked":"Flame Barrier","floor":13.0},{"not_picked":["Rage","Twin Strike","Clash"],"picked":"SKIP","floor":14.0},{"not_picked":["Brutality+1","Offering"],"picked":"Double Tap","floor":16.0},{"not_picked":["True Grit","Hemokinesis","Warcry+1"],"picked":"SKIP","floor":18.0},{"not_picked":["Second Wind+1","Carnage+1"],"picked":"Inflame+1","floor":22}],"player_experience":10784,"relics_obtained":[{"floor":2.0,"key":"Frozen Egg 2"},{"floor":6.0,"key":"Anchor"},{"floor":8.0,"key":"Matryoshka"},{"floor":9.0,"key":"Ice Cream"},{"floor":9.0,"key":"Kunai"}],"event_choices":[{"damage_healed":0.0,"max_hp_gain":0.0,"max_hp_loss":0.0,"gold_gain":0.0,"event_name":"Duplicator","player_choice":"Ignored","floor":19.0,"gold_loss":0.0,"damage_taken":0.0},{"damage_healed":0.0,"max_hp_gain":0.0,"max_hp_loss":0.0,"gold_gain":0.0,"event_name":"Colosseum","player_choice":"Fight","floor":21.0,"gold_loss":0.0,"damage_taken":0.0},{"damage_healed":0.0,"max_hp_gain":0.0,"max_hp_loss":0.0,"gold_gain":0.0,"event_name":"Colosseum","player_choice":"Fought Nobs","floor":21.0,"gold_loss":0.0,"damage_taken":0.0}],"is_beta":false,"boss_relics":[{"not_picked":["Runic Cube","Orrery"],"picked":"Lizard Tail"}],"items_purged_floors":[5,20],"is_endless":false,"potions_floor_spawned":[4,8,11,12,13,16,21],"killed_by":"Book of Stabbing","ascension_level":0}