{"gold_per_floor":[113,126,81,111,111,111,129,129,129,145,13,27,27,37,37,115,115,128,128,128,128,49,49],"floor_reached":23,"playtime":647,"items_purged":["Strike_B"],"score":362,"play_id":"eec637df-9def-4828-a337-7444e6007bea","local_time":"20181214152455","is_ascension_mode":true,"campfire_choices":[{"data":"Defragment","floor":6.0,"key":"SMITH"},{"data":"Beam Cell","floor":8.0,"key":"SMITH"},{"data":"Zap","floor":13.0,"key":"SMITH"},{"data":"Chaos","floor":15.0,"key":"SMITH"}],"neow_cost":"NONE","seed_source_timestamp":496767355534942,"circlet_count":0,"master_deck":["AscendersBane","Defend_B","Defend_B","Zap+1","Dualcast","Undo+1","Ball Lightning+1","Hello World+1","Beam Cell+1","Leap","Defragment+1","Capacitor","Reinforced Body","Leap","Conserve Battery","Chaos+1","Electrodynamics","Glacier+1","Leap","Ball Lightning"],"special_seed":0,"relics":["Astrolabe","Tiny Chest","Gremlin Horn","Nuclear Battery"],"potions_floor_usage":[21,21],"damage_taken":[{"damage":2.0,"enemies":"Jaw Worm","floor":1.0,"turns":4.0},{"damage":1.0,"enemies":"Cultist","floor":2.0,"turns":3.0},{"damage":1.0,"enemies":"Small Slimes","floor":7.0,"turns":4.0},{"damage":5.0,"enemies":"Red Slaver","floor":10.0,"turns":5.0},{"damage":10.0,"enemies":"Gremlin Gang","floor":12.0,"turns":5.0},{"damage":10.0,"enemies":"3 Louse","floor":14.0,"turns":3.0},{"damage":6.0,"enemies":"Hexaghost","floor":16.0,"turns":8.0},{"damage":14,"enemies":"Shell Parasite","floor":18,"turns":5},{"damage":0,"enemies":"3 Byrds","floor":21,"turns":2},{"damage":45,"enemies":"Gremlin Leader","floor":23,"turns":4}],"seed_played":"1378300575435763248","potions_obtained":[{"floor":10.0,"key":"SmokeBomb"},{"floor":12.0,"key":"Block Potion"}],"is_trial":false,"path_per_floor":["M","M","$","?","?","R","M","R","T","M","$","M","R","M","R","B",null,"M","?","?","M","$","E"],"character_chosen":"DEFECT","items_purchased":["Defragment","Leap","Leap","Ball Lightning"],"campfire_rested":0,"item_purchase_floors":[3,11,22,22],"current_hp_per_floor":[62,61,61,56,49,49,48,48,48,43,43,33,33,23,23,17,58,44,44,44,44,44,0],"gold":49,"neow_bonus":"BOSS_RELIC","is_prod":false,"is_daily":false,"chose_seed":false,"campfire_upgraded":4,"win_rate":0,"timestamp":1544829895,"path_taken":["M","M","$","?","?","R","M","R","T","M","?","?","R","M","R","BOSS","M","?","?","?","$","E"],"build_version":"2018-12-13","purchased_purges":1,"victory":false,"max_hp_per_floor":[71,71,71,71,71,71,71,71,71,71,71,71,71,71,71,71,71,71,71,71,71,71,71],"card_choices":[{"not_picked":["Barrage","Ball Lightning"],"picked":"Beam Cell","floor":1.0},{"not_picked":["Skim","Beam Cell"],"picked":"Leap","floor":2.0},{"not_picked":["Go for the Eyes","Force Field"],"picked":"Capacitor","floor":7.0},{"not_picked":["Heatsinks","Leap"],"picked":"Reinforced Body","floor":10.0},{"not_picked":["Sunder","Redo"],"picked":"Conserve Battery","floor":12.0},{"not_picked":["Go for the Eyes","Turbo"],"picked":"Chaos","floor":14.0},{"not_picked":["Creative AI","Hyperbeam"],"picked":"Electrodynamics","floor":16.0},{"not_picked":["Rebound","Reprogram"],"picked":"Glacier+1","floor":18}],"player_experience":993038,"relics_obtained":[{"floor":9.0,"key":"Gremlin Horn"}],"event_choices":[{"damage_healed":0.0,"max_hp_gain":0.0,"max_hp_loss":0.0,"gold_gain":0.0,"event_name":"Scrap Ooze","player_choice":"Success","floor":4.0,"gold_loss":0.0,"damage_taken":5.0,"relics_obtained":["Tiny Chest"]},{"cards_removed":["Strike_B"],"damage_healed":0.0,"max_hp_gain":0.0,"max_hp_loss":0.0,"gold_gain":0.0,"event_name":"Golden Wing","player_choice":"Card Removal","floor":5.0,"gold_loss":0.0,"damage_taken":7.0},{"damage_healed":0,"gold_gain":0,"player_choice":"Ignored","damage_taken":0,"max_hp_gain":0,"max_hp_loss":0,"event_name":"Vampires","floor":19,"gold_loss":0},{"cards_removed":["Defend_B"],"damage_healed":0,"gold_gain":0,"player_choice":"Offered Basic","damage_taken":0,"max_hp_gain":0,"max_hp_loss":0,"event_name":"Bonfire Elementals","floor":20,"gold_loss":0}],"is_beta":true,"boss_relics":[{"not_picked":["Calling Bell","Lizard Tail"],"picked":"Nuclear Battery"}],"items_purged_floors":[11],"is_endless":false,"potions_floor_spawned":[10,12,14,18],"killed_by":"Gremlin Leader","ascension_level":20}