{"gold_per_floor":[114,189,189,44,54,54,68,103,103,121,140,152,187,75,75,151,151,166,91,102,102,102,102],"floor_reached":23,"playtime":761,"items_purged":["Strike_B"],"score":406,"play_id":"05507676-974a-447e-baa1-1341d47e7aaf","local_time":"20190126012003","is_ascension_mode":true,"campfire_choices":[{"floor":6,"key":"REST"},{"floor":15,"key":"REST"}],"neow_cost":"NONE","seed_source_timestamp":278631416585160,"circlet_count":0,"master_deck":["AscendersBane","Zap","Dualcast","Gash","FTL","Cold Snap","BootSequence","Conserve Battery","Melter","FTL","Sunder","Hologram","Hello World","Meteor Strike","Blizzard","Compile Driver","Chill","Rainbow","Core Surge","Hologram","Ball Lightning+1"],"relics":["Fusion Hammer","Oddly Smooth Stone","Matryoshka","Nunchaku","Pandora\u0027s Box"],"potions_floor_usage":[8,12,13,20,21,23],"damage_taken":[{"damage":7,"enemies":"Small Slimes","floor":1,"turns":3},{"damage":0,"enemies":"2 Louse","floor":5,"turns":2},{"damage":2,"enemies":"Jaw Worm","floor":7,"turns":3},{"damage":35,"enemies":"Gremlin Nob","floor":8,"turns":6},{"damage":1,"enemies":"Exordium Wildlife","floor":10,"turns":6},{"damage":0,"enemies":"Blue Slaver","floor":11,"turns":3},{"damage":0,"enemies":"Gremlin Gang","floor":12,"turns":2},{"damage":12,"enemies":"Lagavulin","floor":13,"turns":6},{"damage":29,"enemies":"Slime Boss","floor":16,"turns":11},{"damage":0,"enemies":"Chosen","floor":18,"turns":4},{"damage":0,"enemies":"3 Byrds","floor":20,"turns":5},{"damage":0,"enemies":"Cultist and Chosen","floor":21,"turns":2},{"damage":38,"enemies":"Slavers","floor":23,"turns":3}],"seed_played":"-1621900145203704580","potions_obtained":[{"floor":1,"key":"Weak Potion"},{"floor":7,"key":"SmokeBomb"},{"floor":10,"key":"Explosive Potion"},{"floor":12,"key":"Strength Potion"},{"floor":16,"key":"AttackPotion"},{"floor":20,"key":"EssenceOfSteel"}],"is_trial":false,"path_per_floor":["M","?","?","$","M","R","M","E","T","M","M","M","E","$","R","B",null,"M","?","M","M","?","E"],"character_chosen":"DEFECT","items_purchased":["Gash","FTL","Hello World"],"campfire_rested":2,"item_purchase_floors":[4,4,14],"current_hp_per_floor":[57,46,39,39,39,60,58,23,23,22,22,22,10,10,31,2,54,54,54,54,54,71,33],"gold":102,"neow_bonus":"BOSS_RELIC","is_prod":false,"is_daily":false,"chose_seed":false,"campfire_upgraded":0,"win_rate":0,"timestamp":1548494403,"path_taken":["M","?","?","?","M","R","M","E","T","M","?","M","E","$","R","BOSS","M","?","M","M","?","E"],"build_version":"2019-01-23","purchased_purges":1,"victory":false,"max_hp_per_floor":[71,71,71,71,71,71,71,71,71,71,71,71,71,71,71,71,71,71,71,71,71,71,71],"card_choices":[{"not_picked":["Fusion","Redo"],"picked":"Lockon","floor":1},{"not_picked":["Barrage","Static Discharge"],"picked":"Cold Snap","floor":5},{"not_picked":["Go for the Eyes","Reboot"],"picked":"BootSequence","floor":7},{"not_picked":["Tempest","Redo"],"picked":"Conserve Battery","floor":8},{"not_picked":["Double Energy","Lockon"],"picked":"Melter","floor":10},{"not_picked":["Rebound","Aggregate"],"picked":"FTL","floor":11},{"not_picked":["Conserve Battery","Redo"],"picked":"Sunder","floor":12},{"not_picked":["Recycle","Turbo"],"picked":"Hologram","floor":13},{"not_picked":["Biased Cognition","Reboot"],"picked":"Meteor Strike","floor":16},{"not_picked":["Redo","Sweeping Beam"],"picked":"Hologram","floor":18},{"not_picked":["Sweeping Beam","Recycle"],"picked":"Ball Lightning+1","floor":20}],"player_experience":1054894,"relics_obtained":[{"floor":8,"key":"Oddly Smooth Stone"},{"floor":9,"key":"Matryoshka"},{"floor":13,"key":"Nunchaku"}],"event_choices":[{"damage_healed":0,"gold_gain":75,"player_choice":"Gather Gold","damage_taken":11,"max_hp_gain":0,"max_hp_loss":0,"event_name":"World of Goop","floor":2,"gold_loss":0},{"cards_removed":["Strike_B"],"damage_healed":0,"gold_gain":0,"player_choice":"Card Removal","damage_taken":7,"max_hp_gain":0,"max_hp_loss":0,"event_name":"Golden Wing","floor":3,"gold_loss":0},{"cards_removed":["Heatsinks"],"damage_healed":0,"gold_gain":0,"player_choice":"Gave Gold","damage_taken":0,"max_hp_gain":0,"max_hp_loss":0,"event_name":"Beggar","floor":19,"gold_loss":75},{"cards_removed":["Lockon"],"damage_healed":17,"gold_gain":0,"player_choice":"Offered Uncommon","damage_taken":0,"max_hp_gain":0,"max_hp_loss":0,"event_name":"Bonfire Elementals","floor":22,"gold_loss":0}],"is_beta":true,"boss_relics":[{"not_picked":["Busted Crown","Black Star"],"picked":"Pandora\u0027s Box"}],"items_purged_floors":[14],"is_endless":false,"potions_floor_spawned":[1,7,10,12,16,20],"killed_by":"Slavers","ascension_level":20}