{"gold_per_floor":[109,109,184,184,4,34,34,54,54,54,21,48,60,37,37,37],"floor_reached":16,"playtime":325,"items_purged":["Strike_G"],"score":186,"play_id":"26fc50fe-1736-4981-ad97-862b1d6f0f90","local_time":"20180711001506","is_ascension_mode":true,"campfire_choices":[{"data":"Neutralize","floor":7,"key":"SMITH"},{"data":"Neutralize","floor":10,"key":"SMITH"},{"data":"Corpse Explosion","floor":15,"key":"SMITH"}],"neow_cost":"NONE","seed_source_timestamp":196152498475101,"circlet_count":0,"master_deck":["Defend_G","Defend_G","Defend_G","Defend_G","Defend_G","Strike_G","Strike_G","Strike_G","Strike_G","Survivor","Neutralize+1","AscendersBane","All Out Attack","Corpse Explosion+1","Neutralize+1","Well Laid Plans","PiercingWail","Deadly Poison","Backstab","Blur","Escape Plan","Quick Slash"],"relics":["Coffee Dripper","Vajra","Mummified Hand","Bag of Preparation"],"potions_floor_usage":[6],"damage_taken":[{"damage":0,"enemies":"Small Slimes","floor":1,"turns":4},{"damage":24,"enemies":"Lagavulin","floor":6,"turns":9},{"damage":0,"enemies":"Jaw Worm","floor":8,"turns":3},{"damage":9,"enemies":"3 Sentries","floor":12,"turns":2},{"damage":0,"enemies":"2 Louse","floor":13,"turns":1},{"damage":18,"enemies":"Slime Boss","floor":16,"turns":6}],"seed_played":"-1987037687824667120","potions_obtained":[{"floor":1,"key":"Dexterity Potion"},{"floor":6,"key":"Energy Potion"}],"is_trial":false,"path_per_floor":["M","?","?","?","$","E","R","M","T","R","$","E","M","$","R"],"character_chosen":"THE_SILENT","items_purchased":["Well Laid Plans","PiercingWail","Backstab","Quick Slash"],"campfire_rested":0,"item_purchase_floors":[5,5,11,14],"current_hp_per_floor":[59,59,48,48,48,24,24,24,24,24,24,15,15,15,15,0],"gold":37,"neow_bonus":"BOSS_RELIC","is_prod":false,"is_daily":false,"chose_seed":false,"campfire_upgraded":3,"win_rate":0,"timestamp":1531293306,"path_taken":["M","?","?","?","$","E","R","M","T","R","$","E","M","$","R","BOSS"],"build_version":"2018-07-09","purchased_purges":1,"victory":false,"max_hp_per_floor":[66,66,66,66,66,66,66,66,66,66,66,66,66,66,66,66],"card_choices":[{"not_picked":["PiercingWail","Dagger Throw"],"picked":"All Out Attack","floor":1},{"not_picked":["Blade Dance","PiercingWail","Well Laid Plans"],"picked":"SKIP","floor":6},{"not_picked":["Sucker Punch","Prepared"],"picked":"Deadly Poison","floor":8},{"not_picked":["Dodge and Roll","Caltrops"],"picked":"Blur","floor":12},{"not_picked":["Reflex","PiercingWail"],"picked":"Escape Plan","floor":13}],"player_experience":577912,"relics_obtained":[{"floor":6,"key":"Vajra"},{"floor":9,"key":"Mummified Hand"},{"floor":12,"key":"Bag of Preparation"}],"event_choices":[{"event_name":"Liars Game","player_choice":"disagreed","floor":2,"damage_taken":0},{"event_name":"World of Goop","player_choice":"Gather Gold","floor":3,"damage_taken":0},{"event_name":"Match and Keep!","player_choice":"2 cards matched","floor":4,"damage_taken":0}],"boss_relics":[],"items_purged_floors":[5],"is_endless":false,"potions_floor_spawned":[1,6],"killed_by":"Slime Boss","ascension_level":15}