{"gold_per_floor":[113,133,149,161,179,179,199,199,281,59,94,114,26,36,36,108,108,121,8,8,19,30,30,57,57,82,99,110,121,121,171,171,171],"floor_reached":33,"playtime":1423,"items_purged":[],"score":532,"play_id":"04c76eb4-23d2-410d-9ae2-8f96d16f01cf","local_time":"20190824174912","is_ascension_mode":true,"campfire_choices":[{"data":"Zap","floor":6,"key":"SMITH"},{"floor":8,"key":"REST"},{"data":"Dash","floor":15,"key":"SMITH"},{"floor":23,"key":"REST"},{"data":"Dash","floor":25,"key":"SMITH"},{"floor":30,"key":"REST"},{"floor":32,"key":"REST"}],"neow_cost":"NONE","seed_source_timestamp":364325396667400,"circlet_count":0,"master_deck":["AscendersBane","Zap+1","Dualcast","Ball Lightning","Coolheaded","Glacier","Beam Cell","Ball Lightning","Steam","Ball Lightning","True Grit","FTL","Dash+1","Panache","Steam Power","Rip and Tear","Scrape","Multi-Cast","Fission","Leap","Genetic Algorithm","Barrage","Undo+1","Leap","Steam","Thunderclap+1","Deadly Poison","Dash+1","Battle Trance+1","Dagger Throw+1"],"relics":["Cracked Core","Symbiotic Virus","PrismaticShard","Bottled Lightning","Pandora\u0027s Box","Ginger","Ancient Tea Set"],"potions_floor_usage":[11,11,24,24,33,33],"damage_taken":[{"damage":1,"enemies":"Cultist","floor":1,"turns":3},{"damage":1,"enemies":"Small Slimes","floor":2,"turns":3},{"damage":2,"enemies":"Jaw Worm","floor":3,"turns":3},{"damage":17,"enemies":"Large Slime","floor":4,"turns":6},{"damage":13,"enemies":"Exordium Wildlife","floor":5,"turns":4},{"damage":2,"enemies":"Blue Slaver","floor":7,"turns":2},{"damage":11,"enemies":"3 Sentries","floor":11,"turns":8},{"damage":1,"enemies":"2 Fungi Beasts","floor":12,"turns":3},{"damage":3,"enemies":"Exordium Wildlife","floor":14,"turns":4},{"damage":27,"enemies":"Slime Boss","floor":16,"turns":9},{"damage":15,"enemies":"2 Thieves","floor":18,"turns":3},{"damage":0,"enemies":"Spheric Guardian","floor":21,"turns":3},{"damage":31,"enemies":"Chosen and Byrds","floor":22,"turns":7},{"damage":3,"enemies":"Book of Stabbing","floor":24,"turns":6},{"damage":16,"enemies":"Shelled Parasite and Fungi","floor":27,"turns":6},{"damage":0,"enemies":"Centurion and Healer","floor":28,"turns":5},{"damage":21,"enemies":"Sentry and Sphere","floor":29,"turns":6},{"damage":54,"enemies":"Collector","floor":33,"turns":10}],"seed_played":"-3533480693188274878","potions_obtained":[{"floor":2,"key":"Regen Potion"},{"floor":7,"key":"SkillPotion"},{"floor":11,"key":"FearPotion"},{"floor":21,"key":"EssenceOfSteel"},{"floor":27,"key":"FearPotion"},{"floor":28,"key":"SkillPotion"},{"floor":29,"key":"EssenceOfSteel"}],"is_trial":false,"path_per_floor":["M","M","M","M","M","R","M","R","T","$","E","M","$","M","R","B",null,"M","$","?","M","M","R","E","R","T","M","M","M","R","?","R","B"],"character_chosen":"DEFECT","items_purchased":["PrismaticShard","FTL","Leap","Steam"],"campfire_rested":4,"item_purchase_floors":[10,13,19,19],"current_hp_per_floor":[63,62,60,43,30,30,28,49,49,49,53,52,52,49,49,22,59,44,44,58,58,27,48,45,45,45,29,29,8,29,29,50,0],"gold":171,"neow_bonus":"THREE_CARDS","is_prod":false,"is_daily":false,"chose_seed":false,"campfire_upgraded":3,"win_rate":0,"timestamp":1566636552,"path_taken":["M","M","M","M","M","R","?","R","T","$","E","M","?","M","R","BOSS","M","$","?","M","M","R","E","R","T","M","M","M","R","?","R","BOSS"],"build_version":"2019-07-17","purchased_purges":0,"victory":false,"max_hp_per_floor":[71,71,71,71,71,71,71,71,71,71,71,71,71,71,71,71,71,71,71,71,71,71,71,71,71,71,71,71,71,71,71,71,71],"card_choices":[{"not_picked":["Steam","Fusion"],"picked":"Ball Lightning","floor":0},{"not_picked":["Gash","Stack"],"picked":"Coolheaded","floor":1},{"not_picked":["Rebound","Skim"],"picked":"Glacier","floor":2},{"not_picked":["Rebound","Doom and Gloom"],"picked":"Beam Cell","floor":3},{"not_picked":["Conserve Battery","Streamline"],"picked":"Ball Lightning","floor":4},{"not_picked":["Hologram","Beam Cell","Gash"],"picked":"SKIP","floor":5},{"not_picked":["Compile Driver","Hello World"],"picked":"Steam","floor":7},{"not_picked":["Deadly Poison","Conserve Battery"],"picked":"Ball Lightning","floor":11},{"not_picked":["Go for the Eyes","Entrench"],"picked":"True Grit","floor":12},{"not_picked":["Bloodletting","Blade Dance"],"picked":"Dash","floor":14},{"not_picked":["HandOfGreed","Reboot"],"picked":"Panache","floor":16},{"not_picked":["Hemokinesis","Shrug It Off"],"picked":"Undo+1","floor":18},{"not_picked":["Heavy Blade","Dramatic Entrance"],"picked":"Thunderclap+1","floor":21},{"not_picked":["Clash","Sucker Punch"],"picked":"Deadly Poison","floor":22},{"not_picked":["Concentrate","Body Slam"],"picked":"Dash","floor":24},{"not_picked":["Pommel Strike","Underhanded Strike"],"picked":"Battle Trance+1","floor":27},{"not_picked":["Entrench","Flex+1","Lockon"],"picked":"SKIP","floor":28},{"not_picked":["Purity","Iron Wave"],"picked":"Dagger Throw+1","floor":29}],"player_experience":226295,"relics_obtained":[{"floor":9,"key":"Symbiotic Virus"},{"floor":11,"key":"Bottled Lightning"},{"floor":24,"key":"Ginger"},{"floor":26,"key":"Ancient Tea Set"}],"event_choices":[{"damage_healed":14,"gold_gain":0,"player_choice":"Heal","damage_taken":0,"max_hp_gain":0,"max_hp_loss":0,"event_name":"The Library","floor":20,"gold_loss":0},{"damage_healed":0,"gold_gain":50,"player_choice":"Stole From Cult","damage_taken":0,"max_hp_gain":0,"max_hp_loss":0,"event_name":"Nest","floor":31,"gold_loss":0}],"is_beta":false,"boss_relics":[{"not_picked":["Snecko Eye","Ectoplasm"],"picked":"Pandora\u0027s Box"}],"items_purged_floors":[],"is_endless":false,"potions_floor_spawned":[2,7,11,21,27,28,29],"killed_by":"Collector","ascension_level":19}