{"gold_per_floor":[113,130,280,30,30,30,60,60,109,109,109,109,136,151,151,224,224,234,244,257,172,72,72,101,101,101,101],"floor_reached":27,"playtime":499,"items_purged":["Doubt","Strike_R"],"score":474,"play_id":"2b77ea62-6d57-43e2-b6d7-99c16fe7841d","local_time":"20190330131623","is_ascension_mode":true,"campfire_choices":[{"data":"Searing Blow","floor":6,"key":"SMITH"},{"data":"Searing Blow+1","floor":8,"key":"SMITH"},{"data":"Searing Blow+3","floor":11,"key":"SMITH"},{"data":"Searing Blow+5","floor":15,"key":"SMITH"},{"data":"Searing Blow+6","floor":23,"key":"SMITH"},{"data":"Searing Blow+7","floor":25,"key":"SMITH"}],"neow_cost":"NONE","seed_source_timestamp":6647138325847,"circlet_count":0,"master_deck":["AscendersBane","Strike_R","Strike_R","Strike_R","Strike_R","Defend_R","Defend_R","Defend_R","Defend_R","Bash","True Grit","Thunderclap","Searing Blow+8","Shockwave","Flame Barrier","Thunderclap","Offering","Shockwave","Headbutt+1","Power Through"],"relics":["Sozu","Singing Bowl","Letter Opener","Ancient Tea Set","Dream Catcher","Velvet Choker","Incense Burner","Orichalcum","Smiling Mask"],"potions_floor_usage":[],"damage_taken":[{"damage":5,"enemies":"2 Louse","floor":1,"turns":2},{"damage":4,"enemies":"Small Slimes","floor":2,"turns":4},{"damage":21,"enemies":"3 Sentries","floor":7,"turns":8},{"damage":9,"enemies":"Gremlin Nob","floor":13,"turns":3},{"damage":0,"enemies":"Cultist","floor":14,"turns":2},{"damage":15,"enemies":"The Guardian","floor":16,"turns":8},{"damage":3,"enemies":"2 Thieves","floor":18,"turns":3},{"damage":6,"enemies":"Chosen","floor":19,"turns":2},{"damage":19,"enemies":"Snecko","floor":20,"turns":3},{"damage":20,"enemies":"Gremlin Leader","floor":24,"turns":3},{"damage":14,"enemies":"Slavers","floor":27,"turns":1}],"seed_played":"-8715633987940254692","potions_obtained":[],"is_trial":false,"path_per_floor":["M","M","?","$","?","R","E","R","T","?","R","?","E","M","R","B",null,"M","M","M","?","$","R","E","R","T","E"],"character_chosen":"IRONCLAD","items_purchased":["Searing Blow","Shockwave"],"campfire_rested":0,"item_purchase_floors":[4,4],"current_hp_per_floor":[63,59,59,59,48,48,27,27,27,27,27,27,20,20,20,5,59,56,50,31,31,31,31,13,13,13,0],"gold":101,"neow_bonus":"BOSS_RELIC","is_prod":false,"is_daily":false,"chose_seed":false,"campfire_upgraded":6,"win_rate":0,"timestamp":1553976983,"path_taken":["M","M","?","$","?","R","E","R","T","?","R","?","E","M","R","BOSS","M","M","?","?","$","R","E","R","T","E"],"build_version":"2019-03-15","purchased_purges":2,"victory":false,"max_hp_per_floor":[75,75,75,75,75,75,75,75,75,75,75,75,77,77,77,77,77,77,77,77,77,77,77,79,79,79,79],"card_choices":[{"not_picked":["Warcry","Hemokinesis"],"picked":"True Grit","floor":1},{"not_picked":["Combust","Headbutt"],"picked":"Thunderclap","floor":2},{"not_picked":["Perfected Strike","Clothesline"],"picked":"Flame Barrier","floor":7},{"not_picked":["Iron Wave","Reaper","Pummel"],"picked":"Singing Bowl","floor":13},{"not_picked":["Clash","True Grit"],"picked":"Thunderclap","floor":14},{"not_picked":["Bludgeon","Barricade"],"picked":"Offering","floor":16},{"not_picked":["Flex","True Grit"],"picked":"Shockwave","floor":18},{"not_picked":["Shrug It Off","Iron Wave+1"],"picked":"Headbutt+1","floor":19},{"not_picked":["Metallicize","Heavy Blade"],"picked":"Power Through","floor":20},{"not_picked":["Feel No Pain","Rampage","Warcry"],"picked":"Singing Bowl","floor":24}],"player_experience":1389413,"relics_obtained":[{"floor":7,"key":"Letter Opener"},{"floor":9,"key":"Ancient Tea Set"},{"floor":13,"key":"Dream Catcher"},{"floor":24,"key":"Orichalcum"},{"floor":26,"key":"Smiling Mask"}],"event_choices":[{"damage_healed":0,"gold_gain":150,"player_choice":"AGREE","damage_taken":0,"max_hp_gain":0,"max_hp_loss":0,"event_name":"Liars Game","floor":3,"gold_loss":0,"cards_obtained":["Doubt"]},{"damage_healed":0,"gold_gain":0,"player_choice":"Success","damage_taken":11,"relics_obtained":["Singing Bowl"],"max_hp_gain":0,"max_hp_loss":0,"event_name":"Scrap Ooze","floor":5,"gold_loss":0},{"damage_healed":0,"gold_gain":0,"player_choice":"Grow","damage_taken":0,"max_hp_gain":0,"max_hp_loss":0,"event_name":"Living Wall","floor":10,"gold_loss":0,"cards_upgraded":["Searing Blow"]},{"damage_healed":0,"gold_gain":0,"player_choice":"Forge","damage_taken":0,"max_hp_gain":0,"max_hp_loss":0,"event_name":"Accursed Blacksmith","floor":12,"gold_loss":0,"cards_upgraded":["Searing Blow"]},{"damage_healed":0,"gold_gain":0,"player_choice":"Obtained Relic","damage_taken":0,"relics_obtained":["Incense Burner"],"max_hp_gain":0,"max_hp_loss":0,"event_name":"Addict","floor":21,"gold_loss":85}],"is_beta":true,"boss_relics":[{"not_picked":["Coffee Dripper","Runic Dome"],"picked":"Velvet Choker"}],"items_purged_floors":[4,22],"is_endless":false,"potions_floor_spawned":[2,7,14,20],"killed_by":"Slavers","ascension_level":20}