{"gold_per_floor":[119,64,74,74,74,74,117,140,186,224,224,68,68,84,84,178,178,178],"floor_reached":18,"playtime":419,"items_purged":["Strike_B"],"score":386,"play_id":"b2be7a63-3f12-4ea5-99ac-e6f9e091f113","local_time":"20190218193855","is_ascension_mode":true,"campfire_choices":[{"data":"Zap","floor":6.0,"key":"SMITH"},{"data":"Dualcast","floor":11.0,"key":"SMITH"},{"data":"Hello World","floor":13.0,"key":"SMITH"},{"floor":15.0,"key":"REST"}],"neow_cost":"NONE","seed_source_timestamp":0,"circlet_count":0,"master_deck":["AscendersBane","Strike_B","Strike_B","Strike_B","Defend_B","Defend_B","Defend_B","Defend_B","Zap+1","Dualcast+1","Ball Lightning","Ball Lightning","White Noise","Hello World+1","Coolheaded","Capacitor","Coolheaded","Leap","Conserve Battery","Buffer"],"special_seed":0,"relics":["Cracked Core","NeowsBlessing","Golden Idol","Pen Nib","Potion Belt","Thread and Needle","Snecko Eye"],"potions_floor_usage":[],"damage_taken":[{"damage":0.0,"enemies":"Cultist","floor":1.0,"turns":1.0},{"damage":0.0,"enemies":"2 Louse","floor":3.0,"turns":1.0},{"damage":0.0,"enemies":"Lagavulin","floor":7.0,"turns":1.0},{"damage":7.0,"enemies":"Jaw Worm","floor":8.0,"turns":3.0},{"damage":21.0,"enemies":"3 Sentries","floor":10.0,"turns":5.0},{"damage":23.0,"enemies":"Gremlin Gang","floor":14.0,"turns":4.0},{"damage":25.0,"enemies":"Slime Boss","floor":16.0,"turns":10.0},{"damage":0,"enemies":"Spheric Guardian","floor":18,"turns":5}],"seed_played":"1259019039402544928","potions_obtained":[{"floor":3.0,"key":"Dexterity Potion"},{"floor":7.0,"key":"PowerPotion"},{"floor":10.0,"key":"Strength Potion"},{"floor":14.0,"key":"Energy Potion"}],"is_trial":false,"path_per_floor":["M","$","M","$","?","R","E","M","T","E","R","$","R","M","R","B",null,"M"],"character_chosen":"DEFECT","items_purchased":["Ball Lightning","Coolheaded","Leap"],"campfire_rested":1,"item_purchase_floors":[2,12,12],"current_hp_per_floor":[64,64,64,64,64,64,64,57,57,36,36,36,36,13,32,7,50,50],"gold":178,"neow_bonus":"THREE_ENEMY_KILL","is_prod":false,"is_daily":false,"chose_seed":false,"campfire_upgraded":3,"win_rate":0,"timestamp":1550547535,"path_taken":["M","?","M","$","?","R","E","M","T","E","R","?","R","?","R","BOSS","M"],"build_version":"2019-02-06","purchased_purges":1,"victory":false,"max_hp_per_floor":[71,71,71,71,64,64,64,64,64,64,64,64,64,64,64,64,64,64],"card_choices":[{"not_picked":["Streamline","Gash"],"picked":"Ball Lightning","floor":1.0},{"not_picked":["Hologram","Undo"],"picked":"White Noise","floor":3.0},{"not_picked":["Skim","Reinforced Body"],"picked":"Hello World","floor":7.0},{"not_picked":["Sunder","Compile Driver"],"picked":"Coolheaded","floor":8.0},{"not_picked":["Chill","Coolheaded"],"picked":"Capacitor","floor":10.0},{"not_picked":["Sweeping Beam","Steam"],"picked":"Conserve Battery","floor":14.0},{"not_picked":["Multi-Cast","Machine Learning"],"picked":"Buffer","floor":16.0}],"player_experience":1176683,"relics_obtained":[{"floor":7.0,"key":"Pen Nib"},{"floor":9.0,"key":"Potion Belt"},{"floor":10.0,"key":"Thread and Needle"}],"event_choices":[{"damage_healed":0.0,"max_hp_gain":0.0,"max_hp_loss":7.0,"gold_gain":0.0,"event_name":"Golden Idol","player_choice":"Lose Max HP","floor":5.0,"gold_loss":0.0,"damage_taken":0.0,"relics_obtained":["Golden Idol"]}],"is_beta":true,"boss_relics":[{"not_picked":["Coffee Dripper","Calling Bell"],"picked":"Snecko Eye"}],"items_purged_floors":[12],"is_endless":false,"potions_floor_spawned":[3,7,10,14],"killed_by":"Spheric Guardian","ascension_level":20}