{"gold_per_floor":[115,115,132,207,225,225,255,255,302,302,327,13,13,32,32,105,105,115,115,144,144,158,158,191,210,265,265,265,265,17,32,32,32],"floor_reached":33,"playtime":717,"items_purged":[],"score":742,"play_id":"456c14b6-78de-4a04-a999-88d5720d9e93","local_time":"20190303114918","is_ascension_mode":true,"campfire_choices":[{"floor":6.0,"key":"REST"},{"data":"Shockwave","floor":8.0,"key":"SMITH"},{"data":"Blood for Blood","floor":10.0,"key":"SMITH"},{"data":"Armaments","floor":15.0,"key":"SMITH"},{"data":"Whirlwind","floor":23.0,"key":"SMITH"},{"floor":29,"key":"REST"},{"data":"True Grit","floor":32,"key":"SMITH"}],"neow_cost":"NONE","seed_source_timestamp":0,"circlet_count":0,"master_deck":["AscendersBane","Strike_R","Strike_R","Strike_R","Strike_R","Strike_R","Defend_R","Defend_R","Defend_R","Defend_R+1","Bash+1","Sword Boomerang","Shockwave+1","Blood for Blood+1","Sever Soul","Armaments+1","Jack Of All Trades","Feed","Iron Wave","Feed","Dual Wield","Whirlwind+1","Power Through","True Grit+1","Flame Barrier"],"special_seed":0,"relics":["Busted Crown","Anchor","Red Skull","White Beast Statue","Red Mask","Calipers","Mercury Hourglass","Tiny Chest","Darkstone Periapt","Nloth\u0027s Gift","Oddly Smooth Stone"],"potions_floor_usage":[25,25,33,33],"damage_taken":[{"damage":5.0,"enemies":"Small Slimes","floor":1.0,"turns":4.0},{"damage":0.0,"enemies":"Cultist","floor":3.0,"turns":3.0},{"damage":7.0,"enemies":"Jaw Worm","floor":5.0,"turns":3.0},{"damage":8.0,"enemies":"Gremlin Nob","floor":7.0,"turns":3.0},{"damage":15.0,"enemies":"Lagavulin","floor":11.0,"turns":5.0},{"damage":0.0,"enemies":"3 Louse","floor":14.0,"turns":2.0},{"damage":24.0,"enemies":"The Guardian","floor":16.0,"turns":10.0},{"damage":17.0,"enemies":"3 Byrds","floor":18.0,"turns":6.0},{"damage":36.0,"enemies":"Masked Bandits","floor":20.0,"turns":5.0},{"damage":9.0,"enemies":"2 Thieves","floor":22.0,"turns":4.0},{"damage":30.0,"enemies":"Book of Stabbing","floor":24.0,"turns":5.0},{"damage":0,"enemies":"Snecko","floor":25,"turns":2},{"damage":0,"enemies":"Sentry and Sphere","floor":31,"turns":3},{"damage":23,"enemies":"Collector","floor":33,"turns":6}],"seed_played":"-6813052201379889616","potions_obtained":[{"floor":1.0,"key":"Strength Potion"},{"floor":7.0,"key":"Energy Potion"},{"floor":14.0,"key":"FairyPotion"},{"floor":18.0,"key":"Regen Potion"},{"floor":20.0,"key":"FearPotion"},{"floor":24.0,"key":"Fire Potion"},{"floor":25,"key":"Block Potion"},{"floor":31,"key":"LiquidBronze"}],"is_trial":false,"path_per_floor":["M","?","M","?","M","R","E","R","T","R","E","$","?","M","R","B",null,"M","?","?","?","M","R","E","M","T","T","?","R","$","M","R","B"],"character_chosen":"IRONCLAD","items_purchased":["Armaments","Jack Of All Trades","Feed","Flame Barrier","Oddly Smooth Stone"],"campfire_rested":2,"item_purchase_floors":[12,12,12,30,30],"current_hp_per_floor":[63,40,40,29,22,44,36,36,43,43,28,28,28,31,31,7,66,52,52,30,30,24,24,4,7,7,7,7,35,35,35,35,12],"gold":32,"neow_bonus":"BOSS_RELIC","is_prod":false,"is_daily":false,"chose_seed":false,"campfire_upgraded":5,"win_rate":0,"timestamp":1551642558,"path_taken":["M","?","M","?","M","R","E","R","T","R","E","$","?","M","R","BOSS","M","?","?","?","?","R","E","M","T","?","?","R","$","M","R","BOSS"],"build_version":"2019-02-06","purchased_purges":0,"victory":false,"max_hp_per_floor":[75,75,75,75,75,75,75,75,82,82,82,82,82,85,85,85,85,88,88,88,88,91,91,91,94,94,94,94,94,94,94,94,94],"card_choices":[{"not_picked":[],"picked":"Sword Boomerang","floor":3.0},{"not_picked":[],"picked":"Shockwave","floor":5.0},{"not_picked":[],"picked":"Blood for Blood","floor":7.0},{"not_picked":[],"picked":"Sever Soul","floor":11.0},{"not_picked":[],"picked":"Iron Wave","floor":14.0},{"not_picked":[],"picked":"Feed","floor":16.0},{"not_picked":[],"picked":"Dual Wield","floor":20.0},{"not_picked":[],"picked":"Whirlwind","floor":22.0},{"not_picked":[],"picked":"Power Through","floor":24.0},{"not_picked":[],"picked":"True Grit","floor":25}],"player_experience":1271151,"relics_obtained":[{"floor":7.0,"key":"Anchor"},{"floor":9.0,"key":"Strawberry"},{"floor":11.0,"key":"Red Skull"},{"floor":20.0,"key":"Red Mask"},{"floor":21.0,"key":"Calipers"},{"floor":24.0,"key":"Mercury Hourglass"},{"floor":26,"key":"Tiny Chest"},{"floor":27,"key":"Darkstone Periapt"}],"event_choices":[{"damage_healed":0.0,"max_hp_gain":0.0,"max_hp_loss":0.0,"gold_gain":0.0,"event_name":"Shining Light","player_choice":"Entered Light","floor":2.0,"gold_loss":0.0,"damage_taken":23.0,"cards_upgraded":["Defend_R","Bash"]},{"damage_healed":0.0,"max_hp_gain":0.0,"max_hp_loss":0.0,"gold_gain":75.0,"event_name":"World of Goop","player_choice":"Gather Gold","floor":4.0,"gold_loss":0.0,"damage_taken":11.0},{"damage_healed":0.0,"max_hp_gain":0.0,"max_hp_loss":0.0,"gold_gain":0.0,"event_name":"Liars Game","player_choice":"Ignored","floor":13.0,"gold_loss":0.0,"damage_taken":0.0},{"damage_healed":0.0,"max_hp_gain":0.0,"max_hp_loss":0.0,"gold_gain":0.0,"event_name":"The Mausoleum","player_choice":"Ignored","floor":19.0,"gold_loss":0.0,"damage_taken":0.0},{"damage_healed":0.0,"max_hp_gain":0.0,"max_hp_loss":0.0,"gold_gain":0.0,"event_name":"Masked Bandits","player_choice":"Fought Bandits","floor":20.0,"gold_loss":0.0,"damage_taken":0.0},{"damage_healed":0.0,"max_hp_gain":0.0,"max_hp_loss":0.0,"gold_gain":0.0,"event_name":"Wheel of Change","player_choice":"Relic","floor":21.0,"gold_loss":0.0,"damage_taken":0.0},{"damage_healed":0,"gold_gain":0,"player_choice":"Traded Relic","damage_taken":0,"relics_obtained":["Nloth\u0027s Gift"],"max_hp_gain":0,"max_hp_loss":0,"event_name":"N\u0027loth","floor":28,"relics_lost":["Strawberry"],"gold_loss":0}],"is_beta":true,"boss_relics":[{"not_picked":["Runic Dome","Empty Cage"],"picked":"White Beast Statue"}],"items_purged_floors":[],"is_endless":false,"potions_floor_spawned":[1,7,14,18,20,22,24,25,31],"killed_by":"Collector","ascension_level":20}