{"gold_per_floor":[214,214,234,248,248,248,267,300,300,300,319,330,112,128,128,128],"floor_reached":16,"playtime":1348,"items_purged":["Strike_R"],"score":130,"play_id":"e4d90d6a-cd92-4277-a776-646014b0b2e8","local_time":"20181125231827","is_ascension_mode":true,"campfire_choices":[{"data":"Bash","floor":6,"key":"SMITH"},{"data":"Feel No Pain","floor":10,"key":"SMITH"},{"data":"Shockwave","floor":15,"key":"SMITH"}],"neow_cost":"NONE","seed_source_timestamp":272134909229741,"circlet_count":0,"master_deck":["Strike_R","Strike_R","Strike_R","Strike_R","Defend_R","Defend_R","Defend_R","Defend_R","Bash+1","Clash","Iron Wave","Feel No Pain+1","Warcry","Shrug It Off","Cleave","Shockwave+1"],"relics":["Burning Blood","GremlinMask","Bag of Marbles","Blood Vial","Lantern"],"potions_floor_usage":[8,11],"damage_taken":[{"damage":8,"enemies":"Jaw Worm","floor":1,"turns":4},{"damage":1,"enemies":"Cultist","floor":3,"turns":4},{"damage":4,"enemies":"Small Slimes","floor":4,"turns":4},{"damage":6,"enemies":"Looter","floor":7,"turns":4},{"damage":6,"enemies":"3 Sentries","floor":8,"turns":11},{"damage":4,"enemies":"Lots of Slimes","floor":11,"turns":4},{"damage":1,"enemies":"Exordium Wildlife","floor":12,"turns":3},{"damage":4,"enemies":"Red Slaver","floor":14,"turns":3},{"damage":98,"enemies":"Slime Boss","floor":16,"turns":12}],"seed_played":"6833281517729553182","potions_obtained":[{"floor":3,"key":"Poison Potion"},{"floor":4,"key":"SkillPotion"},{"floor":7,"key":"FearPotion"},{"floor":14,"key":"Strength Potion"}],"is_trial":false,"path_per_floor":["M","?","M","M","?","R","M","E","T","R","M","M","$","M","R","B"],"character_chosen":"IRONCLAD","items_purchased":["Lantern"],"campfire_rested":0,"item_purchase_floors":[13],"current_hp_per_floor":[78,78,80,80,85,85,85,85,85,85,85,85,85,85,85,0],"gold":128,"neow_bonus":"HUNDRED_GOLD","is_prod":false,"is_daily":false,"chose_seed":false,"campfire_upgraded":3,"win_rate":0,"timestamp":1543184307,"path_taken":["M","?","?","M","?","R","M","E","T","R","M","M","$","M","R","BOSS"],"build_version":"2018-11-15","purchased_purges":1,"victory":false,"max_hp_per_floor":[80,80,80,80,85,85,85,85,85,85,85,85,85,85,85,85],"card_choices":[{"not_picked":["Sword Boomerang","Metallicize"],"picked":"Clash","floor":1},{"not_picked":["Sentinel","Twin Strike","Clothesline"],"picked":"SKIP","floor":3},{"not_picked":["Flex","Flame Barrier"],"picked":"Iron Wave","floor":4},{"not_picked":["Clash","Fire Breathing"],"picked":"Feel No Pain","floor":7},{"not_picked":["Pummel","Dual Wield"],"picked":"Warcry","floor":8},{"not_picked":["Uppercut","Twin Strike"],"picked":"Shrug It Off","floor":11},{"not_picked":["Sever Soul","Havoc"],"picked":"Cleave","floor":12},{"not_picked":["Second Wind","Searing Blow"],"picked":"Shockwave","floor":14}],"player_experience":309183,"relics_obtained":[{"floor":8,"key":"Bag of Marbles"},{"floor":9,"key":"Blood Vial"}],"event_choices":[{"damage_healed":0,"gold_gain":0,"player_choice":"Trade","damage_taken":0,"relics_obtained":["GremlinMask"],"max_hp_gain":0,"max_hp_loss":0,"event_name":"FaceTrader","floor":2,"gold_loss":0},{"damage_healed":0,"gold_gain":0,"player_choice":"Donut","damage_taken":0,"max_hp_gain":5,"max_hp_loss":0,"event_name":"Big Fish","floor":5,"gold_loss":0}],"is_beta":false,"boss_relics":[],"items_purged_floors":[13],"is_endless":false,"potions_floor_spawned":[3,4,7,14],"killed_by":"Slime Boss","ascension_level":5}