{"gold_per_floor":[110,35,35,35,52,52,64,64,64,92,123,135,161,199,211,297,309,339,251,262,262,31,63,82,82],"floor_reached":25,"playtime":1338,"items_purged":["Strike_G","Strike_G","Strike_G"],"score":427,"play_id":"dace91a6-d07d-46d7-9a95-e3a2314106db","local_time":"20190731122613","is_ascension_mode":true,"campfire_choices":[{"data":"Neutralize","floor":6.0,"key":"SMITH"},{"data":"Dagger Spray","floor":8.0,"key":"SMITH"},{"data":"After Image","floor":15.0,"key":"SMITH"}],"neow_cost":"TEN_PERCENT_HP_LOSS","seed_source_timestamp":0,"circlet_count":0,"master_deck":["AscendersBane","Strike_G","Defend_G","Defend_G","Defend_G","Defend_G","Defend_G","Survivor","Neutralize+1","Die Die Die","Poisoned Stab","Deflect","Dagger Spray+1","After Image+1","Slice","Cloak And Dagger","Finisher","A Thousand Cuts","Blade Dance","Flash of Steel"],"special_seed":0,"relics":["Ring of the Snake","Gremlin Horn","CultistMask","Shuriken","MawBank","Strawberry","Philosopher\u0027s Stone","Happy Flower"],"potions_floor_usage":[18,20,24],"damage_taken":[{"damage":0.0,"enemies":"2 Louse","floor":1.0,"turns":2.0},{"damage":0.0,"enemies":"Small Slimes","floor":5.0,"turns":1.0},{"damage":4.0,"enemies":"Cultist","floor":7.0,"turns":3.0},{"damage":16.0,"enemies":"Lagavulin","floor":10.0,"turns":5.0},{"damage":0.0,"enemies":"2 Fungi Beasts","floor":11.0,"turns":1.0},{"damage":1.0,"enemies":"Red Slaver","floor":13.0,"turns":3.0},{"damage":4.0,"enemies":"3 Sentries","floor":14.0,"turns":4.0},{"damage":17.0,"enemies":"The Guardian","floor":16.0,"turns":12.0},{"damage":0,"enemies":"Spheric Guardian","floor":18,"turns":4},{"damage":15,"enemies":"Shell Parasite","floor":20,"turns":4},{"damage":27,"enemies":"Slavers","floor":23,"turns":5},{"damage":5,"enemies":"Sentry and Sphere","floor":24,"turns":5},{"damage":22,"enemies":"Snake Plant","floor":25,"turns":5}],"seed_played":"204006083123028835","potions_obtained":[{"floor":5.0,"key":"GhostInAJar"},{"floor":11.0,"key":"GhostInAJar"},{"floor":18,"key":"SkillPotion"},{"floor":23,"key":"Swift Potion"}],"is_trial":false,"path_per_floor":["M","$","?","?","M","R","M","R","T","E","M","?","M","E","R","B",null,"M","$","M","?","$","E","M","M"],"character_chosen":"THE_SILENT","items_purchased":["Flash of Steel"],"campfire_rested":0,"item_purchase_floors":[22],"current_hp_per_floor":[59,59,54,54,54,54,50,50,50,34,34,34,33,36,36,19,55,55,55,40,53,53,26,21,0],"gold":82,"neow_bonus":"THREE_RARE_CARDS","is_prod":false,"is_daily":false,"chose_seed":false,"campfire_upgraded":3,"win_rate":0,"timestamp":1564593973,"path_taken":["M","$","?","?","M","R","?","R","T","E","M","?","?","E","R","BOSS","M","$","M","?","$","E","M","M"],"build_version":"2019-07-17","purchased_purges":3,"victory":false,"max_hp_per_floor":[60,60,60,60,60,60,60,60,60,60,60,60,60,67,67,67,67,67,67,67,67,67,67,67,67],"card_choices":[{"not_picked":["Grand Finale","Phantasmal Killer"],"picked":"Die Die Die","floor":0.0},{"not_picked":["Setup","Backflip"],"picked":"Poisoned Stab","floor":1.0},{"not_picked":["Bane","Sucker Punch"],"picked":"Deflect","floor":5.0},{"not_picked":["Noxious Fumes","Acrobatics"],"picked":"Dagger Spray","floor":7.0},{"not_picked":["Slice","Deadly Poison"],"picked":"After Image","floor":10.0},{"not_picked":["Distraction","Flechettes"],"picked":"Slice","floor":11.0},{"not_picked":["Expertise","Backflip"],"picked":"Cloak And Dagger","floor":13.0},{"not_picked":["Outmaneuver","Quick Slash"],"picked":"Finisher","floor":14.0},{"not_picked":["Envenom","Night Terror"],"picked":"A Thousand Cuts","floor":16.0},{"not_picked":["Deadly Poison","Caltrops+1"],"picked":"Blade Dance","floor":18},{"not_picked":["Quick Slash","Skewer","Prepared"],"picked":"SKIP","floor":20},{"not_picked":["Dagger Throw","Dagger Spray","A Thousand Cuts"],"picked":"SKIP","floor":23},{"not_picked":["Bane","Slice","Quick Slash"],"picked":"SKIP","floor":24}],"player_experience":927500,"relics_obtained":[{"floor":9.0,"key":"Shuriken"},{"floor":10.0,"key":"MawBank"},{"floor":14.0,"key":"Strawberry"},{"floor":23,"key":"Happy Flower"}],"event_choices":[{"damage_healed":0.0,"max_hp_gain":0.0,"max_hp_loss":0.0,"gold_gain":0.0,"event_name":"Scrap Ooze","player_choice":"Success","floor":3.0,"gold_loss":0.0,"damage_taken":5.0,"relics_obtained":["Gremlin Horn"]},{"damage_healed":0.0,"max_hp_gain":0.0,"max_hp_loss":0.0,"gold_gain":0.0,"event_name":"FaceTrader","player_choice":"Trade","floor":4.0,"gold_loss":0.0,"damage_taken":0.0,"relics_obtained":["CultistMask"]},{"cards_removed":["Strike_G"],"damage_healed":0.0,"max_hp_gain":0.0,"max_hp_loss":0.0,"gold_gain":0.0,"event_name":"Purifier","player_choice":"Purged","floor":12.0,"gold_loss":0.0,"damage_taken":0.0},{"damage_healed":13,"gold_gain":0,"player_choice":"Heal","damage_taken":0,"max_hp_gain":0,"max_hp_loss":0,"event_name":"The Library","floor":21,"gold_loss":0}],"is_beta":false,"boss_relics":[{"not_picked":["Orrery","Runic Dome"],"picked":"Philosopher\u0027s Stone"}],"items_purged_floors":[2,19,22],"is_endless":false,"potions_floor_spawned":[5,11,14,18,23],"killed_by":"Snake Plant","ascension_level":17}