{"gold_per_floor":[115,115,190,190,211,211,249,5,29,54,72,105,140,152,164,272,284,271,307,342,378,305,317,329],"floor_reached":24,"playtime":732,"items_purged":["Injury"],"score":431,"play_id":"5d076994-217f-4746-8bdf-76e2ba288ee8","local_time":"20190818202531","is_ascension_mode":true,"campfire_choices":[{"data":"Genetic Algorithm","floor":6,"key":"SMITH"},{"floor":15,"key":"REST"},{"floor":23,"key":"REST"}],"neow_cost":"NONE","seed_source_timestamp":256940982762300,"circlet_count":0,"master_deck":["AscendersBane","Strike_B+1","Strike_B","Strike_B","Strike_B+1","Defend_B","Defend_B+1","Defend_B","Defend_B+1","Zap","Dualcast","Genetic Algorithm+1","Conserve Battery","Ball Lightning","Defragment","Sunder","Conserve Battery","Creative AI","Steam+1","Sweeping Beam","Conserve Battery","Streamline"],"relics":["Cracked Core","NeowsBlessing","Vajra","Symbiotic Virus","Golden Idol","Orichalcum","PreservedInsect","Whetstone","MawBank","Snecko Eye","War Paint"],"potions_floor_usage":[16,18,21,24],"damage_taken":[{"damage":0,"enemies":"2 Louse","floor":1,"turns":1},{"damage":0,"enemies":"Jaw Worm","floor":5,"turns":1},{"damage":0,"enemies":"3 Sentries","floor":7,"turns":1},{"damage":3,"enemies":"Small Slimes","floor":10,"turns":3},{"damage":4,"enemies":"Blue Slaver","floor":11,"turns":2},{"damage":11,"enemies":"Gremlin Nob","floor":12,"turns":3},{"damage":0,"enemies":"Large Slime","floor":13,"turns":5},{"damage":20,"enemies":"Hexaghost","floor":16,"turns":8},{"damage":21,"enemies":"2 Thieves","floor":18,"turns":4},{"damage":16,"enemies":"Shell Parasite","floor":19,"turns":5},{"damage":19,"enemies":"Centurion and Healer","floor":20,"turns":5},{"damage":0,"enemies":"Chosen and Byrds","floor":21,"turns":5},{"damage":27,"enemies":"Shelled Parasite and Fungi","floor":24,"turns":3}],"seed_played":"-3510236089150011437","potions_obtained":[{"floor":1,"key":"GamblersBrew"},{"floor":12,"key":"Block Potion"},{"floor":13,"key":"Swift Potion"},{"floor":16,"key":"Fire Potion"},{"floor":19,"key":"AttackPotion"}],"is_trial":false,"path_per_floor":["M","?","T","?","M","R","E","$","T","M","M","E","M","$","R","B",null,"M","M","M","M","?","R","M"],"character_chosen":"DEFECT","items_purchased":["PreservedInsect"],"campfire_rested":2,"item_purchase_floors":[8],"current_hp_per_floor":[64,46,46,46,46,46,46,46,46,43,39,28,28,28,49,29,61,40,24,5,5,5,26,0],"gold":329,"neow_bonus":"THREE_ENEMY_KILL","is_prod":false,"is_daily":false,"chose_seed":false,"campfire_upgraded":1,"win_rate":0,"timestamp":1566127531,"path_taken":["M","?","?","?","M","R","E","$","T","M","M","E","M","?","R","BOSS","M","M","M","M","?","R","M"],"build_version":"2019-07-17","purchased_purges":1,"victory":false,"max_hp_per_floor":[71,71,71,71,71,71,71,71,71,71,71,71,71,71,71,71,71,71,71,71,71,71,71,71],"card_choices":[{"not_picked":["Storm","Chaos"],"picked":"Genetic Algorithm","floor":1},{"not_picked":["Sweeping Beam","Scrape"],"picked":"Conserve Battery","floor":5},{"not_picked":["Doom and Gloom","Heatsinks"],"picked":"Ball Lightning","floor":7},{"not_picked":["Gash","Stack"],"picked":"Defragment","floor":10},{"not_picked":["Ball Lightning","Compile Driver"],"picked":"Sunder","floor":11},{"not_picked":["Redo","Turbo"],"picked":"Conserve Battery","floor":12},{"not_picked":["Turbo","Barrage","Beam Cell"],"picked":"SKIP","floor":13},{"not_picked":["Biased Cognition","All For One"],"picked":"Creative AI","floor":16},{"not_picked":["Stack","Turbo"],"picked":"Steam+1","floor":18},{"not_picked":["Stack","Steam"],"picked":"Sweeping Beam","floor":19},{"not_picked":["Beam Cell+1","Compile Driver"],"picked":"Conserve Battery","floor":20},{"not_picked":["Go for the Eyes","Gash"],"picked":"Streamline","floor":21}],"player_experience":200365,"relics_obtained":[{"floor":3,"key":"Symbiotic Virus"},{"floor":7,"key":"Orichalcum"},{"floor":9,"key":"Whetstone"},{"floor":12,"key":"MawBank"}],"event_choices":[{"damage_healed":0,"gold_gain":0,"player_choice":"Success","damage_taken":18,"relics_obtained":["Vajra"],"max_hp_gain":0,"max_hp_loss":0,"event_name":"Scrap Ooze","floor":2,"gold_loss":0},{"damage_healed":0,"gold_gain":0,"player_choice":"Take Wound","damage_taken":0,"relics_obtained":["Golden Idol"],"max_hp_gain":0,"max_hp_loss":0,"event_name":"Golden Idol","floor":4,"gold_loss":0,"cards_obtained":["Injury"]},{"damage_healed":0,"gold_gain":0,"player_choice":"Obtained Relic","damage_taken":0,"relics_obtained":["War Paint"],"max_hp_gain":0,"max_hp_loss":0,"event_name":"Addict","floor":22,"gold_loss":85}],"is_beta":false,"boss_relics":[{"not_picked":["Velvet Choker","Coffee Dripper"],"picked":"Snecko Eye"}],"items_purged_floors":[8],"is_endless":false,"potions_floor_spawned":[1,12,13,16,19],"killed_by":"Shelled Parasite and Fungi","ascension_level":17}