{"gold_per_floor":[116,116,11,161,171,171,203,35,109,136,5,80,80,108,108,186,186,205,205,47,0],"floor_reached":21,"playtime":552,"items_purged":["Doubt","Strike_R"],"score":382,"play_id":"45ea973f-310f-471e-9d4b-3647fb08c60b","local_time":"20190806220335","is_ascension_mode":true,"campfire_choices":[{"floor":6.0,"key":"REST"},{"floor":13.0,"key":"REST"},{"floor":15.0,"key":"REST"}],"neow_cost":"NONE","seed_source_timestamp":0,"circlet_count":0,"master_deck":["AscendersBane","Strike_R","Strike_R","Strike_R","Strike_R","Defend_R","Defend_R","Defend_R","Defend_R","Bash","Inflame","Armaments","Perfected Strike","Battle Trance","Ghostly Armor","Armaments","Metallicize","Juggernaut","Perfected Strike","Feel No Pain","Fiend Fire","Power Through","Armaments"],"special_seed":0,"relics":["Fusion Hammer","Blue Candle","Letter Opener","Bottled Lightning","Lizard Tail"],"potions_floor_usage":[],"damage_taken":[{"damage":7.0,"enemies":"Jaw Worm","floor":1.0,"turns":3.0},{"damage":0.0,"enemies":"Cultist","floor":5.0,"turns":3.0},{"damage":8.0,"enemies":"Gremlin Nob","floor":7.0,"turns":3.0},{"damage":22.0,"enemies":"3 Sentries","floor":10.0,"turns":12.0},{"damage":6.0,"enemies":"Gremlin Nob","floor":14.0,"turns":3.0},{"damage":12.0,"enemies":"The Guardian","floor":16.0,"turns":8.0},{"damage":21,"enemies":"Shell Parasite","floor":18,"turns":5},{"damage":6,"enemies":"2 Thieves","floor":21,"turns":3}],"seed_played":"588819661855548428","potions_obtained":[{"floor":1.0,"key":"SteroidPotion"},{"floor":10.0,"key":"PowerPotion"}],"is_trial":false,"path_per_floor":["M","?","$","?","M","R","E","$","T","E","$","?","R","E","R","B",null,"M","?","$","M"],"character_chosen":"IRONCLAD","items_purchased":["Armaments","Perfected Strike","Armaments","Metallicize","Perfected Strike","Feel No Pain","Armaments"],"campfire_rested":3,"item_purchase_floors":[3,3,8,8,11,11,20],"current_hp_per_floor":[61,66,66,66,66,80,72,72,72,50,50,39,63,57,80,68,77,56,56,56,50],"gold":0,"neow_bonus":"BOSS_RELIC","is_prod":false,"is_daily":false,"chose_seed":false,"campfire_upgraded":0,"win_rate":0,"timestamp":1565154215,"path_taken":["M","?","$","?","?","R","E","$","T","E","?","?","R","E","R","BOSS","M","?","$","M"],"build_version":"2019-07-18","purchased_purges":2,"victory":false,"max_hp_per_floor":[75,80,80,80,80,80,80,80,80,80,80,80,80,80,80,80,80,80,80,80,80],"card_choices":[{"not_picked":["Intimidate","Ghostly Armor"],"picked":"Inflame","floor":1.0},{"not_picked":["Whirlwind","Heavy Blade"],"picked":"Battle Trance","floor":5.0},{"not_picked":["Clash","Battle Trance"],"picked":"Ghostly Armor","floor":7.0},{"not_picked":["Pummel","Power Through"],"picked":"Juggernaut","floor":10.0},{"not_picked":["Thunderclap","Whirlwind","Heavy Blade"],"picked":"SKIP","floor":14.0},{"not_picked":["Exhume","Reaper"],"picked":"Fiend Fire","floor":16.0},{"not_picked":["True Grit","Havoc+1"],"picked":"Power Through","floor":18}],"player_experience":1379408,"relics_obtained":[{"floor":7.0,"key":"Blue Candle"},{"floor":10.0,"key":"Letter Opener"},{"floor":14.0,"key":"Bottled Lightning"}],"event_choices":[{"damage_healed":0.0,"max_hp_gain":5.0,"max_hp_loss":0.0,"gold_gain":0.0,"event_name":"Big Fish","player_choice":"Donut","floor":2.0,"gold_loss":0.0,"damage_taken":0.0},{"damage_healed":0.0,"max_hp_gain":0.0,"max_hp_loss":0.0,"gold_gain":150.0,"event_name":"Liars Game","player_choice":"AGREE","floor":4.0,"gold_loss":0.0,"damage_taken":0.0,"cards_obtained":["Doubt"]},{"damage_healed":0.0,"max_hp_gain":0.0,"max_hp_loss":0.0,"gold_gain":75.0,"event_name":"World of Goop","player_choice":"Gather Gold","floor":12.0,"gold_loss":0.0,"damage_taken":11.0},{"damage_healed":0,"gold_gain":0,"player_choice":"Ignored","damage_taken":0,"max_hp_gain":0,"max_hp_loss":0,"event_name":"Vampires","floor":19,"gold_loss":0}],"is_beta":true,"boss_relics":[{"not_picked":["Runic Cube","Calling Bell"],"picked":"Lizard Tail"}],"items_purged_floors":[8,20],"is_endless":false,"potions_floor_spawned":[1,10],"killed_by":"2 Thieves","ascension_level":20}