{"gold_per_floor":[369,386,346,364,380,380,411,138,188,363,66,66,66,31,31,31],"floor_reached":16,"playtime":571,"items_purged":["Strike_R","Doubt"],"score":108,"play_id":"62844f3c-ae1b-4049-be09-fb68447ca1cd","local_time":"20190630234304","is_ascension_mode":true,"campfire_choices":[{"data":"Cleave","floor":6,"key":"SMITH"},{"data":"Inflame","floor":13,"key":"SMITH"},{"data":"Disarm","floor":15,"key":"SMITH"}],"neow_cost":"PERCENT_DAMAGE","seed_source_timestamp":440895592539500,"circlet_count":0,"master_deck":["Strike_R","Strike_R","Strike_R","Strike_R","Defend_R","Defend_R","Defend_R","Defend_R","Bash","Cleave+1","Shrug It Off","Evolve","Inflame+1","Disarm+1","Cleave","Shrug It Off"],"relics":["Burning Blood","Gremlin Horn","Juzu Bracelet"],"potions_floor_usage":[7],"damage_taken":[{"damage":4,"enemies":"2 Louse","floor":1,"turns":4},{"damage":20,"enemies":"Cultist","floor":2,"turns":5},{"damage":9,"enemies":"Jaw Worm","floor":4,"turns":4},{"damage":23,"enemies":"Large Slime","floor":5,"turns":8},{"damage":18,"enemies":"Lagavulin","floor":7,"turns":6},{"damage":32,"enemies":"The Guardian","floor":16,"turns":2}],"seed_played":"3236224519050489885","potions_obtained":[{"floor":3,"key":"FairyPotion"},{"floor":3,"key":"Ancient Potion"},{"floor":3,"key":"LiquidBronze"},{"floor":4,"key":"AttackPotion"}],"is_trial":false,"path_per_floor":["M","M","?","M","M","R","E","$","T","?","$","?","R","?","R","B"],"character_chosen":"IRONCLAD","items_purchased":["Inflame","Disarm","Cleave","Shrug It Off","Juzu Bracelet"],"campfire_rested":0,"item_purchase_floors":[8,8,8,11,11],"current_hp_per_floor":[58,44,44,41,24,24,12,12,12,12,12,12,12,32,32,0],"gold":31,"neow_bonus":"TWO_FIFTY_GOLD","is_prod":false,"is_daily":false,"chose_seed":false,"campfire_upgraded":3,"win_rate":0,"timestamp":1561956184,"path_taken":["M","M","?","?","M","R","E","$","T","?","$","?","R","?","R","BOSS"],"build_version":"2019-01-23","purchased_purges":2,"victory":false,"max_hp_per_floor":[80,80,80,80,80,80,80,80,80,80,80,80,80,80,80,80],"card_choices":[{"not_picked":["Twin Strike","Pommel Strike","Clash"],"picked":"SKIP","floor":1},{"not_picked":["Pommel Strike","Anger"],"picked":"Cleave","floor":2},{"not_picked":["Pommel Strike","Uppercut","Searing Blow"],"picked":"SKIP","floor":4},{"not_picked":["Clothesline","Anger"],"picked":"Shrug It Off","floor":5},{"not_picked":["Rupture","Blood for Blood"],"picked":"Evolve","floor":7}],"player_experience":348116,"relics_obtained":[{"floor":7,"key":"Gremlin Horn"}],"event_choices":[{"damage_healed":0,"gold_gain":0,"player_choice":"Bought 3 Potions","damage_taken":0,"max_hp_gain":0,"max_hp_loss":0,"event_name":"The Woman in Blue","floor":3,"gold_loss":0},{"damage_healed":0,"gold_gain":175,"player_choice":"AGREE","damage_taken":0,"max_hp_gain":0,"max_hp_loss":0,"event_name":"Liars Game","floor":10,"gold_loss":0,"cards_obtained":["Doubt"]},{"damage_healed":0,"gold_gain":0,"player_choice":"Ignored","damage_taken":0,"max_hp_gain":0,"max_hp_loss":0,"event_name":"Shining Light","floor":12,"gold_loss":0},{"damage_healed":20,"gold_gain":0,"player_choice":"Healed","damage_taken":0,"max_hp_gain":0,"max_hp_loss":0,"event_name":"The Cleric","floor":14,"gold_loss":35}],"is_beta":false,"boss_relics":[],"items_purged_floors":[8,11],"is_endless":false,"potions_floor_spawned":[4],"killed_by":"The Guardian","ascension_level":2}