{"gold_per_floor":[112,112,112,112,123,154,168,179,202,156,185,185,185,205,205,324,324,342,357,357],"floor_reached":20,"playtime":638,"items_purged":[],"score":209,"play_id":"966351d6-67f4-420c-8c77-60ae6943e599","local_time":"20190119181916","is_ascension_mode":false,"campfire_choices":[{"floor":12,"key":"REST"},{"data":"Flex","floor":15,"key":"SMITH"}],"neow_cost":"NONE","seed_source_timestamp":864880369262921,"circlet_count":0,"master_deck":["Strike_R","Strike_R","Strike_R","Defend_R","Defend_R","Defend_R","Bash","Cleave","Ghostly Armor","Iron Wave","Flex+1","Shrug It Off","Heavy Blade","Flex","Exhume","Power Through+1"],"relics":["Burning Blood","NeowsBlessing","Regal Pillow","PreservedInsect","Bronze Scales","Golden Idol","Empty Cage"],"potions_floor_usage":[16,16],"damage_taken":[{"damage":0,"enemies":"Jaw Worm","floor":1,"turns":1},{"damage":0,"enemies":"Small Slimes","floor":5,"turns":1},{"damage":0,"enemies":"Gremlin Nob","floor":6,"turns":1},{"damage":6,"enemies":"2 Louse","floor":7,"turns":3},{"damage":3,"enemies":"Lots of Slimes","floor":8,"turns":3},{"damage":53,"enemies":"Lagavulin","floor":11,"turns":8},{"damage":0,"enemies":"Blue Slaver","floor":14,"turns":4},{"damage":45,"enemies":"Hexaghost","floor":16,"turns":12},{"damage":23,"enemies":"2 Thieves","floor":18,"turns":5},{"damage":27,"enemies":"Shell Parasite","floor":19,"turns":13},{"damage":59,"enemies":"Cultist and Chosen","floor":20,"turns":6}],"seed_played":"-2704948116426058588","potions_obtained":[{"floor":1,"key":"AttackPotion"},{"floor":7,"key":"Strength Potion"},{"floor":11,"key":"SkillPotion"},{"floor":18,"key":"Ancient Potion"},{"floor":19,"key":"Energy Potion"}],"is_trial":false,"path_per_floor":["M","?","?","?","M","E","M","M","T","$","E","R","?","M","R","B",null,"M","M","M"],"character_chosen":"IRONCLAD","items_purchased":["Shrug It Off"],"campfire_rested":1,"item_purchase_floors":[10],"current_hp_per_floor":[80,85,85,85,85,85,85,85,85,85,38,78,57,63,63,24,85,68,47,0],"gold":357,"neow_bonus":"THREE_ENEMY_KILL","is_prod":false,"is_daily":false,"chose_seed":false,"campfire_upgraded":1,"win_rate":0.0,"timestamp":1547939956,"path_taken":["M","?","?","?","M","E","?","M","T","$","E","R","?","M","R","BOSS","M","M","M"],"build_version":"2019-01-17v2","purchased_purges":0,"victory":false,"max_hp_per_floor":[80,85,85,85,85,85,85,85,85,85,85,85,85,85,85,85,85,85,85,85],"card_choices":[{"not_picked":["True Grit","Wild Strike","Perfected Strike"],"picked":"SKIP","floor":1},{"not_picked":["Battle Trance","Reaper"],"picked":"Cleave","floor":5},{"not_picked":["Evolve","Blood for Blood"],"picked":"Ghostly Armor","floor":6},{"not_picked":["Whirlwind","True Grit"],"picked":"Iron Wave","floor":7},{"not_picked":["Perfected Strike","Dropkick"],"picked":"Flex","floor":8},{"not_picked":["Twin Strike","Clothesline"],"picked":"Heavy Blade","floor":11},{"not_picked":["Battle Trance","Sentinel"],"picked":"Flex","floor":14},{"not_picked":["Barricade","Dark Embrace"],"picked":"Exhume","floor":16},{"not_picked":["Twin Strike","Thunderclap"],"picked":"Power Through+1","floor":18},{"not_picked":["Twin Strike","Carnage","Bloodletting"],"picked":"SKIP","floor":19}],"player_experience":43474,"relics_obtained":[{"floor":6,"key":"Regal Pillow"},{"floor":9,"key":"PreservedInsect"},{"floor":11,"key":"Bronze Scales"}],"event_choices":[{"damage_healed":0,"gold_gain":0,"player_choice":"Donut","damage_taken":0,"max_hp_gain":5,"max_hp_loss":0,"event_name":"Big Fish","floor":2,"gold_loss":0},{"damage_healed":0,"gold_gain":0,"player_choice":"Ignored","damage_taken":0,"max_hp_gain":0,"max_hp_loss":0,"event_name":"Liars Game","floor":3,"gold_loss":0},{"cards_removed":["Strike_R"],"damage_healed":0,"gold_gain":0,"player_choice":"Purged","damage_taken":0,"max_hp_gain":0,"max_hp_loss":0,"event_name":"Purifier","floor":4,"gold_loss":0},{"damage_healed":0,"gold_gain":0,"player_choice":"Take Damage","damage_taken":21,"relics_obtained":["Golden Idol"],"max_hp_gain":0,"max_hp_loss":0,"event_name":"Golden Idol","floor":13,"gold_loss":0}],"is_beta":false,"boss_relics":[{"not_picked":["Fusion Hammer","Calling Bell"],"picked":"Empty Cage"}],"items_purged_floors":[],"is_endless":false,"potions_floor_spawned":[1,7,11,14,18,19],"killed_by":"Cultist and Chosen","ascension_level":0}