{"gold_per_floor":[110,110,122,24,37,37,66,66,66,98,23,23,37,47,47,47],"floor_reached":16,"playtime":302,"items_purged":[],"score":220,"play_id":"d876758c-04f9-45f2-88fc-1d700c587266","local_time":"20190107130739","is_ascension_mode":true,"campfire_choices":[{"data":"Melter","floor":6,"key":"SMITH"},{"data":"Hologram","floor":12,"key":"SMITH"},{"data":"Streamline","floor":15,"key":"SMITH"}],"neow_cost":"NONE","seed_source_timestamp":299351051045894,"circlet_count":0,"master_deck":["AscendersBane","Strike_B","Strike_B","Strike_B","Strike_B","Defend_B","Defend_B","Defend_B","Defend_B","Zap","Dualcast","Beam Cell+1","Hologram+1","Conserve Battery","Melter+1","Auto Shields","Seek","Streamline+1","White Noise","FTL","Melter"],"relics":["Cracked Core","NeowsBlessing","Dream Catcher","Blue Candle","Boot"],"potions_floor_usage":[7],"damage_taken":[{"damage":0,"enemies":"2 Louse","floor":1,"turns":1},{"damage":0,"enemies":"Jaw Worm","floor":3,"turns":1},{"damage":0,"enemies":"Cultist","floor":5,"turns":1},{"damage":17,"enemies":"3 Sentries","floor":7,"turns":8},{"damage":8,"enemies":"Gremlin Nob","floor":10,"turns":3},{"damage":0,"enemies":"Large Slime","floor":13,"turns":4},{"damage":2,"enemies":"3 Louse","floor":14,"turns":3},{"damage":3,"enemies":"The Guardian","floor":16,"turns":4}],"seed_played":"-1170304122679670320","potions_obtained":[{"floor":1,"key":"FearPotion"},{"floor":5,"key":"Strength Potion"},{"floor":14,"key":"SkillPotion"}],"is_trial":false,"path_per_floor":["M","?","M","$","M","R","E","?","T","E","$","R","M","M","R","B"],"character_chosen":"DEFECT","items_purchased":["Conserve Battery","Melter","White Noise"],"campfire_rested":0,"item_purchase_floors":[4,4,11],"current_hp_per_floor":[64,64,64,64,64,64,47,52,52,44,44,44,44,42,42,39],"gold":47,"neow_bonus":"THREE_ENEMY_KILL","is_prod":false,"is_daily":false,"chose_seed":false,"campfire_upgraded":3,"win_rate":0,"timestamp":1546895259,"path_taken":["M","?","M","$","M","R","E","?","T","E","$","R","M","M","R","BOSS"],"build_version":"2019-01-03v4","purchased_purges":0,"victory":false,"max_hp_per_floor":[71,71,71,71,71,71,71,76,76,76,76,76,76,76,76,76],"card_choices":[{"not_picked":["Darkness","Steam"],"picked":"Beam Cell","floor":1},{"not_picked":["Recycle","Go for the Eyes"],"picked":"Hologram","floor":3},{"not_picked":["Blizzard","Reinforced Body"],"picked":"Auto Shields","floor":5},{"not_picked":["Compile Driver","Hologram"],"picked":"Seek","floor":7},{"not_picked":["Turbo","Biased Cognition"],"picked":"Streamline","floor":10},{"not_picked":["BootSequence","Compile Driver"],"picked":"FTL","floor":13},{"not_picked":["Sweeping Beam","Double Energy"],"picked":"Melter","floor":14}],"player_experience":1007927,"relics_obtained":[{"floor":7,"key":"Dream Catcher"},{"floor":9,"key":"Blue Candle"},{"floor":10,"key":"Boot"}],"event_choices":[{"damage_healed":0,"gold_gain":0,"player_choice":"Grow","damage_taken":0,"max_hp_gain":0,"max_hp_loss":0,"event_name":"Living Wall","floor":2,"gold_loss":0,"cards_upgraded":["Beam Cell"]},{"damage_healed":0,"gold_gain":0,"player_choice":"Donut","damage_taken":0,"max_hp_gain":5,"max_hp_loss":0,"event_name":"Big Fish","floor":8,"gold_loss":0}],"is_beta":true,"boss_relics":[],"items_purged_floors":[],"is_endless":false,"potions_floor_spawned":[1,5,14],"killed_by":"The Guardian","ascension_level":20}