{"gold_per_floor":[109,109,119,119,131,131,164,180,258,271,271,271,50,60,60,160,160,173,173,173,188,288,288,306,319,319,319,331,138,138,154,154,259,259,276,331,331,331,331,331,331,361,361,396,415,415,84,100,100,100,100,100,21,52,52],"floor_reached":55,"playtime":4881,"items_purged":["Strike_G","Strike_G","Defend_G"],"score":750,"play_id":"a91605e5-03b1-47d4-a379-253af1b18a7f","local_time":"20190615123712","is_ascension_mode":false,"campfire_choices":[{"data":"Footwork","floor":6,"key":"SMITH"},{"floor":12,"key":"REST"},{"data":"Footwork","floor":15,"key":"SMITH"},{"floor":23,"key":"RECALL"},{"data":"After Image","floor":27,"key":"SMITH"},{"data":"Neutralize","floor":32,"key":"SMITH"},{"data":"A Thousand Cuts","floor":40,"key":"SMITH"},{"data":"Madness","floor":49,"key":"SMITH"},{"data":"Madness","floor":52,"key":"SMITH"}],"neow_cost":"NONE","seed_source_timestamp":303414617207315,"circlet_count":0,"master_deck":["Defend_G","Defend_G","Defend_G","Defend_G","Survivor","Neutralize+1","Finesse","Cloak And Dagger","Finisher","Footwork+1","Footwork+1","Deflect","Dagger Spray","Slice","Finesse","Dodge and Roll","After Image+1","Slice","RitualDagger","Dagger Spray+1","Flying Knee","Blade Dance+1","Bandage Up","Bite","Bite","Bite","Bite","A Thousand Cuts+1","Flying Knee+1","Madness+1","Madness+1","Backstab+1","Slice","Concentrate","PiercingWail+1"],"relics":["Ring of the Snake","Unceasing Top","Anchor","Singing Bowl","Coffee Dripper","Darkstone Periapt","Torii","Pear","Philosopher\u0027s Stone","Pocketwatch","Juzu Bracelet","Omamori","OrangePellets"],"potions_floor_usage":[7,7,7,10,16,21,24,33,55,55,55],"damage_taken":[{"damage":0,"enemies":"2 Louse","floor":1,"turns":3},{"damage":0,"enemies":"Small Slimes","floor":3,"turns":3},{"damage":3,"enemies":"Cultist","floor":5,"turns":4},{"damage":28,"enemies":"Gremlin Nob","floor":7,"turns":7},{"damage":2,"enemies":"Exordium Wildlife","floor":8,"turns":4},{"damage":6,"enemies":"2 Fungi Beasts","floor":10,"turns":4},{"damage":7,"enemies":"Large Slime","floor":14,"turns":5},{"damage":31,"enemies":"Slime Boss","floor":16,"turns":18},{"damage":2,"enemies":"Spheric Guardian","floor":18,"turns":7},{"damage":0,"enemies":"Chosen","floor":21,"turns":6},{"damage":7,"enemies":"Colosseum Slavers","floor":22,"turns":5},{"damage":22,"enemies":"Colosseum Nobs","floor":22,"turns":7},{"damage":0,"enemies":"Snecko","floor":24,"turns":5},{"damage":7,"enemies":"Snake Plant","floor":25,"turns":9},{"damage":0,"enemies":"Centurion and Healer","floor":28,"turns":6},{"damage":13,"enemies":"Chosen and Byrds","floor":31,"turns":8},{"damage":44,"enemies":"Automaton","floor":33,"turns":15},{"damage":12,"enemies":"3 Darklings","floor":35,"turns":5},{"damage":41,"enemies":"2 Orb Walkers","floor":36,"turns":7},{"damage":6,"enemies":"Reptomancer","floor":42,"turns":6},{"damage":30,"enemies":"Nemesis","floor":44,"turns":9},{"damage":0,"enemies":"Orb Walker","floor":45,"turns":3},{"damage":7,"enemies":"3 Darklings","floor":48,"turns":4},{"damage":10,"enemies":"Awakened One","floor":50,"turns":17},{"damage":24,"enemies":"Shield and Spear","floor":54,"turns":7},{"damage":78,"enemies":"The Heart","floor":55,"turns":5}],"seed_played":"-6988838310878091579","potions_obtained":[{"floor":4,"key":"Energy Potion"},{"floor":4,"key":"Weak Potion"},{"floor":4,"key":"SpeedPotion"},{"floor":7,"key":"Fire Potion"},{"floor":14,"key":"Poison Potion"},{"floor":18,"key":"Fire Potion"},{"floor":22,"key":"Ancient Potion"},{"floor":24,"key":"Explosive Potion"},{"floor":44,"key":"SpeedPotion"},{"floor":45,"key":"EssenceOfSteel"},{"floor":48,"key":"EssenceOfSteel"}],"is_trial":false,"path_per_floor":["M","?","M","?","M","R","E","M","T","M","?","R","$","M","R","B",null,"M","?","?","M","?","R","M","M","T","R","M","$","?","M","R","B",null,"M","?","?","?","?","R","?","E","T","E","M","?","$","M","R","B",null,"R","$","E","B"],"character_chosen":"THE_SILENT","items_purchased":["Slice","Finesse","Bandage Up","OrangePellets","Concentrate"],"campfire_rested":1,"item_purchase_floors":[13,13,29,47,53],"current_hp_per_floor":[70,58,58,58,55,55,27,25,25,19,19,40,40,33,33,2,70,70,70,64,64,37,37,37,30,40,40,42,42,42,47,47,37,62,53,33,33,33,35,35,27,41,41,31,39,70,70,69,69,70,70,70,70,54,0],"gold":52,"neow_bonus":"RANDOM_COLORLESS","is_prod":false,"is_daily":false,"chose_seed":false,"campfire_upgraded":7,"win_rate":0,"timestamp":1560620232,"path_taken":["M","?","M","?","M","R","E","M","T","?","?","R","$","M","R","BOSS","M","?","?","M","?","R","M","M","T","R","M","$","?","?","R","BOSS","M","?","?","?","?","R","?","E","T","E","M","?","$","M","R","BOSS","R","$","E","BOSS"],"build_version":"2019-01-23","purchased_purges":3,"victory":false,"max_hp_per_floor":[70,70,70,70,70,70,70,70,70,70,70,70,70,70,70,70,70,72,72,72,72,74,74,74,74,84,84,86,86,60,62,62,62,62,62,64,64,64,66,66,66,68,68,68,70,70,70,70,70,70,70,70,70,70,70],"card_choices":[{"not_picked":["PiercingWail","Dodge and Roll"],"picked":"Cloak And Dagger","floor":1},{"not_picked":["PiercingWail","Concentrate"],"picked":"Finisher","floor":3},{"not_picked":["Sucker Punch","Heel Hook"],"picked":"Footwork","floor":5},{"not_picked":["Setup","Calculated Gamble"],"picked":"Footwork","floor":7},{"not_picked":["Infinite Blades","Outmaneuver"],"picked":"Deflect","floor":8},{"not_picked":["Reflex","Outmaneuver"],"picked":"Dagger Spray","floor":10},{"not_picked":["Quick Slash","Distraction"],"picked":"Dodge and Roll","floor":14},{"not_picked":["Glass Knife","Corpse Explosion"],"picked":"After Image","floor":16},{"not_picked":["Setup","Acrobatics+1","Underhanded Strike"],"picked":"Singing Bowl","floor":18},{"not_picked":["Dodge and Roll","Well Laid Plans"],"picked":"Dagger Spray+1","floor":21},{"not_picked":["Acrobatics","Blur","Prepared"],"picked":"Singing Bowl","floor":22},{"not_picked":["Backflip","Well Laid Plans"],"picked":"Flying Knee","floor":24},{"not_picked":["Predator+1","Burst"],"picked":"Blade Dance+1","floor":25},{"not_picked":["Outmaneuver+1","Riddle With Holes","PiercingWail"],"picked":"Singing Bowl","floor":28},{"not_picked":["Blade Dance","Deadly Poison","Dagger Spray"],"picked":"Singing Bowl","floor":31},{"not_picked":["Phantasmal Killer","Venomology"],"picked":"A Thousand Cuts","floor":33},{"not_picked":["Poisoned Stab","Dodge and Roll"],"picked":"Flying Knee+1","floor":35},{"not_picked":["Blade Dance+1","Acrobatics","Corpse Explosion"],"picked":"Singing Bowl","floor":36},{"not_picked":["Metamorphosis","PanicButton","Forethought"],"picked":"Singing Bowl","floor":39},{"not_picked":["Accuracy","Finisher+1","Deadly Poison+1"],"picked":"Singing Bowl","floor":42},{"not_picked":["Bullet Time","Leg Sweep"],"picked":"Backstab+1","floor":44},{"not_picked":["Crippling Poison","Sucker Punch","Blade Dance+1"],"picked":"Singing Bowl","floor":45},{"not_picked":["Acrobatics","Bane"],"picked":"Slice","floor":48},{"not_picked":["Bouncing Flask","Eviscerate+1"],"picked":"PiercingWail+1","floor":54}],"player_experience":812521,"relics_obtained":[{"floor":7,"key":"Anchor"},{"floor":9,"key":"Singing Bowl"},{"floor":22,"key":"Darkstone Periapt"},{"floor":22,"key":"Torii"},{"floor":26,"key":"Pear"},{"floor":36,"key":"Pocketwatch"},{"floor":42,"key":"Juzu Bracelet"},{"floor":44,"key":"Omamori"}],"event_choices":[{"damage_healed":0,"gold_gain":0,"player_choice":"Success","damage_taken":12,"relics_obtained":["Unceasing Top"],"max_hp_gain":0,"max_hp_loss":0,"event_name":"Scrap Ooze","floor":2,"gold_loss":0},{"damage_healed":0,"gold_gain":0,"player_choice":"Got Potions","damage_taken":0,"max_hp_gain":0,"max_hp_loss":0,"event_name":"Lab","floor":4,"gold_loss":0},{"damage_healed":0,"gold_gain":0,"player_choice":"Ignored","damage_taken":0,"max_hp_gain":0,"max_hp_loss":0,"event_name":"Shining Light","floor":11,"gold_loss":0},{"damage_healed":0,"gold_gain":0,"player_choice":"Read","damage_taken":0,"max_hp_gain":0,"max_hp_loss":0,"event_name":"The Library","floor":19,"gold_loss":0,"cards_obtained":["Slice"]},{"damage_healed":0,"gold_gain":0,"player_choice":"Joined the Cult","damage_taken":6,"max_hp_gain":0,"max_hp_loss":0,"event_name":"Nest","floor":20,"gold_loss":0,"cards_obtained":["RitualDagger"]},{"damage_healed":0,"gold_gain":0,"player_choice":"Fight","damage_taken":0,"max_hp_gain":0,"max_hp_loss":0,"event_name":"Colosseum","floor":22,"gold_loss":0},{"damage_healed":0,"gold_gain":0,"player_choice":"Fought Nobs","damage_taken":0,"max_hp_gain":0,"max_hp_loss":0,"event_name":"Colosseum","floor":22,"gold_loss":0},{"damage_healed":0,"gold_gain":0,"player_choice":"Became a vampire","damage_taken":0,"max_hp_gain":0,"max_hp_loss":26,"event_name":"Vampires","floor":30,"gold_loss":0,"cards_obtained":["Bite","Bite","Bite","Bite","Bite"]},{"damage_healed":0,"gold_gain":0,"player_choice":"Fight","damage_taken":0,"max_hp_gain":0,"max_hp_loss":0,"event_name":"Mysterious Sphere","floor":36,"gold_loss":0},{"damage_healed":0,"gold_gain":0,"player_choice":"Ignored","damage_taken":0,"max_hp_gain":0,"max_hp_loss":0,"event_name":"Tomb of Lord Red Mask","floor":37,"gold_loss":0},{"cards_removed":["Bite"],"damage_healed":0,"gold_gain":0,"player_choice":"Removed Attack","damage_taken":0,"max_hp_gain":0,"max_hp_loss":0,"event_name":"Falling","floor":38,"gold_loss":0},{"damage_healed":0,"gold_gain":0,"player_choice":"Memory 1","damage_taken":0,"max_hp_gain":0,"max_hp_loss":0,"event_name":"SensoryStone","floor":39,"gold_loss":0},{"damage_healed":0,"gold_gain":0,"player_choice":"Embrace Madness","damage_taken":8,"max_hp_gain":0,"max_hp_loss":0,"event_name":"Winding Halls","floor":41,"gold_loss":0,"cards_obtained":["Madness","Madness"]},{"damage_healed":31,"gold_gain":0,"player_choice":"Heal","damage_taken":0,"max_hp_gain":0,"max_hp_loss":0,"event_name":"MindBloom","floor":46,"gold_loss":0,"cards_obtained":["Doubt"]}],"is_beta":false,"boss_relics":[{"not_picked":["Pandora\u0027s Box","Runic Dome"],"picked":"Coffee Dripper"},{"not_picked":["Empty Cage","White Beast Statue"],"picked":"Philosopher\u0027s Stone"}],"items_purged_floors":[13,29,47],"is_endless":false,"potions_floor_spawned":[7,14,18,22,22,24,44,45,48],"killed_by":"The Heart","ascension_level":0}