{"gold_per_floor":[113,129,129,145,157,157,105,105,105,105,105,105,105,125,125,225,225,240,259,8,8,25,25,45,45,45,55,111,121,136,61,61,165,165,180,195,195,195,205,205,205,205,280,280],"floor_reached":44,"playtime":2104,"items_purged":["Cloak And Dagger"],"score":620,"play_id":"2b5ccbd8-ef5a-4e72-81d6-c31a034f7bff","local_time":"20180714154011","daily_mods":["Draft"],"is_ascension_mode":false,"campfire_choices":[{"data":"Outmaneuver","floor":6.0,"key":"SMITH"},{"data":"Outmaneuver","floor":8.0,"key":"SMITH"},{"data":"Deflect","floor":12.0,"key":"SMITH"},{"data":"Calculated Gamble","floor":15.0,"key":"SMITH"},{"data":"Deadly Poison","floor":23.0,"key":"SMITH"},{"data":"Outmaneuver","floor":25.0,"key":"SMITH"},{"data":"Outmaneuver","floor":32.0,"key":"SMITH"},{"data":"Adrenaline","floor":40,"key":"SMITH"},{"data":"Catalyst","floor":42,"key":"SMITH"}],"neow_cost":"","seed_source_timestamp":0,"circlet_count":0,"master_deck":["Outmaneuver+1","Concentrate+1","Outmaneuver+1","Outmaneuver+1","Dodge and Roll","Escape Plan","Blur","Prepared","Dagger Throw","Flying Knee","Well Laid Plans","Dash","Backstab+1","Expertise","Calculated Gamble+1","Deflect+1","Terror","Die Die Die","Outmaneuver+1","Deflect","Infinite Blades","Deadly Poison+1","Catalyst+1","Concentrate","Deadly Poison+1","Outmaneuver","Adrenaline+1","Finisher+1","Escape Plan"],"special_seed":0,"relics":["Unceasing Top","Bottled Flame","Mummified Hand","CultistMask","Sozu","Oddly Smooth Stone","Molten Egg 2","Tiny Chest","Runic Dome","Kunai"],"potions_floor_usage":[],"damage_taken":[{"damage":0.0,"enemies":"Cultist","floor":1.0,"turns":3.0},{"damage":0.0,"enemies":"2 Louse","floor":2.0,"turns":2.0},{"damage":0.0,"enemies":"Small Slimes","floor":4.0,"turns":3.0},{"damage":0.0,"enemies":"Red Slaver","floor":5.0,"turns":4.0},{"damage":0.0,"enemies":"Exordium Wildlife","floor":14.0,"turns":3.0},{"damage":0.0,"enemies":"Slime Boss","floor":16.0,"turns":6.0},{"damage":0.0,"enemies":"3 Byrds","floor":18.0,"turns":3.0},{"damage":0.0,"enemies":"Chosen","floor":19.0,"turns":3.0},{"damage":0.0,"enemies":"Centurion and Healer","floor":22.0,"turns":4.0},{"damage":0.0,"enemies":"Cultist and Chosen","floor":24.0,"turns":4.0},{"damage":0.0,"enemies":"3 Cultists","floor":27.0,"turns":4.0},{"damage":0.0,"enemies":"Gremlin Leader","floor":28.0,"turns":4.0},{"damage":0.0,"enemies":"Chosen and Byrds","floor":29.0,"turns":3.0},{"damage":0.0,"enemies":"Centurion and Healer","floor":30.0,"turns":4.0},{"damage":0.0,"enemies":"Champ","floor":33.0,"turns":5.0},{"damage":0,"enemies":"3 Shapes","floor":35,"turns":3},{"damage":0,"enemies":"Orb Walker","floor":36,"turns":2},{"damage":0,"enemies":"3 Darklings","floor":39,"turns":3},{"damage":3,"enemies":"Nemesis","floor":44,"turns":2}],"seed_played":"-7109219145741691657","potions_obtained":[{"floor":2.0,"key":"Block Potion"},{"floor":16.0,"key":"LiquidBronze"}],"is_trial":true,"path_per_floor":["M","M","?","M","M","R","$","R","T","T","?","R","?","M","R","B",null,"M","M","$","?","M","R","M","R","T","M","E","M","M","$","R","B",null,"M","M","?","?","M","R","?","R","T"],"character_chosen":"THE_SILENT","items_purchased":["Deflect","Deflect","Oddly Smooth Stone","Infinite Blades"],"campfire_rested":0,"item_purchase_floors":[7,20,20,20],"current_hp_per_floor":[1,1,1,1,1,1,1,1,1,1,1,1,1,1,1,1,1,1,1,1,1,1,1,1,1,1,1,1,1,1,1,1,1,1,1,1,1,1,1,1,1,1,1,0],"gold":280,"neow_bonus":"","is_prod":false,"is_daily":false,"chose_seed":false,"campfire_upgraded":9,"win_rate":0,"timestamp":1531608011,"path_taken":["M","?","?","M","?","R","$","R","T","?","?","R","?","M","R","BOSS","M","M","$","?","M","R","M","R","T","?","E","M","M","$","R","BOSS","M","M","?","?","M","R","?","R","T","E"],"build_version":"2018-07-13","purchased_purges":1,"victory":false,"max_hp_per_floor":[1,1,1,1,1,1,1,1,1,1,1,1,1,1,1,1,1,1,1,1,1,1,1,1,1,1,1,1,1,1,1,1,1,1,1,1,1,1,1,1,1,1,1,1],"card_choices":[{"not_picked":["Setup","Eviscerate"],"picked":"Cloak And Dagger","floor":0.0},{"not_picked":["Dash","Underhanded Strike"],"picked":"Outmaneuver","floor":0.0},{"not_picked":["Bane","Poisoned Stab"],"picked":"Cloak And Dagger","floor":0.0},{"not_picked":["Underhanded Strike","Accuracy"],"picked":"Concentrate","floor":0.0},{"not_picked":["Dagger Throw","Quick Slash"],"picked":"Outmaneuver","floor":0.0},{"not_picked":["Reflex","Bane"],"picked":"Outmaneuver","floor":0.0},{"not_picked":["Quick Slash","Infinite Blades"],"picked":"Outmaneuver","floor":0.0},{"not_picked":["Poisoned Stab","Predator"],"picked":"Dodge and Roll","floor":0.0},{"not_picked":["Dodge and Roll","Infinite Blades"],"picked":"Escape Plan","floor":0.0},{"not_picked":["Acrobatics","Bane"],"picked":"Blur","floor":0.0},{"not_picked":["PiercingWail","Acrobatics"],"picked":"Prepared","floor":0.0},{"not_picked":["Underhanded Strike","Crippling Poison"],"picked":"Dagger Throw","floor":0.0},{"not_picked":["Acrobatics","Sucker Punch"],"picked":"Flying Knee","floor":0.0},{"not_picked":["Deflect","Bane"],"picked":"Well Laid Plans","floor":0.0},{"not_picked":["Dodge and Roll","Dagger Spray"],"picked":"Dash","floor":0.0},{"not_picked":["Underhanded Strike","Accuracy"],"picked":"Backstab","floor":1.0},{"not_picked":["Deadly Poison","Underhanded Strike"],"picked":"Calculated Gamble","floor":4.0},{"not_picked":["Acrobatics","Skewer","Underhanded Strike"],"picked":"SKIP","floor":5.0},{"not_picked":["Backflip","Corpse Explosion"],"picked":"Terror","floor":14.0},{"not_picked":["Venomology","Bullet Time"],"picked":"Die Die Die","floor":16.0},{"not_picked":["Skewer","Dodge and Roll"],"picked":"Outmaneuver","floor":19.0},{"not_picked":["Dagger Spray","Reflex"],"picked":"Deadly Poison","floor":22.0},{"not_picked":["Quick Slash+1","Choke"],"picked":"Endless Agony","floor":24.0},{"not_picked":["Backflip","PiercingWail"],"picked":"Catalyst","floor":27.0},{"not_picked":["Doppelganger","Venomology"],"picked":"Concentrate","floor":28.0},{"not_picked":["Acrobatics","PiercingWail"],"picked":"Deadly Poison+1","floor":29.0},{"not_picked":["Terror+1","Deflect"],"picked":"Outmaneuver","floor":30.0},{"not_picked":["Doppelganger","Burst"],"picked":"Adrenaline","floor":33.0},{"not_picked":["Outmaneuver+1","Quick Slash+1"],"picked":"Finisher+1","floor":35},{"not_picked":["Underhanded Strike+1","Dodge and Roll+1"],"picked":"Escape Plan","floor":39}],"player_experience":640151,"relics_obtained":[{"floor":9.0,"key":"Bottled Flame"},{"floor":10.0,"key":"Mummified Hand"},{"floor":26.0,"key":"Molten Egg 2"},{"floor":28.0,"key":"Tiny Chest"},{"floor":43,"key":"Kunai"}],"event_choices":[{"event_name":"Transmorgrifier","player_choice":"Transform","floor":3.0,"damage_taken":0.0},{"event_name":"Shining Light","player_choice":"Entered Light","floor":11.0,"damage_taken":0.0},{"event_name":"FaceTrader","player_choice":"Trade","floor":13.0,"damage_taken":0.0},{"event_name":"N\u0027loth","player_choice":"Ignored","floor":21.0,"damage_taken":0.0},{"event_name":"Mysterious Sphere","player_choice":"Ignore","floor":37,"damage_taken":0},{"event_name":"Falling","player_choice":"Removed Attack","floor":38,"damage_taken":0},{"event_name":"Purifier","player_choice":"One Purge","floor":41,"damage_taken":0}],"boss_relics":[{"not_picked":["Empty Cage","Calling Bell"],"picked":"Sozu"},{"not_picked":["Cursed Key","Pandora\u0027s Box"],"picked":"Runic Dome"}],"items_purged_floors":[31],"is_endless":false,"potions_floor_spawned":[2,16,18,22,28,33],"killed_by":"Nemesis","ascension_level":0}