{"gold_per_floor":[118,118,40,53,63,94,94,124,124,124,150,150,176,189,189,263,263,276,276,276,295,295,295,320,320,320,346,14,14,33,58,58,134,134,145,11,23,23,23,49,49,83,108,108,134,147,167,185,185,185,185],"floor_reached":51,"playtime":2725,"items_purged":["Strike_G+1"],"score":1638,"play_id":"51cae9ee-26bf-4b9e-aa57-184610d12dc6","local_time":"20190130005519","is_ascension_mode":true,"campfire_choices":[{"data":"Neutralize","floor":7.0,"key":"SMITH"},{"floor":10.0,"key":"REST"},{"data":"Footwork","floor":15.0,"key":"SMITH"},{"floor":23.0,"key":"REST"},{"floor":25.0,"key":"REST"},{"floor":29.0,"key":"REST"},{"floor":32.0,"key":"REST"},{"floor":41.0,"key":"REST"},{"floor":44.0,"key":"RECALL"},{"floor":49.0,"key":"REST"}],"neow_cost":"NONE","seed_source_timestamp":413347346035,"circlet_count":0,"master_deck":["AscendersBane","Defend_G+1","Defend_G+1","Defend_G+1","Defend_G+1","Strike_G+1","Strike_G+1","Strike_G+1","Strike_G+1","Survivor","Neutralize+1","Flying Knee","Dash","Flying Knee","After Image+1","Footwork+1","Leg Sweep+1","Leg Sweep+1","Envenom+1","Blade Dance+1","Cloak And Dagger+1","Bane","Dagger Spray","Terror+1","Dodge and Roll+1","Backflip+1","Deadly Poison+1","Malaise+1","PiercingWail+1","Caltrops+1","Backflip+1","Footwork+1","Noxious Fumes+1","Acrobatics+1"],"special_seed":0,"relics":["Ring of the Snake","NeowsBlessing","Darkstone Periapt","Gremlin Horn","Frozen Egg 2","Toxic Egg 2","Bag of Preparation","Fusion Hammer","Blood Vial","Pear","The Courier","Snake Skull","PreservedInsect","Sundial","Busted Crown","Mummified Hand","Thread and Needle","Anchor"],"potions_floor_usage":[50],"damage_taken":[{"damage":0.0,"enemies":"Jaw Worm","floor":1.0,"turns":1.0},{"damage":0.0,"enemies":"Small Slimes","floor":4.0,"turns":1.0},{"damage":0.0,"enemies":"Cultist","floor":5.0,"turns":1.0},{"damage":30.0,"enemies":"3 Sentries","floor":6.0,"turns":12.0},{"damage":14.0,"enemies":"Gremlin Nob","floor":8.0,"turns":4.0},{"damage":24.0,"enemies":"Lagavulin","floor":11.0,"turns":11.0},{"damage":39.0,"enemies":"Gremlin Nob","floor":13.0,"turns":5.0},{"damage":0.0,"enemies":"2 Fungi Beasts","floor":14.0,"turns":4.0},{"damage":17.0,"enemies":"The Guardian","floor":16.0,"turns":18.0},{"damage":2.0,"enemies":"Chosen","floor":18.0,"turns":7.0},{"damage":5.0,"enemies":"Shell Parasite","floor":21.0,"turns":8.0},{"damage":6.0,"enemies":"Book of Stabbing","floor":24.0,"turns":7.0},{"damage":15.0,"enemies":"Slavers","floor":27.0,"turns":8.0},{"damage":7.0,"enemies":"Snake Plant","floor":30.0,"turns":6.0},{"damage":0.0,"enemies":"Gremlin Leader","floor":31.0,"turns":4.0},{"damage":32.0,"enemies":"Automaton","floor":33.0,"turns":12.0},{"damage":0.0,"enemies":"Orb Walker","floor":35.0,"turns":4.0},{"damage":0.0,"enemies":"3 Shapes","floor":37.0,"turns":4.0},{"damage":8.0,"enemies":"Giant Head","floor":40.0,"turns":7.0},{"damage":0.0,"enemies":"Reptomancer","floor":42.0,"turns":5.0},{"damage":8.0,"enemies":"Giant Head","floor":45.0,"turns":7.0},{"damage":5.0,"enemies":"Sphere and 2 Shapes","floor":46.0,"turns":7.0},{"damage":0.0,"enemies":"Spire Growth","floor":47.0,"turns":5.0},{"damage":0.0,"enemies":"Transient","floor":48.0,"turns":6.0},{"damage":72,"enemies":"Awakened One","floor":50,"turns":17},{"damage":10,"enemies":"Time Eater","floor":51,"turns":15}],"seed_played":"-1236588930141955939","potions_obtained":[{"floor":5.0,"key":"EssenceOfSteel"},{"floor":6.0,"key":"Fire Potion"},{"floor":11.0,"key":"Strength Potion"},{"floor":14.0,"key":"Strength Potion"},{"floor":24.0,"key":"FearPotion"},{"floor":27.0,"key":"Explosive Potion"},{"floor":30.0,"key":"FearPotion"},{"floor":37.0,"key":"Block Potion"},{"floor":46.0,"key":"Fire Potion"},{"floor":48.0,"key":"Dexterity Potion"}],"is_trial":false,"path_per_floor":["M","?","$","M","M","E","R","E","T","R","E","?","E","M","R","B",null,"M","?","?","M","?","R","E","R","T","E","$","R","M","E","R","B",null,"M","$","M","$","?","E","R","E","T","R","E","M","M","M","R","B","B"],"character_chosen":"THE_SILENT","items_purchased":["Dash","Terror+1","Dodge and Roll+1","PreservedInsect","Backflip+1","PiercingWail+1","Caltrops+1","Backflip+1"],"campfire_rested":7,"item_purchase_floors":[3,28,28,28,28,36,36,36],"current_hp_per_floor":[59,52,52,52,52,22,22,8,8,27,3,66,27,27,27,10,52,50,50,50,47,47,66,70,76,76,61,61,76,69,71,76,44,68,70,70,72,72,72,66,76,76,76,76,68,65,67,69,76,4,0],"gold":185,"neow_bonus":"THREE_ENEMY_KILL","is_prod":false,"is_daily":false,"chose_seed":false,"campfire_upgraded":2,"win_rate":0,"timestamp":1548838519,"path_taken":["M","?","$","M","M","E","R","E","T","R","E","?","E","?","R","BOSS","M","?","?","?","?","R","E","R","T","E","$","R","?","E","R","BOSS","M","$","M","?","?","E","R","E","T","R","E","?","?","M","R","BOSS","BOSS"],"build_version":"2019-01-23","purchased_purges":1,"victory":false,"max_hp_per_floor":[66,66,66,66,66,66,66,66,66,66,66,66,66,66,66,66,66,66,66,66,66,66,66,76,76,76,76,76,76,76,76,76,76,76,76,76,76,76,76,76,76,76,76,76,76,76,76,76,76,76,76],"card_choices":[{"not_picked":["Accuracy","Blur"],"picked":"Flying Knee","floor":1.0},{"not_picked":["Deadly Poison","Tactician"],"picked":"Flying Knee","floor":4.0},{"not_picked":["Underhanded Strike","Prepared"],"picked":"Sucker Punch","floor":5.0},{"not_picked":["Dagger Spray","Backflip"],"picked":"After Image","floor":6.0},{"not_picked":["Dagger Spray","Acrobatics"],"picked":"Footwork","floor":8.0},{"not_picked":["Tactician","Well Laid Plans+1"],"picked":"Crippling Poison","floor":11.0},{"not_picked":["Accuracy+1","Acrobatics+1"],"picked":"Leg Sweep+1","floor":13.0},{"not_picked":["Tactician+1","Backflip+1"],"picked":"Leg Sweep+1","floor":14.0},{"not_picked":["Wraith Form v2+1","Burst+1"],"picked":"Envenom+1","floor":16.0},{"not_picked":["Escape Plan+1","Terror+1"],"picked":"Blade Dance+1","floor":18.0},{"not_picked":["Concentrate+1","Bane"],"picked":"Cloak And Dagger+1","floor":21.0},{"not_picked":["Concentrate+1","Dagger Throw"],"picked":"Bane","floor":24.0},{"not_picked":["Skewer","Concentrate+1"],"picked":"Dagger Spray","floor":27.0},{"not_picked":["Quick Slash","Poisoned Stab"],"picked":"Deadly Poison+1","floor":30.0},{"not_picked":["Wraith Form v2+1","Bullet Time+1"],"picked":"Malaise+1","floor":33.0},{"not_picked":["Flying Knee"],"picked":"SKIP","floor":35.0},{"not_picked":["Quick Slash"],"picked":"SKIP","floor":37.0},{"not_picked":[],"picked":"Footwork+1","floor":40.0},{"not_picked":[],"picked":"Noxious Fumes+1","floor":42.0},{"not_picked":[],"picked":"Acrobatics+1","floor":45.0},{"not_picked":["Choke"],"picked":"SKIP","floor":48.0}],"player_experience":1066370,"relics_obtained":[{"floor":6.0,"key":"Darkstone Periapt"},{"floor":8.0,"key":"Gremlin Horn"},{"floor":9.0,"key":"Frozen Egg 2"},{"floor":11.0,"key":"Toxic Egg 2"},{"floor":13.0,"key":"Bag of Preparation"},{"floor":24.0,"key":"Pear"},{"floor":26.0,"key":"The Courier"},{"floor":27.0,"key":"Snake Skull"},{"floor":31.0,"key":"Sundial"},{"floor":40.0,"key":"Mummified Hand"},{"floor":42.0,"key":"Thread and Needle"},{"floor":45.0,"key":"Anchor"}],"event_choices":[{"cards_removed":["Defend_G"],"damage_healed":0.0,"max_hp_gain":0.0,"max_hp_loss":0.0,"gold_gain":0.0,"event_name":"Golden Wing","player_choice":"Card Removal","floor":2.0,"gold_loss":0.0,"damage_taken":7.0},{"cards_removed":["Crippling Poison"],"damage_healed":63.0,"max_hp_gain":0.0,"max_hp_loss":0.0,"gold_gain":0.0,"event_name":"Bonfire Elementals","player_choice":"Offered Uncommon","floor":12.0,"gold_loss":0.0,"damage_taken":0.0},{"damage_healed":0.0,"max_hp_gain":0.0,"max_hp_loss":0.0,"gold_gain":0.0,"event_name":"Back to Basics","player_choice":"Simplicity","floor":19.0,"gold_loss":0.0,"damage_taken":0.0,"cards_upgraded":["Defend_G","Defend_G","Defend_G","Defend_G","Strike_G","Strike_G","Strike_G","Strike_G","Strike_G"]},{"cards_removed":["Sucker Punch"],"damage_healed":0.0,"max_hp_gain":0.0,"max_hp_loss":0.0,"gold_gain":0.0,"event_name":"WeMeetAgain","player_choice":"Gave Card","floor":20.0,"gold_loss":0.0,"damage_taken":0.0,"relics_obtained":["Blood Vial"]},{"damage_healed":0.0,"max_hp_gain":0.0,"max_hp_loss":0.0,"gold_gain":0.0,"event_name":"Upgrade Shrine","player_choice":"Upgraded","floor":22.0,"gold_loss":0.0,"damage_taken":0.0,"cards_upgraded":["After Image"]},{"damage_healed":0.0,"max_hp_gain":0.0,"max_hp_loss":0.0,"gold_gain":0.0,"event_name":"Lab","player_choice":"Got Potions","floor":39.0,"gold_loss":0.0,"damage_taken":0.0}],"is_beta":true,"boss_relics":[{"not_picked":["Runic Pyramid","Coffee Dripper"],"picked":"Fusion Hammer"},{"not_picked":["Calling Bell","Eternal Feather"],"picked":"Busted Crown"}],"items_purged_floors":[28],"is_endless":false,"potions_floor_spawned":[5,6,11,14,24,27,30,37,46,48],"killed_by":"Time Eater","ascension_level":20}