{"gold_per_floor":[117,127,202,202,219,219,0,0,0,0,32,32,58,58,58,163,163,180,191,64,64,74,74,100,100,100,100,113,176,76,102,102,201,201,218,229,240,48,75,102,102,120,196,227,227,327,341,39,39,39],"floor_reached":51,"playtime":3593,"items_purged":["Pain","Shame","Decay"],"score":1079,"play_id":"b01c37fe-e7bc-4f0e-808d-dd5d4ecc1331","local_time":"20190816170426","is_ascension_mode":true,"campfire_choices":[{"data":"Adrenaline","floor":6,"key":"SMITH"},{"data":"Neutralize","floor":12,"key":"SMITH"},{"data":"Secret Technique","floor":15,"key":"SMITH"},{"floor":23,"key":"REST"},{"data":"Malaise","floor":25,"key":"SMITH"},{"data":"Backstab","floor":27,"key":"SMITH"},{"floor":32,"key":"REST"},{"floor":41,"key":"REST"},{"data":"Catalyst","floor":45,"key":"SMITH"},{"data":"Catalyst","floor":49,"key":"SMITH"}],"neow_cost":"NONE","seed_source_timestamp":69208985514200,"circlet_count":0,"master_deck":["Survivor","Neutralize+1","Concentrate","Adrenaline+1","Outmaneuver","Finisher+1","Riddle With Holes","Backstab+1","Footwork","Crippling Poison+1","Predator","Dagger Throw","PiercingWail","PiercingWail+1","Leg Sweep+1","Secret Technique+1","Poisoned Stab","Sucker Punch","Deflect","Malaise+1","Cloak And Dagger+1","All Out Attack","Blur","Crippling Poison+1","Dash+1","Poisoned Stab+1","PiercingWail","Night Terror","Heel Hook+1","Quick Slash+1","Noxious Fumes","Catalyst+1","Noxious Fumes","Well Laid Plans","Underhanded Strike+1","Terror","Catalyst+1"],"relics":["Pandora\u0027s Box","Pear","Darkstone Periapt","Regal Pillow","The Specimen","Thread and Needle","Calling Bell","Potion Belt","Kunai","Calipers","Juzu Bracelet","Ninja Scroll","Tiny Chest","Molten Egg 2","Snecko Eye","Omamori","Anchor","Shuriken","Bag of Preparation","Dead Branch","War Paint"],"potions_floor_usage":[13,24,31,31,33,33,33,44,50,50,50],"damage_taken":[{"damage":0,"enemies":"2 Louse","floor":1,"turns":1},{"damage":6,"enemies":"Jaw Worm","floor":2,"turns":3},{"damage":0,"enemies":"Small Slimes","floor":5,"turns":2},{"damage":7,"enemies":"Lagavulin","floor":11,"turns":6},{"damage":4,"enemies":"3 Sentries","floor":13,"turns":7},{"damage":32,"enemies":"The Guardian","floor":16,"turns":13},{"damage":30,"enemies":"2 Thieves","floor":18,"turns":4},{"damage":12,"enemies":"Chosen","floor":19,"turns":7},{"damage":14,"enemies":"Snake Plant","floor":22,"turns":4},{"damage":2,"enemies":"Gremlin Leader","floor":24,"turns":10},{"damage":0,"enemies":"Cultist and Chosen","floor":28,"turns":6},{"damage":8,"enemies":"Book of Stabbing","floor":29,"turns":5},{"damage":13,"enemies":"Slavers","floor":31,"turns":3},{"damage":82,"enemies":"Champ","floor":33,"turns":22},{"damage":0,"enemies":"Orb Walker","floor":35,"turns":3},{"damage":0,"enemies":"3 Shapes","floor":36,"turns":7},{"damage":10,"enemies":"Writhing Mass","floor":37,"turns":9},{"damage":15,"enemies":"Reptomancer","floor":40,"turns":6},{"damage":0,"enemies":"Sphere and 2 Shapes","floor":42,"turns":3},{"damage":16,"enemies":"Giant Head","floor":44,"turns":7},{"damage":0,"enemies":"Mind Bloom Boss Battle","floor":46,"turns":6},{"damage":0,"enemies":"Maw","floor":47,"turns":8},{"damage":46,"enemies":"Time Eater","floor":50,"turns":15}],"seed_played":"6150733138080715926","potions_obtained":[{"floor":5,"key":"GhostInAJar"},{"floor":11,"key":"PowerPotion"},{"floor":16,"key":"GamblersBrew"},{"floor":22,"key":"EssenceOfSteel"},{"floor":24,"key":"Ancient Potion"},{"floor":29,"key":"LiquidBronze"},{"floor":31,"key":"SkillPotion"},{"floor":36,"key":"Explosive Potion"},{"floor":42,"key":"Ancient Potion"},{"floor":46,"key":"Regen Potion"}],"is_trial":false,"path_per_floor":["M","M","?","?","M","R","$","?","T","T","E","R","E","?","R","B",null,"M","M","$","?","M","R","E","R","T","R","M","E","$","E","R","B",null,"M","M","M","$","T","E","R","M","T","E","R","?","M","$","R","B",null],"character_chosen":"THE_SILENT","items_purchased":["Secret Technique","Poisoned Stab","Explosive Potion","Catalyst","Catalyst","War Paint","Regen Potion"],"campfire_rested":3,"item_purchase_floors":[7,7,20,38,48,48,48],"current_hp_per_floor":[63,57,46,69,69,69,69,55,65,65,58,58,54,47,47,15,82,52,40,40,40,26,70,68,68,68,68,68,60,60,47,91,9,76,76,76,66,66,66,51,95,95,95,79,79,79,79,79,79,83],"gold":39,"neow_bonus":"BOSS_RELIC","is_prod":false,"is_daily":false,"chose_seed":false,"campfire_upgraded":7,"win_rate":0,"timestamp":1565942666,"path_taken":["M","M","?","?","M","R","$","?","T","?","E","R","E","?","R","BOSS","M","M","$","?","M","R","E","R","T","R","M","E","?","E","R","BOSS","M","M","M","$","?","E","R","M","T","E","R","?","M","$","R","BOSS"],"build_version":"2019-07-17","purchased_purges":3,"victory":true,"max_hp_per_floor":[70,70,70,70,70,70,70,70,80,80,80,80,80,80,80,80,98,98,98,98,98,98,98,98,98,98,98,98,98,98,98,98,98,98,98,98,98,98,98,98,98,98,98,98,98,98,98,98,98,98],"card_choices":[{"not_picked":["Underhanded Strike","Slice"],"picked":"PiercingWail","floor":1},{"not_picked":["Bouncing Flask","Acrobatics"],"picked":"PiercingWail","floor":2},{"not_picked":["PiercingWail","Storm of Steel"],"picked":"Leg Sweep","floor":5},{"not_picked":["Caltrops","Riddle With Holes"],"picked":"Sucker Punch","floor":11},{"not_picked":["Crippling Poison","Prepared"],"picked":"Deflect","floor":13},{"not_picked":["Glass Knife","Unload"],"picked":"Malaise","floor":16},{"not_picked":["Backstab","Well Laid Plans"],"picked":"Cloak And Dagger+1","floor":18},{"not_picked":["Choke","Accuracy+1"],"picked":"All Out Attack","floor":19},{"not_picked":["Quick Slash","Escape Plan"],"picked":"Blur","floor":22},{"not_picked":["Phantasmal Killer","Eviscerate+1"],"picked":"Crippling Poison","floor":24},{"not_picked":["Tactician","Heel Hook"],"picked":"Dash+1","floor":28},{"not_picked":["Flechettes+1","Bane"],"picked":"Poisoned Stab+1","floor":29},{"not_picked":["Outmaneuver","Dagger Throw"],"picked":"PiercingWail","floor":31},{"not_picked":["Grand Finale+1","A Thousand Cuts"],"picked":"Night Terror","floor":33},{"not_picked":["Distraction+1","Endless Agony+1"],"picked":"Heel Hook+1","floor":35},{"not_picked":["Dagger Throw+1","Dodge and Roll+1"],"picked":"Quick Slash+1","floor":36},{"not_picked":["Finisher+1","Tactician+1"],"picked":"Noxious Fumes","floor":37},{"not_picked":["Distraction+1","Poisoned Stab+1"],"picked":"Noxious Fumes","floor":40},{"not_picked":["Setup","Outmaneuver","Masterful Stab+1"],"picked":"SKIP","floor":42},{"not_picked":["Accuracy","Tactician"],"picked":"Well Laid Plans","floor":44},{"not_picked":["Phantasmal Killer","Quick Slash+1"],"picked":"Underhanded Strike+1","floor":46},{"not_picked":["Underhanded Strike+1","Distraction"],"picked":"Terror","floor":47}],"player_experience":155930,"relics_obtained":[{"floor":9,"key":"Pear"},{"floor":10,"key":"Darkstone Periapt"},{"floor":11,"key":"Regal Pillow"},{"floor":13,"key":"The Specimen"},{"floor":17,"key":"Potion Belt"},{"floor":17,"key":"Kunai"},{"floor":17,"key":"Calipers"},{"floor":24,"key":"Juzu Bracelet"},{"floor":26,"key":"Ninja Scroll"},{"floor":29,"key":"Tiny Chest"},{"floor":31,"key":"Molten Egg 2"},{"floor":39,"key":"Omamori"},{"floor":40,"key":"Anchor"},{"floor":43,"key":"Shuriken"},{"floor":44,"key":"Bag of Preparation"},{"floor":46,"key":"Dead Branch"}],"event_choices":[{"damage_healed":0,"gold_gain":75,"player_choice":"Gather Gold","damage_taken":11,"max_hp_gain":0,"max_hp_loss":0,"event_name":"World of Goop","floor":3,"gold_loss":0},{"damage_healed":23,"gold_gain":0,"player_choice":"Banana","damage_taken":0,"max_hp_gain":0,"max_hp_loss":0,"event_name":"Big Fish","floor":4,"gold_loss":0},{"damage_healed":0,"gold_gain":0,"player_choice":"Entered Light","damage_taken":14,"max_hp_gain":0,"max_hp_loss":0,"event_name":"Shining Light","floor":8,"gold_loss":0,"cards_upgraded":["PiercingWail","Finisher"]},{"damage_healed":0,"gold_gain":0,"player_choice":"Success","damage_taken":7,"relics_obtained":["Thread and Needle"],"max_hp_gain":0,"max_hp_loss":0,"event_name":"Scrap Ooze","floor":14,"gold_loss":0},{"damage_healed":0,"gold_gain":0,"player_choice":"Upgraded","damage_taken":0,"max_hp_gain":0,"max_hp_loss":0,"event_name":"Upgrade Shrine","floor":21,"gold_loss":0,"cards_upgraded":["Leg Sweep"]},{"damage_healed":0,"gold_gain":0,"player_choice":"Fight","damage_taken":0,"max_hp_gain":0,"max_hp_loss":0,"event_name":"MindBloom","floor":46,"gold_loss":0}],"is_beta":false,"boss_relics":[{"not_picked":["Runic Dome","Orrery"],"picked":"Calling Bell"},{"not_picked":["Eternal Feather","Black Star"],"picked":"Snecko Eye"}],"items_purged_floors":[20,30,38],"is_endless":false,"potions_floor_spawned":[5,11,16,22,24,29,31,36,42,46],"ascension_level":7}