{"gold_per_floor":[109,109,109,128,128,128,128,146,146,166,187,225,5,20,20,111,111,111],"floor_reached":18,"playtime":450,"items_purged":[],"score":284,"play_id":"57b0d067-4bb7-4b66-93cc-82b88c4cbd7a","local_time":"20180711230225","is_ascension_mode":true,"campfire_choices":[{"data":"Immolate","floor":6,"key":"SMITH"},{"data":"Rage","floor":15,"key":"SMITH"}],"neow_cost":"NONE","seed_source_timestamp":224483229615106,"circlet_count":0,"master_deck":["Strike_R","Strike_R","Strike_R","Strike_R","Defend_R","Defend_R","Defend_R","Defend_R","Bash","AscendersBane","Immolate+1","Rage+1","Inflame","Thunderclap","Evolve","Warcry","Metallicize","True Grit","Bandage Up","Offering","Normality","Decay","Doubt"],"relics":["Burning Blood","Golden Idol","Self Forming Clay","Blue Candle","Calling Bell","Blood Vial","Toxic Egg 2","Turnip"],"potions_floor_usage":[16,16],"damage_taken":[{"damage":9,"enemies":"Jaw Worm","floor":1,"turns":4},{"damage":0,"enemies":"2 Louse","floor":4,"turns":3},{"damage":0,"enemies":"Small Slimes","floor":8,"turns":1},{"damage":6,"enemies":"Looter","floor":10,"turns":3},{"damage":12,"enemies":"Large Slime","floor":11,"turns":3},{"damage":8,"enemies":"Gremlin Nob","floor":12,"turns":3},{"damage":8,"enemies":"Red Slaver","floor":14,"turns":6},{"damage":36,"enemies":"Slime Boss","floor":16,"turns":9},{"damage":16,"enemies":"Chosen","floor":18,"turns":5}],"seed_played":"-7931031444197500174","potions_obtained":[{"floor":4,"key":"Swift Potion"},{"floor":11,"key":"Swift Potion"},{"floor":16,"key":"EssenceOfSteel"}],"is_trial":false,"path_per_floor":["M","?","?","M","?","R","?","M","T","M","M","E","$","M","R","B",null],"character_chosen":"IRONCLAD","items_purchased":["Metallicize","True Grit","Bandage Up"],"campfire_rested":0,"item_purchase_floors":[13,13,13],"current_hp_per_floor":[65,65,70,73,73,73,73,73,73,73,67,65,65,67,67,41,65,55],"gold":111,"neow_bonus":"ONE_RANDOM_RARE_CARD","is_prod":false,"is_daily":false,"chose_seed":false,"campfire_upgraded":2,"win_rate":0,"timestamp":1531375345,"path_taken":["M","?","?","M","?","R","?","?","T","M","M","E","$","M","R","BOSS","M"],"build_version":"2018-07-10","purchased_purges":0,"victory":false,"max_hp_per_floor":[75,68,73,73,73,73,73,73,73,73,73,73,73,73,73,73,73,73],"card_choices":[{"not_picked":["Warcry","Iron Wave"],"picked":"Rage","floor":1},{"not_picked":["Fire Breathing","Sword Boomerang"],"picked":"Inflame","floor":4},{"not_picked":["True Grit","Cleave"],"picked":"Thunderclap","floor":8},{"not_picked":["Perfected Strike","Blood for Blood","Evolve"],"picked":"SKIP","floor":10},{"not_picked":["Perfected Strike","Blood for Blood"],"picked":"Evolve","floor":10},{"not_picked":["Rampage","Twin Strike"],"picked":"Warcry","floor":11},{"not_picked":["Bludgeon","Feed"],"picked":"Offering","floor":16}],"player_experience":603883,"relics_obtained":[{"floor":9,"key":"Self Forming Clay"},{"floor":12,"key":"Blue Candle"},{"floor":17,"key":"Blood Vial"},{"floor":17,"key":"Toxic Egg 2"},{"floor":17,"key":"Turnip"}],"event_choices":[{"event_name":"Golden Idol","player_choice":"Lose Max HP","floor":2,"damage_taken":0},{"event_name":"Big Fish","player_choice":"Donut","floor":3,"damage_taken":0},{"event_name":"Transmorgrifier","player_choice":"Transform","floor":5,"damage_taken":0},{"event_name":"Bonfire Elementals","player_choice":"UNCOMMON","floor":7,"damage_taken":0}],"boss_relics":[{"not_picked":["Empty Cage","Orrery"],"picked":"Calling Bell"}],"items_purged_floors":[],"is_endless":false,"potions_floor_spawned":[4,11,16],"killed_by":"Chosen","ascension_level":15}