{"gold_per_floor":[113,263,281,57,57,57,84,94,94,119,131,166,166,6,6,83,83,103,17,30,30,30,30,45,20,20,20,34,66,66,66,66,143,143,163,174,13,66,80,108,8,8,8,8,21,32,32,52,52,52,52],"floor_reached":52,"playtime":1942,"items_purged":["Doubt","Parasite"],"score":1941,"play_id":"77a79c17-da74-40e9-b243-d31776330f03","local_time":"20190821231817","is_ascension_mode":true,"campfire_choices":[{"data":"Bash","floor":6.0,"key":"SMITH"},{"data":"Pummel","floor":13.0,"key":"SMITH"},{"data":"Uppercut","floor":15.0,"key":"SMITH"},{"floor":23.0,"key":"REST"},{"floor":30.0,"key":"REST"},{"data":"Heavy Blade","floor":32.0,"key":"SMITH"},{"floor":42.0,"key":"REST"},{"floor":47.0,"key":"REST"},{"floor":49.0,"key":"REST"}],"neow_cost":"NONE","seed_source_timestamp":348831779569,"circlet_count":0,"master_deck":["AscendersBane","Strike_R","Strike_R","Strike_R","Defend_R","Defend_R","Defend_R","Bash+1","Combust+1","Reaper+1","Brutality+1","Shrug It Off","Cleave","Twin Strike","Pummel+1","Sword Boomerang","Thunderclap","Uppercut+1","Ghostly Armor","Exhume","Sword Boomerang","Flame Barrier","Heavy Blade+1","Rage+1","Shrug It Off","Ghostly","Ghostly","Ghostly","Limit Break","True Grit+1","Heavy Blade","Twin Strike+1","Writhe","Shrug It Off","Parasite"],"special_seed":0,"relics":["Astrolabe","Brimstone","Boot","Ornamental Fan","Odd Mushroom","Lantern","Cursed Key","Nilry\u0027s Codex","GremlinMask","Darkstone Periapt","Bag of Marbles","Centennial Puzzle","Fusion Hammer","Torii","Oddly Smooth Stone","Mango"],"potions_floor_usage":[50,51],"damage_taken":[{"damage":11.0,"enemies":"2 Louse","floor":1.0,"turns":2.0},{"damage":13.0,"enemies":"Jaw Worm","floor":3.0,"turns":2.0},{"damage":23.0,"enemies":"Lagavulin","floor":7.0,"turns":5.0},{"damage":2.0,"enemies":"Small Slimes","floor":8.0,"turns":3.0},{"damage":10.0,"enemies":"The Mushroom Lair","floor":10.0,"turns":3.0},{"damage":6.0,"enemies":"Blue Slaver","floor":11.0,"turns":2.0},{"damage":13.0,"enemies":"3 Sentries","floor":12.0,"turns":4.0},{"damage":38.0,"enemies":"The Guardian","floor":16.0,"turns":7.0},{"damage":27.0,"enemies":"2 Thieves","floor":18.0,"turns":3.0},{"damage":1.0,"enemies":"Spheric Guardian","floor":20.0,"turns":2.0},{"damage":32.0,"enemies":"Shelled Parasite and Fungi","floor":24.0,"turns":3.0},{"damage":7.0,"enemies":"Snake Plant","floor":28.0,"turns":3.0},{"damage":50.0,"enemies":"Gremlin Leader","floor":29.0,"turns":5.0},{"damage":12.0,"enemies":"Collector","floor":33.0,"turns":6.0},{"damage":5.0,"enemies":"Orb Walker","floor":35.0,"turns":3.0},{"damage":3.0,"enemies":"3 Darklings","floor":36.0,"turns":4.0},{"damage":31.0,"enemies":"2 Orb Walkers","floor":38.0,"turns":4.0},{"damage":6.0,"enemies":"Transient","floor":39.0,"turns":6.0},{"damage":34.0,"enemies":"Giant Head","floor":40.0,"turns":5.0},{"damage":18.0,"enemies":"Jaw Worm Horde","floor":45.0,"turns":6.0},{"damage":4.0,"enemies":"Sphere and 2 Shapes","floor":46.0,"turns":4.0},{"damage":4.0,"enemies":"Writhing Mass","floor":48.0,"turns":4.0},{"damage":6,"enemies":"Time Eater","floor":50,"turns":7},{"damage":43,"enemies":"Donu and Deca","floor":51,"turns":6}],"seed_played":"1561722075465629846","potions_obtained":[{"floor":1.0,"key":"SkillPotion"},{"floor":16.0,"key":"SpeedPotion"},{"floor":20.0,"key":"Poison Potion"},{"floor":24.0,"key":"GamblersBrew"},{"floor":28.0,"key":"BloodPotion"},{"floor":29.0,"key":"Swift Potion"},{"floor":35.0,"key":"Explosive Potion"},{"floor":45.0,"key":"GamblersBrew"}],"is_trial":false,"path_per_floor":["M","?","M","$","?","R","E","M","T","?","M","E","R","$","R","B",null,"M","$","M","?","?","R","M","$","T","T","M","E","R","?","R","B",null,"M","M","$","?","M","E","$","R","T","?","M","M","R","M","R","B","B",null],"character_chosen":"IRONCLAD","items_purchased":["Brimstone","Uppercut","Ghostly Armor","Flame Barrier","Shrug It Off","Ancient Potion"],"campfire_rested":5,"item_purchase_floors":[4,14,14,19,25,37],"current_hp_per_floor":[67,67,59,59,52,52,51,63,63,53,53,62,62,62,62,52,69,45,45,44,23,23,45,27,27,27,33,38,30,54,40,40,36,39,40,37,37,23,37,6,6,17,37,37,57,53,57,59,63,57,14],"gold":52,"neow_bonus":"BOSS_RELIC","is_prod":false,"is_daily":false,"chose_seed":false,"campfire_upgraded":4,"win_rate":0,"timestamp":1566454697,"path_taken":["M","?","M","$","?","R","E","M","T","?","M","E","R","?","R","BOSS","M","$","M","?","?","R","?","$","T","?","M","E","R","?","R","BOSS","M","M","$","?","M","E","$","R","T","?","?","M","R","M","R","BOSS","BOSS"],"build_version":"2019-08-15","purchased_purges":2,"victory":true,"max_hp_per_floor":[75,75,75,75,75,75,75,75,75,75,75,75,75,75,75,75,75,75,75,75,75,75,75,75,75,75,81,81,81,81,40,40,40,40,40,40,40,40,40,40,37,37,57,57,57,57,57,63,63,63,63],"card_choices":[{"not_picked":["Warcry","Flex"],"picked":"Shrug It Off","floor":1.0},{"not_picked":["Flex","Pommel Strike"],"picked":"Cleave","floor":3.0},{"not_picked":["Clash","Flex"],"picked":"Twin Strike","floor":7.0},{"not_picked":["Searing Blow","Reckless Charge"],"picked":"Pummel","floor":10.0},{"not_picked":["Disarm","Clash"],"picked":"Sword Boomerang","floor":11.0},{"not_picked":["Seeing Red","Havoc"],"picked":"Thunderclap","floor":12.0},{"not_picked":["Barricade","Feed"],"picked":"Exhume","floor":16.0},{"not_picked":["Pommel Strike","Uppercut"],"picked":"Sword Boomerang","floor":18.0},{"not_picked":["Rampage","Anger"],"picked":"Heavy Blade","floor":20.0},{"not_picked":["Blood for Blood","Reckless Charge"],"picked":"Rage+1","floor":24.0},{"not_picked":["Cleave","Clash+1","Iron Wave"],"picked":"SKIP","floor":29.0},{"not_picked":["Berserk","Exhume"],"picked":"Limit Break","floor":33.0},{"not_picked":["Body Slam","Wild Strike"],"picked":"True Grit+1","floor":35.0},{"not_picked":["Entrench","Ghostly Armor+1"],"picked":"Heavy Blade","floor":36.0},{"not_picked":["Heavy Blade","Clash","Anger"],"picked":"SKIP","floor":39.0},{"not_picked":["Sever Soul","Pommel Strike"],"picked":"Twin Strike+1","floor":40.0},{"not_picked":["Heavy Blade","Iron Wave","Inflame+1"],"picked":"SKIP","floor":45.0},{"not_picked":["Headbutt","Clash+1"],"picked":"Shrug It Off","floor":46.0},{"not_picked":["Entrench","Anger","Rampage"],"picked":"SKIP","floor":48.0}],"player_experience":1420235,"relics_obtained":[{"floor":7.0,"key":"Boot"},{"floor":9.0,"key":"Ornamental Fan"},{"floor":10.0,"key":"Odd Mushroom"},{"floor":12.0,"key":"Lantern"},{"floor":21.0,"key":"Nilry\u0027s Codex"},{"floor":26.0,"key":"Darkstone Periapt"},{"floor":27.0,"key":"Bag of Marbles"},{"floor":29.0,"key":"Centennial Puzzle"},{"floor":38.0,"key":"Torii"},{"floor":40.0,"key":"Oddly Smooth Stone"},{"floor":43.0,"key":"Mango"}],"event_choices":[{"damage_healed":0.0,"max_hp_gain":0.0,"max_hp_loss":0.0,"gold_gain":150.0,"event_name":"Liars Game","player_choice":"AGREE","floor":2.0,"gold_loss":0.0,"damage_taken":0.0,"cards_obtained":["Doubt"]},{"cards_removed":["Doubt"],"damage_healed":0.0,"max_hp_gain":0.0,"max_hp_loss":0.0,"gold_gain":0.0,"event_name":"Golden Wing","player_choice":"Card Removal","floor":5.0,"gold_loss":0.0,"damage_taken":7.0},{"damage_healed":0.0,"max_hp_gain":0.0,"max_hp_loss":0.0,"gold_gain":0.0,"event_name":"Mushrooms","player_choice":"Fought Mushrooms","floor":10.0,"gold_loss":0.0,"damage_taken":0.0},{"damage_healed":0.0,"max_hp_gain":0.0,"max_hp_loss":0.0,"gold_gain":0.0,"event_name":"Cursed Tome","player_choice":"Obtained Book","floor":21.0,"gold_loss":0.0,"damage_taken":21.0},{"damage_healed":0.0,"max_hp_gain":0.0,"max_hp_loss":0.0,"gold_gain":0.0,"event_name":"FaceTrader","player_choice":"Trade","floor":22.0,"gold_loss":0.0,"damage_taken":0.0,"relics_obtained":["GremlinMask"]},{"damage_healed":0.0,"max_hp_gain":0.0,"max_hp_loss":41.0,"gold_gain":0.0,"event_name":"Ghosts","player_choice":"Became a Ghost","floor":31.0,"gold_loss":0.0,"damage_taken":0.0,"cards_obtained":["Ghostly","Ghostly","Ghostly"]},{"damage_healed":0.0,"max_hp_gain":0.0,"max_hp_loss":0.0,"gold_gain":0.0,"event_name":"Mysterious Sphere","player_choice":"Fight","floor":38.0,"gold_loss":0.0,"damage_taken":0.0},{"damage_healed":0.0,"max_hp_gain":0.0,"max_hp_loss":0.0,"gold_gain":0.0,"event_name":"SecretPortal","player_choice":"Ignored","floor":44.0,"gold_loss":0.0,"damage_taken":0.0}],"is_beta":true,"boss_relics":[{"not_picked":["Runic Pyramid","Tiny House"],"picked":"Cursed Key"},{"not_picked":["Calling Bell","Runic Cube"],"picked":"Fusion Hammer"}],"items_purged_floors":[37,41],"is_endless":false,"potions_floor_spawned":[1,16,20,24,28,29,35,45],"ascension_level":20}