{"gold_per_floor":[217,228,247,257,272,272,298,314,314,324,324,355,374,101,101,201,201,212,112,127,146,164,190,202,202,227,227,245,13,45,45,45,146,146,156,156,156,168,168,168,200,200,278,278,290,300,325,343,343,343],"floor_reached":51,"playtime":4002,"items_purged":["Strike_B","Strike_B","Doubt"],"score":763,"play_id":"f0aa0fb6-b40a-40a3-807f-a594eb0921e1","local_time":"20180705183355","is_ascension_mode":false,"campfire_choices":[{"data":"Zap","floor":6,"key":"SMITH"},{"data":"Chill","floor":11,"key":"SMITH"},{"floor":15,"key":"REST"},{"data":"Dualcast","floor":25,"key":"SMITH"},{"data":"Go for the Eyes","floor":27,"key":"SMITH"},{"floor":32,"key":"REST"},{"data":"Barrage","floor":40,"key":"SMITH"},{"data":"Capacitor","floor":42,"key":"SMITH"},{"data":"Defragment","floor":44,"key":"SMITH"},{"floor":49,"key":"REST"}],"neow_cost":"NONE","seed_source_timestamp":1887756555382938,"circlet_count":0,"master_deck":["Strike_B","Defend_B","Defend_B","Defend_B","Defend_B","Zap+1","Dualcast+1","Leap","Barrage+1","Steam","Chill+1","Compile Driver","Go for the Eyes+1","Defragment+1","Doom and Gloom","Cold Snap","Core Surge","Cold Snap","Biased Cognition","Coolheaded+1","Capacitor+1","Hologram","Beam Cell+1","Ball Lightning","Stack","Electrodynamics","Madness","Madness","Injury","FTL+1"],"special_seed":17717,"relics":["Cracked Core","Shuriken","Toolbox","Bronze Scales","Bag of Preparation","Cursed Key","The Courier","Potion Belt","Lantern","Symbiotic Virus","Busted Crown","Happy Flower","Gremlin Horn","Pear"],"potions_floor_usage":[7,23,23,23,33,47,50,50,50],"damage_taken":[{"damage":4,"enemies":"Cultist","floor":1,"turns":4},{"damage":1,"enemies":"Jaw Worm","floor":2,"turns":3},{"damage":4,"enemies":"2 Louse","floor":3,"turns":3},{"damage":1,"enemies":"Looter","floor":4,"turns":3},{"damage":0,"enemies":"Exordium Wildlife","floor":5,"turns":3},{"damage":8,"enemies":"3 Sentries","floor":7,"turns":6},{"damage":2,"enemies":"3 Louse","floor":8,"turns":3},{"damage":3,"enemies":"Looter","floor":10,"turns":3},{"damage":1,"enemies":"Lagavulin","floor":12,"turns":5},{"damage":0,"enemies":"Exordium Wildlife","floor":13,"turns":2},{"damage":1,"enemies":"Slime Boss","floor":16,"turns":6},{"damage":0,"enemies":"Spheric Guardian","floor":18,"turns":2},{"damage":1,"enemies":"Chosen","floor":20,"turns":3},{"damage":0,"enemies":"Centurion and Healer","floor":21,"turns":6},{"damage":0,"enemies":"3 Cultists","floor":22,"turns":5},{"damage":0,"enemies":"Book of Stabbing","floor":23,"turns":4},{"damage":9,"enemies":"Snake Plant","floor":24,"turns":4},{"damage":0,"enemies":"Snecko","floor":28,"turns":5},{"damage":10,"enemies":"Gremlin Leader","floor":30,"turns":6},{"damage":14,"enemies":"Automaton","floor":33,"turns":8},{"damage":0,"enemies":"Orb Walker","floor":35,"turns":2},{"damage":0,"enemies":"3 Darklings","floor":38,"turns":4},{"damage":0,"enemies":"2 Orb Walkers","floor":41,"turns":3},{"damage":3,"enemies":"4 Shapes","floor":45,"turns":4},{"damage":0,"enemies":"Maw","floor":46,"turns":5},{"damage":15,"enemies":"Nemesis","floor":47,"turns":7},{"damage":3,"enemies":"Sphere and 2 Shapes","floor":48,"turns":7},{"damage":45,"enemies":"Awakened One","floor":50,"turns":10}],"seed_played":"4134882897721987243","potions_obtained":[{"floor":1,"key":"SteroidPotion"},{"floor":2,"key":"EssenceOfSteel"},{"floor":5,"key":"Ancient Potion"},{"floor":8,"key":"FocusPotion"},{"floor":12,"key":"SteroidPotion"},{"floor":21,"key":"Fire Potion"},{"floor":28,"key":"LiquidBronze"},{"floor":30,"key":"EssenceOfSteel"},{"floor":41,"key":"LiquidBronze"},{"floor":45,"key":"Block Potion"},{"floor":46,"key":"Poison Potion"},{"floor":47,"key":"SteroidPotion"}],"is_trial":false,"path_per_floor":["M","M","M","M","M","R","E","M","T","M","R","E","M","$","R","B",null,"M","$","M","M","M","E","M","R","T","R","M","$","E","?","R","B",null,"M","?","?","M","?","R","E","R","T","R","M","M","E","M","R","B"],"character_chosen":"DEFECT","items_purchased":["Bag of Preparation","Cold Snap","Lantern","Ball Lightning"],"campfire_rested":3,"item_purchase_floors":[14,14,29,29],"current_hp_per_floor":[71,70,66,65,65,65,57,55,55,52,52,51,51,51,73,72,75,75,75,74,74,74,74,65,65,65,65,69,69,59,59,75,61,75,75,75,66,66,66,66,66,66,66,66,63,63,58,55,80,35],"gold":343,"neow_bonus":"HUNDRED_GOLD","is_prod":false,"is_daily":false,"chose_seed":false,"campfire_upgraded":7,"win_rate":0,"timestamp":1530830035,"path_taken":["M","M","M","M","M","R","E","M","T","M","R","E","M","$","R","BOSS","M","$","M","M","M","E","M","R","T","R","M","$","E","?","R","BOSS","M","?","?","M","?","R","E","R","T","R","M","M","E","M","R","BOSS"],"build_version":"2018-06-28","purchased_purges":3,"victory":true,"max_hp_per_floor":[75,75,75,75,75,75,75,75,75,75,75,75,75,75,75,75,75,75,75,75,75,75,75,75,75,75,75,75,75,75,75,75,75,75,75,75,75,75,75,75,75,75,75,75,75,75,85,85,85,85],"card_choices":[{"not_picked":["Lockon","Rip and Tear"],"picked":"Leap","floor":1},{"not_picked":["Streamline","Hologram"],"picked":"Barrage","floor":2},{"not_picked":["Barrage","Melter"],"picked":"Steam","floor":3},{"not_picked":["Redo","Lockon"],"picked":"Chill","floor":4},{"not_picked":["Turbo","Melter"],"picked":"Compile Driver","floor":5},{"not_picked":["Double Energy","Force Field"],"picked":"Go for the Eyes","floor":7},{"not_picked":["Consume","Reinforced Body"],"picked":"Defragment","floor":8},{"not_picked":["Barrage","Reprogram"],"picked":"Doom and Gloom","floor":10},{"not_picked":["Storm","Scrape"],"picked":"Cold Snap","floor":12},{"not_picked":["Defragment","Stack"],"picked":"Core Surge","floor":13},{"not_picked":["Amplify","Reboot"],"picked":"Biased Cognition","floor":16},{"not_picked":["Double Energy","Recycle"],"picked":"Coolheaded+1","floor":18},{"not_picked":["Turbo","Barrage","Steam"],"picked":"SKIP","floor":20},{"not_picked":["Stack","BootSequence","Coolheaded"],"picked":"SKIP","floor":21},{"not_picked":["Stack","BootSequence","Coolheaded"],"picked":"SKIP","floor":21},{"not_picked":["Streamline+1","Darkness","Doom and Gloom"],"picked":"SKIP","floor":22},{"not_picked":["All For One","FTL"],"picked":"Capacitor","floor":23},{"not_picked":["Sweeping Beam","Skim+1"],"picked":"Hologram","floor":24},{"not_picked":["Streamline","Chaos"],"picked":"Beam Cell+1","floor":28},{"not_picked":["Sweeping Beam","Amplify"],"picked":"Stack","floor":30},{"not_picked":["Rainbow","Echo Form"],"picked":"Electrodynamics","floor":33},{"not_picked":["Cold Snap"],"picked":"SKIP","floor":35},{"not_picked":["Conserve Battery"],"picked":"SKIP","floor":38},{"not_picked":["Heatsinks+1"],"picked":"SKIP","floor":41},{"not_picked":["Turbo"],"picked":"SKIP","floor":45},{"not_picked":["Redo"],"picked":"SKIP","floor":46},{"not_picked":[],"picked":"FTL+1","floor":47},{"not_picked":["Beam Cell"],"picked":"SKIP","floor":48}],"player_experience":185014,"relics_obtained":[{"floor":7,"key":"Shuriken"},{"floor":9,"key":"Toolbox"},{"floor":12,"key":"Bronze Scales"},{"floor":23,"key":"The Courier"},{"floor":26,"key":"Potion Belt"},{"floor":30,"key":"Symbiotic Virus"},{"floor":41,"key":"Happy Flower"},{"floor":43,"key":"Gremlin Horn"},{"floor":47,"key":"Pear"}],"event_choices":[{"event_name":"Addict","player_choice":"Ignored","floor":31,"damage_taken":0},{"event_name":"SensoryStone","player_choice":"Memory 1","floor":36,"damage_taken":0},{"event_name":"Winding Halls","player_choice":"Embrace Madness","floor":37,"damage_taken":0},{"event_name":"Falling","player_choice":"Removed Attack","floor":39,"damage_taken":0}],"boss_relics":[{"not_picked":["Orrery","Velvet Choker"],"picked":"Cursed Key"},{"not_picked":["Eternal Feather","Sozu"],"picked":"Busted Crown"}],"items_purged_floors":[14,19,29],"is_endless":false,"potions_floor_spawned":[1,2,5,8,12,13,16,21,22,28,30,41,45,46,47],"ascension_level":0}