{"gold_per_floor":[19,29,29,44,58,58,77,77,77,77,125,50,79,89,89,187,187,207,207,226,226,28,61,61,86,86,86,18,36,36,48,48,150,150,163,38,0,0,17,45,45,45,70,84,84,99,115,127,127,127],"floor_reached":51,"playtime":3658,"items_purged":["Strike_B","Writhe","Decay"],"score":667,"play_id":"ee8a8f33-57f0-41d5-963c-5c018b9d489c","local_time":"20180701172938","is_ascension_mode":false,"campfire_choices":[{"data":"Coolheaded","floor":6,"key":"SMITH"},{"data":"Streamline","floor":8,"key":"SMITH"},{"data":"Auto Shields","floor":10,"key":"SMITH"},{"floor":15,"key":"REST"},{"data":"Blizzard","floor":24,"key":"SMITH"},{"data":"Core Surge","floor":27,"key":"SMITH"},{"floor":32,"key":"REST"},{"floor":42,"key":"REST"},{"data":"Creative AI","floor":45,"key":"SMITH"},{"floor":49,"key":"REST"}],"neow_cost":"NO_GOLD","seed_source_timestamp":1538761709186778,"circlet_count":0,"master_deck":["Zap+1","Dualcast","Streamline+1","Auto Shields+1","Injury","Coolheaded+1","FTL","Glacier","Cold Snap","Core Surge+1","Beam Cell","Defragment+1","Blizzard+1","Leap","Ball Lightning","Parasite","Glacier","Hologram","Loop","Ball Lightning","Creative AI+1","Hologram","Steam Power","Compile Driver","Stack","Redo","Cold Snap","Purity","Finesse","Cold Snap+1","Madness","Madness","Writhe","Leap+1"],"relics":["Cracked Core","Calipers","Art of War","Pantograph","Cursed Key","Bird Faced Urn","Symbiotic Virus","Cables","Bronze Scales","Ancient Tea Set","Pandora\u0027s Box","Red Mask","Regal Pillow","Pen Nib"],"potions_floor_usage":[16,18,20,39,40,50,50,50],"damage_taken":[{"damage":8,"enemies":"Small Slimes","floor":1,"turns":2},{"damage":1,"enemies":"Cultist","floor":2,"turns":3},{"damage":0,"enemies":"2 Louse","floor":4,"turns":2},{"damage":7,"enemies":"Exordium Wildlife","floor":5,"turns":4},{"damage":5,"enemies":"Blue Slaver","floor":7,"turns":3},{"damage":9,"enemies":"Lagavulin","floor":13,"turns":6},{"damage":0,"enemies":"Large Slime","floor":14,"turns":4},{"damage":11,"enemies":"Slime Boss","floor":16,"turns":9},{"damage":0,"enemies":"Spheric Guardian","floor":18,"turns":3},{"damage":0,"enemies":"3 Byrds","floor":20,"turns":5},{"damage":17,"enemies":"Book of Stabbing","floor":23,"turns":7},{"damage":17,"enemies":"Gremlin Leader","floor":25,"turns":7},{"damage":10,"enemies":"Centurion and Healer","floor":29,"turns":6},{"damage":15,"enemies":"Snake Plant","floor":31,"turns":4},{"damage":42,"enemies":"Automaton","floor":33,"turns":11},{"damage":10,"enemies":"Orb Walker","floor":35,"turns":3},{"damage":14,"enemies":"3 Darklings","floor":39,"turns":7},{"damage":25,"enemies":"Giant Head","floor":40,"turns":8},{"damage":4,"enemies":"4 Shapes","floor":44,"turns":6},{"damage":19,"enemies":"Maw","floor":46,"turns":7},{"damage":32,"enemies":"3 Darklings","floor":47,"turns":5},{"damage":0,"enemies":"4 Shapes","floor":48,"turns":5},{"damage":66,"enemies":"Awakened One","floor":50,"turns":14}],"seed_played":"-7458771541888766209","potions_obtained":[{"floor":4,"key":"Energy Potion"},{"floor":13,"key":"Fire Potion"},{"floor":16,"key":"SkillPotion"},{"floor":18,"key":"PowerPotion"},{"floor":25,"key":"LiquidBronze"},{"floor":31,"key":"LiquidBronze"},{"floor":33,"key":"Energy Potion"},{"floor":39,"key":"LiquidBronze"},{"floor":40,"key":"Explosive Potion"},{"floor":46,"key":"Block Potion"}],"is_trial":false,"path_per_floor":["M","M","?","M","M","R","M","R","T","R","T","$","E","M","R","B",null,"M","?","M","T","$","E","R","E","T","R","$","M","?","M","R","B",null,"M","$","?","?","M","E","?","R","T","M","R","M","M","M","R","B"],"character_chosen":"DEFECT","items_purchased":["Blizzard","Leap","Glacier"],"campfire_rested":4,"item_purchase_floors":[22,22,28],"current_hp_per_floor":[67,66,66,66,59,59,54,54,54,54,54,54,45,45,67,64,75,75,75,75,75,75,60,60,45,45,45,45,37,37,26,48,35,75,65,65,65,60,56,45,36,73,73,73,73,58,32,40,75,33],"gold":127,"neow_bonus":"REMOVE_TWO","is_prod":false,"is_daily":false,"chose_seed":false,"campfire_upgraded":6,"win_rate":0,"timestamp":1530480578,"path_taken":["M","M","?","M","M","R","M","R","T","R","?","?","E","M","R","BOSS","M","?","M","?","$","E","R","E","T","R","$","?","?","?","R","BOSS","M","$","?","?","M","E","?","R","T","?","R","?","M","M","R","BOSS"],"build_version":"2018-06-28","purchased_purges":3,"victory":true,"max_hp_per_floor":[75,75,75,75,75,75,75,75,75,75,75,75,75,75,75,75,75,75,75,75,75,75,75,75,75,75,75,75,75,75,75,75,75,75,75,75,75,75,75,75,75,75,75,75,75,75,75,75,75,75],"card_choices":[{"not_picked":["Sweeping Beam","Melter"],"picked":"Streamline","floor":1},{"not_picked":["Rip and Tear","Compile Driver"],"picked":"Auto Shields","floor":2},{"not_picked":["Barrage","Leap"],"picked":"Coolheaded","floor":4},{"not_picked":["Blizzard","Stack","Turbo"],"picked":"SKIP","floor":5},{"not_picked":["Ball Lightning","Double Energy"],"picked":"FTL","floor":7},{"not_picked":["Sweeping Beam","Auto Shields"],"picked":"Glacier","floor":13},{"not_picked":["Loop","Turbo"],"picked":"Cold Snap","floor":14},{"not_picked":["Reboot","Electrodynamics"],"picked":"Core Surge","floor":16},{"not_picked":["Leap","Gash"],"picked":"Beam Cell","floor":18},{"not_picked":["Leap","Undo"],"picked":"Defragment+1","floor":20},{"not_picked":["Gash","Aggregate","Lockon"],"picked":"SKIP","floor":23},{"not_picked":["Genetic Algorithm","Sweeping Beam"],"picked":"Ball Lightning","floor":25},{"not_picked":["Doom and Gloom+1","Streamline+1"],"picked":"Hologram","floor":29},{"not_picked":["Hologram+1","Hyperbeam"],"picked":"Ball Lightning","floor":31},{"not_picked":["Hyperbeam","Amplify"],"picked":"Creative AI","floor":33},{"not_picked":["White Noise+1","Genetic Algorithm"],"picked":"Cold Snap","floor":35},{"not_picked":["Blind","Madness"],"picked":"Purity","floor":38},{"not_picked":["Dramatic Entrance","Jack Of All Trades"],"picked":"Finesse","floor":38},{"not_picked":["Barrage+1","Stack"],"picked":"Cold Snap+1","floor":39},{"not_picked":["Ball Lightning","Self Repair+1","Thunder Strike"],"picked":"SKIP","floor":40},{"not_picked":["Steam+1","Rebound+1","Compile Driver+1"],"picked":"SKIP","floor":44},{"not_picked":["Compile Driver","Go for the Eyes+1","Sweeping Beam"],"picked":"SKIP","floor":46},{"not_picked":["Consume","Recycle+1","Redo"],"picked":"SKIP","floor":47},{"not_picked":["Sweeping Beam","Barrage"],"picked":"Leap+1","floor":48}],"player_experience":167224,"relics_obtained":[{"floor":9,"key":"Calipers"},{"floor":11,"key":"Art of War"},{"floor":13,"key":"Pantograph"},{"floor":21,"key":"Symbiotic Virus"},{"floor":23,"key":"Cables"},{"floor":25,"key":"Bronze Scales"},{"floor":26,"key":"Ancient Tea Set"},{"floor":40,"key":"Regal Pillow"},{"floor":43,"key":"Pen Nib"}],"event_choices":[{"event_name":"Accursed Blacksmith","player_choice":"Forge","floor":3,"damage_taken":0},{"event_name":"The Mausoleum","player_choice":"Yes","floor":19,"damage_taken":0},{"event_name":"The Library","player_choice":"Read","floor":30,"damage_taken":0},{"event_name":"Tomb of Lord Red Mask","player_choice":"Paid","floor":37,"damage_taken":0},{"event_name":"SensoryStone","player_choice":"Memory 2","floor":38,"damage_taken":0},{"event_name":"Winding Halls","player_choice":"Embrace Madness","floor":41,"damage_taken":0}],"boss_relics":[{"not_picked":["Calling Bell","Snecko Eye"],"picked":"Cursed Key"},{"not_picked":["Eternal Feather","Nuclear Battery"],"picked":"Pandora\u0027s Box"}],"items_purged_floors":[12,22,36],"is_endless":false,"potions_floor_spawned":[4,13,16,18,25,31,33,39,40,46,48],"ascension_level":0}