{"gold_per_floor":[114,129,4,21,21,48,48,73,96,114,131,131,158,174,174,272,272,272,272,272,272,272,272,272,272,272,272,272,272,272,117,117,117,117,117,117,117,117,117,117,31,31,31,31,31,31,31,31,31,31,31,31,31,31,31],"floor_reached":55,"playtime":4498,"items_purged":[],"score":1136,"play_id":"75d29c83-f156-45b6-abf5-d760d7633eab","local_time":"20190818155555","is_ascension_mode":true,"campfire_choices":[{"data":"Neutralize","floor":7.0,"key":"SMITH"},{"data":"Cloak And Dagger","floor":12.0,"key":"SMITH"},{"floor":15.0,"key":"REST"},{"floor":24.0,"key":"REST"},{"floor":32.0,"key":"REST"},{"data":"A Thousand Cuts","floor":42.0,"key":"SMITH"},{"floor":49.0,"key":"RECALL"},{"data":"After Image","floor":52.0,"key":"SMITH"}],"neow_cost":"NONE","seed_source_timestamp":89096847391400,"circlet_count":0,"master_deck":["Strike_G","Strike_G+1","Strike_G","Strike_G","Defend_G","Defend_G","Defend_G","Defend_G","Survivor","Neutralize+1","Heel Hook","Footwork","Backflip","PiercingWail","Distraction","Cloak And Dagger+1","Cloak And Dagger","A Thousand Cuts+1","Footwork","Burst","Dagger Spray+1","Flechettes","Cloak And Dagger","Cloak And Dagger+1","After Image+1","Blade Dance","Cloak And Dagger+1","Cloak And Dagger","Leg Sweep","Accuracy","Flash of Steel+1","Adrenaline","Burst","Finisher+1","Adrenaline","Finisher+1","Leg Sweep+1","Caltrops","Dodge and Roll","Doubt","Parasite","Dodge and Roll","Choke+1","Calculated Gamble+1"],"special_seed":0,"relics":["Philosopher\u0027s Stone","PreservedInsect","Vajra","Ancient Tea Set","Ectoplasm","Dream Catcher","Molten Egg 2","Ninja Scroll","Whetstone","Orichalcum","Cursed Key","Tough Bandages","Snake Skull","Lantern","Bag of Marbles","Turnip","Letter Opener","Anchor"],"potions_floor_usage":[],"damage_taken":[{"damage":8.0,"enemies":"Small Slimes","floor":1.0,"turns":5.0},{"damage":1.0,"enemies":"Cultist","floor":2.0,"turns":5.0},{"damage":8.0,"enemies":"2 Louse","floor":4.0,"turns":2.0},{"damage":42.0,"enemies":"Gremlin Nob","floor":6.0,"turns":6.0},{"damage":7.0,"enemies":"Lagavulin","floor":8.0,"turns":9.0},{"damage":0.0,"enemies":"2 Fungi Beasts","floor":10.0,"turns":3.0},{"damage":0.0,"enemies":"Red Slaver","floor":11.0,"turns":3.0},{"damage":6.0,"enemies":"Gremlin Nob","floor":13.0,"turns":3.0},{"damage":3.0,"enemies":"Exordium Wildlife","floor":14.0,"turns":5.0},{"damage":0.0,"enemies":"Hexaghost","floor":16.0,"turns":12.0},{"damage":6.0,"enemies":"3 Byrds","floor":18.0,"turns":5.0},{"damage":14.0,"enemies":"Spheric Guardian","floor":20.0,"turns":6.0},{"damage":20.0,"enemies":"Shelled Parasite and Fungi","floor":21.0,"turns":4.0},{"damage":6.0,"enemies":"Chosen and Byrds","floor":22.0,"turns":6.0},{"damage":19.0,"enemies":"Book of Stabbing","floor":23.0,"turns":4.0},{"damage":18.0,"enemies":"Gremlin Leader","floor":25.0,"turns":6.0},{"damage":0.0,"enemies":"3 Cultists","floor":27.0,"turns":4.0},{"damage":3.0,"enemies":"Book of Stabbing","floor":29.0,"turns":4.0},{"damage":0.0,"enemies":"Snecko","floor":30.0,"turns":5.0},{"damage":5.0,"enemies":"Collector","floor":33.0,"turns":11.0},{"damage":0.0,"enemies":"3 Shapes","floor":35.0,"turns":3.0},{"damage":9.0,"enemies":"2 Orb Walkers","floor":36.0,"turns":6.0},{"damage":0.0,"enemies":"3 Darklings","floor":38.0,"turns":4.0},{"damage":0.0,"enemies":"Maw","floor":39.0,"turns":6.0},{"damage":20.0,"enemies":"Reptomancer","floor":40.0,"turns":4.0},{"damage":0.0,"enemies":"Nemesis","floor":44.0,"turns":1.0},{"damage":0.0,"enemies":"Writhing Mass","floor":45.0,"turns":8.0},{"damage":0.0,"enemies":"Reptomancer","floor":46.0,"turns":7.0},{"damage":4.0,"enemies":"Spire Growth","floor":47.0,"turns":5.0},{"damage":0.0,"enemies":"Giant Head","floor":48.0,"turns":6.0},{"damage":31.0,"enemies":"Awakened One","floor":50.0,"turns":22.0},{"damage":40.0,"enemies":"Shield and Spear","floor":54.0,"turns":7.0},{"damage":45,"enemies":"The Heart","floor":55,"turns":2}],"seed_played":"-3938434680121668590","potions_obtained":[{"floor":2.0,"key":"Regen Potion"},{"floor":4.0,"key":"SneckoOil"},{"floor":11.0,"key":"FearPotion"},{"floor":14.0,"key":"Strength Potion"},{"floor":18.0,"key":"FearPotion"},{"floor":27.0,"key":"EssenceOfSteel"},{"floor":30.0,"key":"AttackPotion"},{"floor":33.0,"key":"Fire Potion"},{"floor":38.0,"key":"EssenceOfSteel"},{"floor":44.0,"key":"GhostInAJar"},{"floor":45.0,"key":"GamblersBrew"},{"floor":46.0,"key":"Fire Potion"},{"floor":48.0,"key":"EssenceOfSteel"}],"is_trial":false,"path_per_floor":["M","M","$","M","?","E","R","E","T","M","M","R","E","M","R","B",null,"M","?","M","M","M","E","R","E","T","M","T","E","M","$","R","B",null,"M","?","?","M","M","E","$","R","T","E","M","E","M","E","R","B",null,"R","$","E","B"],"character_chosen":"THE_SILENT","items_purchased":["Footwork","Backflip","Accuracy","Flash of Steel+1","Caltrops","Dodge and Roll"],"campfire_rested":3,"item_purchase_floors":[3,3,31,31,41,41],"current_hp_per_floor":[62,61,61,53,53,11,11,19,19,19,19,19,13,10,31,31,70,64,64,50,30,24,5,26,8,8,8,8,5,5,5,26,21,70,70,61,61,61,61,41,41,41,41,41,41,41,37,37,37,6,70,70,70,30,0],"gold":31,"neow_bonus":"BOSS_RELIC","is_prod":false,"is_daily":false,"chose_seed":false,"campfire_upgraded":4,"win_rate":0,"timestamp":1566161755,"path_taken":["M","M","$","M","?","E","R","E","T","?","M","R","E","M","R","BOSS","M","?","M","M","?","E","R","E","T","M","?","E","M","$","R","BOSS","M","?","?","M","M","E","$","R","T","E","M","E","M","E","R","BOSS","R","$","E","BOSS"],"build_version":"2019-07-17","purchased_purges":0,"victory":false,"max_hp_per_floor":[70,70,70,70,70,70,70,70,70,70,70,70,70,70,70,70,70,70,70,70,70,70,70,70,70,70,70,70,70,70,70,70,70,70,70,70,70,70,70,70,70,70,70,70,70,70,70,70,70,70,70,70,70,70,70],"card_choices":[{"not_picked":["Outmaneuver","Bane","Underhanded Strike"],"picked":"SKIP","floor":1.0},{"not_picked":["Flying Knee","Slice"],"picked":"Heel Hook","floor":2.0},{"not_picked":["Night Terror","Prepared"],"picked":"PiercingWail","floor":4.0},{"not_picked":["PiercingWail","Skewer"],"picked":"Distraction","floor":6.0},{"not_picked":["Slice","Dash"],"picked":"Cloak And Dagger","floor":8.0},{"not_picked":["Setup","Deflect","Predator"],"picked":"SKIP","floor":10.0},{"not_picked":["Flying Knee","Slice"],"picked":"Cloak And Dagger","floor":11.0},{"not_picked":["Backstab","Riddle With Holes"],"picked":"A Thousand Cuts","floor":13.0},{"not_picked":["Deadly Poison","Escape Plan"],"picked":"Footwork","floor":14.0},{"not_picked":["Night Terror","Glass Knife"],"picked":"Burst","floor":16.0},{"not_picked":["Well Laid Plans","Bouncing Flask"],"picked":"Dagger Spray","floor":18.0},{"not_picked":["Backstab+1","Bouncing Flask"],"picked":"Flechettes","floor":20.0},{"not_picked":["Dodge and Roll","Dagger Spray"],"picked":"Cloak And Dagger","floor":21.0},{"not_picked":["Setup","Deflect"],"picked":"Cloak And Dagger+1","floor":22.0},{"not_picked":["Sucker Punch","Calculated Gamble"],"picked":"After Image","floor":23.0},{"not_picked":["Noxious Fumes","Prepared"],"picked":"Blade Dance","floor":24.0},{"not_picked":["Tools of the Trade","Bouncing Flask"],"picked":"Cloak And Dagger+1","floor":25.0},{"not_picked":["Underhanded Strike+1","PiercingWail"],"picked":"Cloak And Dagger","floor":27.0},{"not_picked":["Concentrate","Expertise+1","Bouncing Flask"],"picked":"SKIP","floor":29.0},{"not_picked":["Bane+1","Bouncing Flask"],"picked":"Leg Sweep","floor":30.0},{"not_picked":["Sucker Punch+1","Bouncing Flask"],"picked":"Adrenaline","floor":32.0},{"not_picked":["Phantasmal Killer","Wraith Form v2"],"picked":"Burst","floor":33.0},{"not_picked":["Blade Dance","Sucker Punch+1"],"picked":"Finisher+1","floor":35.0},{"not_picked":["Heel Hook+1","Well Laid Plans"],"picked":"Finisher+1","floor":38.0},{"not_picked":["Poisoned Stab+1","Dagger Throw+1","Flechettes+1"],"picked":"SKIP","floor":39.0},{"not_picked":["Masterful Stab+1","Night Terror"],"picked":"Leg Sweep+1","floor":40.0},{"not_picked":["Prepared+1","All Out Attack+1","Backstab+1"],"picked":"SKIP","floor":44.0},{"not_picked":["Catalyst+1","Underhanded Strike+1"],"picked":"Dodge and Roll","floor":45.0},{"not_picked":["PiercingWail","Glass Knife+1","Sucker Punch+1"],"picked":"SKIP","floor":46.0},{"not_picked":["Blade Dance+1","Bane+1"],"picked":"Choke+1","floor":47.0},{"not_picked":["Quick Slash+1","Wraith Form v2","Sucker Punch+1"],"picked":"SKIP","floor":48.0},{"not_picked":["Underhanded Strike+1","Slice+1"],"picked":"Calculated Gamble+1","floor":54.0}],"player_experience":453145,"relics_obtained":[{"floor":6.0,"key":"PreservedInsect"},{"floor":8.0,"key":"Vajra"},{"floor":13.0,"key":"Ancient Tea Set"},{"floor":23.0,"key":"Dream Catcher"},{"floor":25.0,"key":"Molten Egg 2"},{"floor":26.0,"key":"Ninja Scroll"},{"floor":28.0,"key":"Whetstone"},{"floor":29.0,"key":"Orichalcum"},{"floor":36.0,"key":"Tough Bandages"},{"floor":40.0,"key":"Snake Skull"},{"floor":43.0,"key":"Lantern"},{"floor":44.0,"key":"Bag of Marbles"},{"floor":46.0,"key":"Turnip"},{"floor":48.0,"key":"Letter Opener"},{"floor":54.0,"key":"Anchor"}],"event_choices":[{"cards_removed":["Defend_G"],"damage_healed":0.0,"max_hp_gain":0.0,"max_hp_loss":0.0,"gold_gain":0.0,"event_name":"Bonfire Elementals","player_choice":"Offered Basic","floor":5.0,"gold_loss":0.0,"damage_taken":0.0},{"cards_removed":["Strike_G"],"damage_healed":0.0,"max_hp_gain":0.0,"max_hp_loss":0.0,"gold_gain":0.0,"event_name":"Purifier","player_choice":"Purged","floor":19.0,"gold_loss":0.0,"damage_taken":0.0},{"damage_healed":0.0,"max_hp_gain":0.0,"max_hp_loss":0.0,"gold_gain":0.0,"event_name":"Mysterious Sphere","player_choice":"Fight","floor":36.0,"gold_loss":0.0,"damage_taken":0.0},{"damage_healed":0.0,"max_hp_gain":0.0,"max_hp_loss":0.0,"gold_gain":0.0,"event_name":"Duplicator","player_choice":"Copied","floor":37.0,"gold_loss":0.0,"damage_taken":0.0,"cards_obtained":["Adrenaline"]}],"is_beta":false,"boss_relics":[{"not_picked":["Lizard Tail","Calling Bell"],"picked":"Ectoplasm"},{"not_picked":["HoveringKite","Eternal Feather"],"picked":"Cursed Key"}],"items_purged_floors":[],"is_endless":false,"potions_floor_spawned":[2,4,11,14,18,27,30,33,38,44,45,46,48],"killed_by":"The Heart","ascension_level":3}