{"gold_per_floor":[363,376,175,250,200,230,230,241,267,267,167,184,194,194,194,325,325,343,63,63,63,63,63,162,162,162,182,182,182,208,220],"floor_reached":31,"playtime":1195,"items_purged":["Regret","Strike_R","Strike_R"],"score":231,"play_id":"137ed2c5-c8ef-419f-bbd9-8dab95062a85","local_time":"20190615215127","is_ascension_mode":false,"campfire_choices":[{"floor":7,"key":"REST"},{"data":"Uppercut","floor":15,"key":"SMITH"},{"data":"Anger","floor":23,"key":"SMITH"},{"floor":25,"key":"RECALL"}],"neow_cost":"CURSE","seed_source_timestamp":340359670157846,"circlet_count":0,"master_deck":["Strike_R","Strike_R","Defend_R","Defend_R","Defend_R","Defend_R","Bash","Anger+1","Sword Boomerang","Shrug It Off","Pummel","Uppercut+1","Cleave","Brutality","J.A.X.","Burning Pact"],"relics":["Burning Blood","Ancient Tea Set","Juzu Bracelet","Golden Idol","White Beast Statue","Omamori","Bottled Flame","Bronze Scales","MawBank"],"potions_floor_usage":[18,18,22,30,30,30,31],"damage_taken":[{"damage":19,"enemies":"Small Slimes","floor":1,"turns":3},{"damage":7,"enemies":"Jaw Worm","floor":2,"turns":4},{"damage":51,"enemies":"3 Sentries","floor":6,"turns":10},{"damage":0,"enemies":"Cultist","floor":8,"turns":2},{"damage":12,"enemies":"Exordium Wildlife","floor":12,"turns":8},{"damage":5,"enemies":"Looter","floor":13,"turns":3},{"damage":25,"enemies":"Hexaghost","floor":16,"turns":10},{"damage":17,"enemies":"Spheric Guardian","floor":18,"turns":5},{"damage":22,"enemies":"Shell Parasite","floor":27,"turns":4},{"damage":21,"enemies":"Snake Plant","floor":30,"turns":4},{"damage":48,"enemies":"Slavers","floor":31,"turns":3}],"seed_played":"-98611324623658806","potions_obtained":[{"floor":8,"key":"GamblersBrew"},{"floor":12,"key":"Fire Potion"},{"floor":18,"key":"EssenceOfSteel"},{"floor":22,"key":"Fruit Juice"},{"floor":22,"key":"Weak Potion"},{"floor":22,"key":"EntropicBrew"}],"is_trial":false,"path_per_floor":["M","M","$","?","?","E","R","M","T","T","$","M","M","?","R","B",null,"M","$","?","?","?","R","?","R","T","M","?","?","M","E"],"character_chosen":"IRONCLAD","items_purchased":["Shrug It Off","Pummel","Omamori"],"campfire_rested":1,"item_purchase_floors":[3,3,19],"current_hp_per_floor":[67,66,66,55,55,10,34,40,40,40,40,34,35,35,35,16,74,63,63,63,63,68,68,68,68,68,52,52,52,37,0],"gold":220,"neow_bonus":"TWO_FIFTY_GOLD","is_prod":false,"is_daily":false,"chose_seed":false,"campfire_upgraded":2,"win_rate":0,"timestamp":1560653487,"path_taken":["M","M","$","?","?","E","R","M","T","?","$","M","M","?","R","BOSS","M","$","?","?","?","R","?","R","T","M","?","?","M","E"],"build_version":"2019-01-23","purchased_purges":3,"victory":false,"max_hp_per_floor":[80,80,80,80,80,80,80,80,80,80,80,80,80,74,74,74,74,74,74,74,74,79,79,79,79,79,79,79,79,79,79],"card_choices":[{"not_picked":["Warcry","Combust"],"picked":"Anger","floor":1},{"not_picked":["Havoc","Infernal Blade"],"picked":"Sword Boomerang","floor":2},{"not_picked":["Headbutt","Flex"],"picked":"Uppercut","floor":6},{"not_picked":["Clothesline","Warcry","Wild Strike"],"picked":"SKIP","floor":8},{"not_picked":["Havoc","Searing Blow"],"picked":"Cleave","floor":12},{"not_picked":["Perfected Strike","Clothesline","Dark Embrace"],"picked":"SKIP","floor":13},{"not_picked":["Berserk","Barricade"],"picked":"Brutality","floor":16},{"not_picked":["Perfected Strike","Havoc","Thunderclap+1"],"picked":"SKIP","floor":18},{"not_picked":["Clash+1","Evolve+1","Bloodletting+1"],"picked":"SKIP","floor":27},{"not_picked":["Second Wind","Warcry"],"picked":"Burning Pact","floor":30}],"player_experience":823911,"relics_obtained":[{"floor":6,"key":"Ancient Tea Set"},{"floor":10,"key":"Juzu Bracelet"},{"floor":26,"key":"Bottled Flame"}],"event_choices":[{"damage_healed":0,"gold_gain":75,"player_choice":"Gather Gold","damage_taken":11,"max_hp_gain":0,"max_hp_loss":0,"event_name":"World of Goop","floor":4,"gold_loss":0},{"cards_removed":["Strike_R"],"damage_healed":0,"gold_gain":0,"player_choice":"Card Removal","damage_taken":0,"max_hp_gain":0,"max_hp_loss":0,"event_name":"The Cleric","floor":5,"gold_loss":50},{"damage_healed":0,"gold_gain":0,"player_choice":"Lose Max HP","damage_taken":0,"relics_obtained":["Golden Idol"],"max_hp_gain":0,"max_hp_loss":6,"event_name":"Golden Idol","floor":14,"gold_loss":0},{"damage_healed":0,"gold_gain":0,"player_choice":"Ignored","damage_taken":0,"max_hp_gain":0,"max_hp_loss":0,"event_name":"Cursed Tome","floor":20,"gold_loss":0},{"damage_healed":0,"gold_gain":0,"player_choice":"Obtain J.A.X.","damage_taken":0,"max_hp_gain":0,"max_hp_loss":0,"event_name":"Drug Dealer","floor":21,"gold_loss":0,"cards_obtained":["J.A.X."]},{"damage_healed":0,"gold_gain":0,"player_choice":"Got Potions","damage_taken":0,"max_hp_gain":0,"max_hp_loss":0,"event_name":"Lab","floor":22,"gold_loss":0},{"damage_healed":0,"gold_gain":99,"player_choice":"Stole From Cult","damage_taken":0,"max_hp_gain":0,"max_hp_loss":0,"event_name":"Nest","floor":24,"gold_loss":0},{"damage_healed":0,"gold_gain":0,"player_choice":"Opened","damage_taken":0,"relics_obtained":["Bronze Scales"],"max_hp_gain":0,"max_hp_loss":0,"event_name":"The Mausoleum","floor":28,"gold_loss":0,"cards_obtained":["Writhe"]},{"damage_healed":0,"gold_gain":0,"player_choice":"Stole Relic","damage_taken":0,"relics_obtained":["MawBank"],"max_hp_gain":0,"max_hp_loss":0,"event_name":"Addict","floor":29,"gold_loss":0,"cards_obtained":["Shame"]}],"is_beta":false,"boss_relics":[{"not_picked":["Runic Dome","Snecko Eye"],"picked":"White Beast Statue"}],"items_purged_floors":[3,11,19],"is_endless":false,"potions_floor_spawned":[8,12,18,27,30],"killed_by":"Slavers","ascension_level":0}