{"gold_per_floor":[115,115,33,33,33,68,83,83,83,8,22,22,22,47,47,142,142,166,186,186,86,86,126,126,126],"floor_reached":25,"playtime":626,"items_purged":["Strike_B","Strike_B"],"score":484,"play_id":"cf0fae95-35d1-4f12-957c-b88c6852aeb8","local_time":"20190202230326","is_ascension_mode":true,"campfire_choices":[{"data":"Beam Cell","floor":8.0,"key":"SMITH"},{"data":"Zap","floor":12.0,"key":"SMITH"},{"data":"Hologram","floor":15.0,"key":"SMITH"},{"data":"Hologram","floor":24,"key":"SMITH"}],"neow_cost":"NONE","seed_source_timestamp":73723295824934,"circlet_count":0,"master_deck":["AscendersBane","Strike_B+1","Strike_B+1","Defend_B","Defend_B","Defend_B","Defend_B","Zap+1","Dualcast","Leap","Cold Snap","Hologram+1","Streamline","Beam Cell+1","Auto Shields","Beam Cell","Reboot","Hologram+1","Turbo","Buffer"],"special_seed":0,"relics":["NeowsBlessing","Golden Idol","Mercury Hourglass","Ginger","Snecko Eye","Nloth\u0027s Gift","Oddly Smooth Stone"],"potions_floor_usage":[23,23],"damage_taken":[{"damage":0.0,"enemies":"Cultist","floor":1.0,"turns":1.0},{"damage":0.0,"enemies":"Gremlin Nob","floor":6.0,"turns":1.0},{"damage":0.0,"enemies":"Small Slimes","floor":7.0,"turns":1.0},{"damage":0.0,"enemies":"Jaw Worm","floor":11.0,"turns":2.0},{"damage":9.0,"enemies":"Red Slaver","floor":14.0,"turns":3.0},{"damage":24.0,"enemies":"The Guardian","floor":16.0,"turns":10.0},{"damage":4.0,"enemies":"Shell Parasite","floor":18.0,"turns":6.0},{"damage":15,"enemies":"3 Byrds","floor":19,"turns":4},{"damage":9,"enemies":"Gremlin Leader","floor":23,"turns":9},{"damage":27,"enemies":"Slavers","floor":25,"turns":5}],"seed_played":"8939558554619811575","potions_obtained":[{"floor":6.0,"key":"PowerPotion"},{"floor":7.0,"key":"Poison Potion"},{"floor":18,"key":"Block Potion"}],"is_trial":false,"path_per_floor":["M","?","$","?","?","E","M","R","T","$","M","R","$","M","R","B",null,"M","M","?","$","?","E","R","E"],"character_chosen":"DEFECT","items_purchased":["Cold Snap","Hologram"],"campfire_rested":0,"item_purchase_floors":[3,3],"current_hp_per_floor":[64,69,69,69,48,48,48,48,48,48,48,48,48,39,39,15,56,52,37,37,37,37,28,28,1],"gold":126,"neow_bonus":"THREE_ENEMY_KILL","is_prod":false,"is_daily":false,"chose_seed":false,"campfire_upgraded":4,"win_rate":0,"timestamp":1549177406,"path_taken":["M","?","$","?","?","E","?","R","T","$","M","R","?","M","R","BOSS","M","M","?","$","?","E","R","E"],"build_version":"2019-01-23","purchased_purges":2,"victory":false,"max_hp_per_floor":[71,76,76,69,69,69,69,69,69,69,69,69,69,69,69,69,69,69,69,69,69,69,69,69,69],"card_choices":[{"not_picked":["Rebound","Compile Driver"],"picked":"Leap","floor":1.0},{"not_picked":["Static Discharge","Reinforced Body"],"picked":"Streamline","floor":6.0},{"not_picked":["Doom and Gloom","Scrape"],"picked":"Beam Cell","floor":7.0},{"not_picked":["Reprogram","Go for the Eyes"],"picked":"Auto Shields","floor":11.0},{"not_picked":["Turbo","Recycle"],"picked":"Beam Cell","floor":14.0},{"not_picked":["Hyperbeam","Creative AI"],"picked":"Reboot","floor":16.0},{"not_picked":["Force Field","Consume"],"picked":"Hologram","floor":18},{"not_picked":["Darkness","Coolheaded"],"picked":"Turbo","floor":19},{"not_picked":["Conserve Battery","Redo"],"picked":"Buffer","floor":23}],"player_experience":1113829,"relics_obtained":[{"floor":6.0,"key":"Mercury Hourglass"},{"floor":9.0,"key":"Ginger"},{"floor":23,"key":"Oddly Smooth Stone"}],"event_choices":[{"damage_healed":0.0,"max_hp_gain":5.0,"max_hp_loss":0.0,"gold_gain":0.0,"event_name":"Big Fish","player_choice":"Donut","floor":2.0,"gold_loss":0.0,"damage_taken":0.0},{"damage_healed":0.0,"max_hp_gain":0.0,"max_hp_loss":7.0,"gold_gain":0.0,"event_name":"Golden Idol","player_choice":"Lose Max HP","floor":4.0,"gold_loss":0.0,"damage_taken":0.0,"relics_obtained":["Golden Idol"]},{"damage_healed":0.0,"max_hp_gain":0.0,"max_hp_loss":0.0,"gold_gain":0.0,"event_name":"Shining Light","player_choice":"Entered Light","floor":5.0,"gold_loss":0.0,"damage_taken":21.0,"cards_upgraded":["Strike_B","Strike_B"]},{"damage_healed":0,"gold_gain":0,"player_choice":"Ignored","damage_taken":0,"max_hp_gain":0,"max_hp_loss":0,"event_name":"Vampires","floor":20,"gold_loss":0},{"damage_healed":0,"gold_gain":0,"player_choice":"Traded Relic","damage_taken":0,"relics_obtained":["Nloth\u0027s Gift"],"max_hp_gain":0,"max_hp_loss":0,"event_name":"N\u0027loth","floor":22,"relics_lost":["Cracked Core"],"gold_loss":0}],"is_beta":true,"boss_relics":[{"not_picked":["Inserter","Pandora\u0027s Box"],"picked":"Snecko Eye"}],"items_purged_floors":[10,21],"is_endless":false,"potions_floor_spawned":[6,7,16,18,19],"killed_by":"Slavers","ascension_level":20}