{"gold_per_floor":[115,64,22,33,53,83,83,83],"floor_reached":8,"playtime":238,"items_purged":[],"score":112,"play_id":"543eb061-6588-45fb-9084-31ca1e9195b1","local_time":"20190219175121","is_ascension_mode":true,"campfire_choices":[{"data":"Searing Blow","floor":7,"key":"SMITH"}],"neow_cost":"NONE","seed_source_timestamp":403948479791,"circlet_count":0,"master_deck":["AscendersBane","Strike_R","Strike_R","Strike_R","Strike_R","Strike_R","Defend_R","Defend_R","Defend_R","Defend_R","Bash","Wild Strike","Carnage","Searing Blow+1","Shrug It Off"],"relics":["Burning Blood","NeowsBlessing","Regal Pillow","Mummified Hand"],"potions_floor_usage":[6],"damage_taken":[{"damage":0,"enemies":"2 Louse","floor":1,"turns":1},{"damage":0,"enemies":"Cultist","floor":4,"turns":1},{"damage":0,"enemies":"Small Slimes","floor":5,"turns":1},{"damage":32,"enemies":"Gremlin Nob","floor":6,"turns":4},{"damage":60,"enemies":"Lagavulin Event","floor":8,"turns":5}],"seed_played":"7685542649581225495","potions_obtained":[{"floor":5,"key":"Swift Potion"}],"is_trial":false,"path_per_floor":["M","?","$","M","M","E","R","?"],"character_chosen":"IRONCLAD","items_purchased":["Carnage"],"campfire_rested":0,"item_purchase_floors":[3],"current_hp_per_floor":[74,74,74,75,75,49,49,0],"gold":83,"neow_bonus":"THREE_ENEMY_KILL","is_prod":false,"is_daily":false,"chose_seed":false,"campfire_upgraded":1,"win_rate":0,"timestamp":1550627481,"path_taken":["M","?","$","M","?","E","R","?"],"build_version":"2019-02-06","purchased_purges":0,"victory":false,"max_hp_per_floor":[75,75,75,75,75,75,75,75],"card_choices":[{"not_picked":["Body Slam","Sword Boomerang"],"picked":"Wild Strike","floor":1},{"not_picked":["Second Wind","Burning Pact"],"picked":"Searing Blow","floor":4},{"not_picked":["Spot Weakness","Anger","Clothesline"],"picked":"SKIP","floor":5},{"not_picked":["Dropkick","Flex"],"picked":"Shrug It Off","floor":6}],"player_experience":1177102,"relics_obtained":[{"floor":6,"key":"Mummified Hand"}],"event_choices":[{"damage_healed":0,"gold_gain":0,"player_choice":"Paid Gold","damage_taken":0,"relics_obtained":["Regal Pillow"],"max_hp_gain":0,"max_hp_loss":0,"event_name":"WeMeetAgain","floor":2,"gold_loss":51},{"damage_healed":0,"gold_gain":0,"player_choice":"Searched \u00271\u0027 times","damage_taken":0,"max_hp_gain":0,"max_hp_loss":0,"event_name":"Dead Adventurer","floor":8,"gold_loss":0}],"is_beta":true,"boss_relics":[],"items_purged_floors":[],"is_endless":false,"potions_floor_spawned":[5],"killed_by":"Lagavulin Event","ascension_level":20}