{"gold_per_floor":[117,67,67,82,94,94,123,48,48,61,61,8,8,20,20,119,119,133,133,148,48,58,58,58,58,137,137,12,112,112,126,126,226,226,239,89,89,101,29,29,29],"floor_reached":41,"playtime":328,"items_purged":["Defend_R","Strike_R","Strike_R","Strike_R+1"],"score":387,"play_id":"c4ca8e48-2ff3-4eca-af70-3faf2151d5be","local_time":"20180702162811","is_ascension_mode":false,"campfire_choices":[{"data":"Bash","floor":6,"key":"SMITH"},{"data":"Strike_R","floor":11,"key":"SMITH"},{"data":"Clash","floor":15,"key":"SMITH"},{"data":"Whirlwind","floor":23,"key":"SMITH"},{"data":"Strike_R","floor":27,"key":"SMITH"},{"data":"Strike_R","floor":30,"key":"SMITH"},{"floor":32,"key":"REST"},{"floor":40,"key":"REST"}],"neow_cost":"NONE","seed_source_timestamp":0,"circlet_count":0,"master_deck":["Strike_R+1","Strike_R+1","Bash+1","Clash+1","Double Tap+1","Whirlwind+1","Whirlwind+1","Limit Break","Panacea","Seeing Red"],"relics":["Runic Dome","Pantograph","Meat on the Bone","Velvet Choker","Matryoshka","Fusion Hammer"],"potions_floor_usage":[],"damage_taken":[{"damage":5,"enemies":"2 Louse","floor":1,"turns":2},{"damage":0,"enemies":"Small Slimes","floor":4,"turns":2},{"damage":6,"enemies":"Cultist","floor":5,"turns":3},{"damage":3,"enemies":"Gremlin Nob","floor":7,"turns":3},{"damage":10,"enemies":"Looter","floor":10,"turns":2},{"damage":0,"enemies":"Red Slaver","floor":14,"turns":1},{"damage":48,"enemies":"Hexaghost","floor":16,"turns":5},{"damage":0,"enemies":"Spheric Guardian","floor":18,"turns":2},{"damage":0,"enemies":"3 Byrds","floor":20,"turns":1},{"damage":0,"enemies":"Sentry and Sphere","floor":22,"turns":2},{"damage":0,"enemies":"Centurion and Healer","floor":31,"turns":1},{"damage":18,"enemies":"Collector","floor":33,"turns":3},{"damage":10,"enemies":"Orb Walker","floor":35,"turns":2},{"damage":7,"enemies":"3 Darklings","floor":38,"turns":3},{"damage":82,"enemies":"Nemesis","floor":41,"turns":4}],"seed_played":"1298","potions_obtained":[{"floor":31,"key":"Energy Potion"},{"floor":33,"key":"SteroidPotion"},{"floor":35,"key":"Swift Potion"}],"is_trial":false,"path_per_floor":["M","?","?","M","M","R","E","$","T","M","R","$","?","M","R","B",null,"M","?","M","$","M","R","?","?","T","R","$","?","R","M","R","B",null,"M","$","?","M","$","R"],"character_chosen":"IRONCLAD","items_purchased":["Clash","Seeing Red"],"campfire_rested":2,"item_purchase_floors":[12,39],"current_hp_per_floor":[75,75,75,75,69,69,66,66,66,56,56,56,49,49,49,38,80,80,80,80,80,80,80,80,80,80,80,80,80,80,80,80,62,80,70,70,70,63,63,80,0],"gold":29,"neow_bonus":"BOSS_RELIC","is_prod":false,"is_daily":false,"chose_seed":true,"campfire_upgraded":6,"win_rate":0,"timestamp":1530574091,"path_taken":["M","?","?","M","M","R","E","$","T","?","R","$","?","M","R","BOSS","M","?","M","$","?","R","?","?","T","R","$","?","R","M","R","BOSS","M","$","?","M","$","R","E"],"build_version":"2018-06-29","purchased_purges":4,"victory":false,"max_hp_per_floor":[80,80,80,80,80,80,80,80,80,80,80,80,80,80,80,80,80,80,80,80,80,80,80,80,80,80,80,80,80,80,80,80,80,80,80,80,80,80,80,80,80],"card_choices":[{"not_picked":["Immolate","Demon Form"],"picked":"Double Tap","floor":16},{"not_picked":["Evolve","Warcry+1"],"picked":"Whirlwind","floor":18},{"not_picked":["Immolate","Fiend Fire"],"picked":"Limit Break","floor":33},{"not_picked":["Good Instincts","Flash of Steel"],"picked":"Panacea","floor":37}],"player_experience":454401,"relics_obtained":[{"floor":7,"key":"Pantograph"},{"floor":9,"key":"Meat on the Bone"},{"floor":26,"key":"Matryoshka"}],"event_choices":[{"event_name":"The Cleric","player_choice":"Card Removal","floor":2,"damage_taken":0},{"event_name":"The Woman in Blue","player_choice":"Bought 0 Potions","floor":3,"damage_taken":0},{"event_name":"Golden Wing","player_choice":"Card Removal","floor":13,"damage_taken":0},{"event_name":"Back to Basics","player_choice":"Elegance","floor":19,"damage_taken":0},{"event_name":"Upgrade Shrine","player_choice":"Upgraded","floor":24,"damage_taken":0},{"event_name":"Duplicator","player_choice":"One dupe","floor":25,"damage_taken":0},{"event_name":"Golden Shrine","player_choice":"Pray","floor":29,"damage_taken":0},{"event_name":"SensoryStone","player_choice":"Memory 1","floor":37,"damage_taken":0}],"boss_relics":[{"not_picked":["Tiny House","Calling Bell"],"picked":"Velvet Choker"},{"not_picked":["Orrery","Lizard Tail"],"picked":"Fusion Hammer"}],"items_purged_floors":[8,21,28,36],"is_endless":false,"potions_floor_spawned":[7,10,16,31,33,35],"killed_by":"Nemesis","ascension_level":0}