{"gold_per_floor":[364,364,376,376,73,85,85,112,138,138,138,138,288,12,12,88,88,101,117,117,117,131,131,157,175,175,175,200,210,222,238,238,312,312,331,553,5,15,26,57,57,90,90,90,90,100,133,146,146,146],"floor_reached":51,"playtime":3629,"items_purged":["Doubt"],"score":1371,"play_id":"c63608b6-15ea-4389-8a41-c741bf733890","local_time":"20190828114221","is_ascension_mode":true,"campfire_choices":[{"floor":7.0,"key":"REST"},{"data":"Neutralize","floor":10.0,"key":"SMITH"},{"data":"Footwork","floor":15.0,"key":"SMITH"},{"floor":23.0,"key":"REST"},{"floor":32.0,"key":"REST"},{"floor":41.0,"key":"REST"},{"floor":45.0,"key":"RECALL"},{"floor":49,"key":"REST"}],"neow_cost":"PERCENT_DAMAGE","seed_source_timestamp":348217044355056,"circlet_count":0,"master_deck":["AscendersBane","Strike_G+1","Defend_G+1","Defend_G+1","Defend_G+1","Defend_G+1","Defend_G+1","Survivor","Neutralize+1","Bane","Deadly Poison+1","Noxious Fumes","Flying Knee","Leg Sweep","Corpse Explosion","Adrenaline","Footwork+1","Venomology","Backflip","Heel Hook","RitualDagger","Acrobatics","PiercingWail","Bane+1","Crippling Poison","Dodge and Roll","Flying Knee","Dodge and Roll+1","Bullet Time","Deadly Poison+1","Panacea","Adrenaline","Bullet Time","Blur","PiercingWail","PiercingWail","Unload"],"special_seed":0,"relics":["Ring of the Snake","Tiny Chest","Blood Vial","Strawberry","Sundial","Lee\u0027s Waffle","Fusion Hammer","Red Mask","Dodecahedron","Omamori","Runic Pyramid","Tough Bandages","Ice Cream","FossilizedHelix","Paper Crane","Ancient Tea Set"],"potions_floor_usage":[48,48,50,50],"damage_taken":[{"damage":12.0,"enemies":"Jaw Worm","floor":1.0,"turns":7.0},{"damage":0.0,"enemies":"Small Slimes","floor":3.0,"turns":4.0},{"damage":1.0,"enemies":"2 Louse","floor":6.0,"turns":3.0},{"damage":3.0,"enemies":"Lagavulin","floor":8.0,"turns":6.0},{"damage":18.0,"enemies":"Hexaghost","floor":16.0,"turns":10.0},{"damage":21.0,"enemies":"Spheric Guardian","floor":18.0,"turns":5.0},{"damage":2.0,"enemies":"Shell Parasite","floor":19.0,"turns":5.0},{"damage":10.0,"enemies":"Centurion and Healer","floor":22.0,"turns":6.0},{"damage":0.0,"enemies":"Masked Bandits","floor":24.0,"turns":2.0},{"damage":3.0,"enemies":"Cultist and Chosen","floor":25.0,"turns":4.0},{"damage":11.0,"enemies":"Book of Stabbing","floor":28.0,"turns":7.0},{"damage":0.0,"enemies":"Snecko","floor":29.0,"turns":5.0},{"damage":0.0,"enemies":"Centurion and Healer","floor":30.0,"turns":6.0},{"damage":0.0,"enemies":"3 Cultists","floor":31.0,"turns":3.0},{"damage":19.0,"enemies":"Automaton","floor":33.0,"turns":11.0},{"damage":0.0,"enemies":"Orb Walker","floor":35.0,"turns":4.0},{"damage":0.0,"enemies":"3 Shapes","floor":38.0,"turns":4.0},{"damage":8.0,"enemies":"Spire Growth","floor":39.0,"turns":6.0},{"damage":14.0,"enemies":"Reptomancer","floor":40.0,"turns":7.0},{"damage":0.0,"enemies":"Giant Head","floor":42.0,"turns":9.0},{"damage":0.0,"enemies":"Writhing Mass","floor":46.0,"turns":9.0},{"damage":11.0,"enemies":"Reptomancer","floor":47.0,"turns":7.0},{"damage":10,"enemies":"Transient","floor":48,"turns":5},{"damage":11,"enemies":"Awakened One","floor":50,"turns":18}],"seed_played":"-4428947270077861122","potions_obtained":[{"floor":3.0,"key":"Block Potion"},{"floor":18.0,"key":"Poison Potion"},{"floor":30.0,"key":"PowerPotion"},{"floor":40.0,"key":"Ancient Potion"},{"floor":42.0,"key":"Regen Potion"},{"floor":48,"key":"LiquidBronze"}],"is_trial":false,"path_per_floor":["M","?","M","?","$","M","R","E","T","R","?","?","?","$","R","B",null,"M","M","?","?","M","R","?","M","T","?","E","M","M","M","R","B",null,"M","?","$","M","M","E","R","E","T","?","R","M","E","M","R","B",null],"character_chosen":"THE_SILENT","items_purchased":["Noxious Fumes","Strength Potion","Tiny Chest","Flying Knee","Footwork","Lee\u0027s Waffle","Tough Bandages","Panacea","Adrenaline"],"campfire_rested":5,"item_purchase_floors":[5,5,5,5,14,14,37,37,37],"current_hp_per_floor":[32,25,25,5,5,4,23,20,27,27,16,16,16,80,80,62,76,57,57,51,51,43,67,69,68,68,68,59,61,63,65,80,61,75,77,77,77,79,72,60,80,80,80,76,76,76,65,67,76,65],"gold":146,"neow_bonus":"TWO_FIFTY_GOLD","is_prod":false,"is_daily":false,"chose_seed":false,"campfire_upgraded":2,"win_rate":0,"timestamp":1567017741,"path_taken":["M","?","M","?","$","M","R","E","T","R","?","?","?","?","R","BOSS","M","M","?","?","M","R","?","M","T","?","E","M","M","M","R","BOSS","M","?","$","M","M","E","R","E","T","?","R","M","E","M","R","BOSS"],"build_version":"2019-07-17","purchased_purges":1,"victory":true,"max_hp_per_floor":[66,66,66,66,66,66,66,66,73,73,73,73,73,80,80,80,80,80,80,80,80,80,80,80,80,80,80,80,80,80,80,80,80,80,80,80,80,80,80,80,80,80,80,76,76,76,76,76,76,76],"card_choices":[{"not_picked":["Catalyst","Calculated Gamble"],"picked":"Bane","floor":1.0},{"not_picked":["Escape Plan","Skewer"],"picked":"Deadly Poison","floor":3.0},{"not_picked":["Deflect","Prepared"],"picked":"Leg Sweep","floor":6.0},{"not_picked":["Underhanded Strike","Slice"],"picked":"Corpse Explosion","floor":8.0},{"not_picked":["Storm of Steel","After Image"],"picked":"Venomology","floor":16.0},{"not_picked":["Acrobatics","Masterful Stab"],"picked":"Backflip","floor":18.0},{"not_picked":["Deflect","Bane"],"picked":"Heel Hook","floor":19.0},{"not_picked":["Blade Dance","Calculated Gamble","Outmaneuver"],"picked":"SKIP","floor":22.0},{"not_picked":["Slice","Dagger Spray"],"picked":"Bane+1","floor":24.0},{"not_picked":["Cloak And Dagger","Flying Knee","Acrobatics"],"picked":"SKIP","floor":25.0},{"not_picked":["Doppelganger","Venomology"],"picked":"Crippling Poison","floor":28.0},{"not_picked":["Quick Slash","Heel Hook+1"],"picked":"Dodge and Roll","floor":29.0},{"not_picked":["Dagger Spray","Endless Agony"],"picked":"Flying Knee","floor":30.0},{"not_picked":["Deflect","PiercingWail"],"picked":"Dodge and Roll+1","floor":31.0},{"not_picked":["Corpse Explosion","Die Die Die"],"picked":"Bullet Time","floor":33.0},{"not_picked":["Sucker Punch+1","Backflip"],"picked":"Deadly Poison+1","floor":35.0},{"not_picked":["Dagger Spray","Prepared"],"picked":"Bullet Time","floor":38.0},{"not_picked":["Prepared","Endless Agony"],"picked":"Blur","floor":39.0},{"not_picked":["Well Laid Plans","Deadly Poison+1"],"picked":"PiercingWail","floor":40.0},{"not_picked":["Dash+1","Dagger Spray"],"picked":"PiercingWail","floor":42.0},{"not_picked":["Blade Dance+1","Sucker Punch+1"],"picked":"Unload","floor":46.0},{"not_picked":["Reflex","Distraction","Masterful Stab"],"picked":"SKIP","floor":47.0},{"not_picked":["Dodge and Roll","Poisoned Stab","Slice+1"],"picked":"SKIP","floor":48}],"player_experience":753689,"relics_obtained":[{"floor":8.0,"key":"Blood Vial"},{"floor":9.0,"key":"Strawberry"},{"floor":24.0,"key":"Red Mask"},{"floor":26.0,"key":"Dodecahedron"},{"floor":28.0,"key":"Omamori"},{"floor":40.0,"key":"Ice Cream"},{"floor":42.0,"key":"FossilizedHelix"},{"floor":43.0,"key":"Paper Crane"},{"floor":47.0,"key":"Ancient Tea Set"}],"event_choices":[{"cards_removed":["Strike_G"],"damage_healed":0.0,"max_hp_gain":0.0,"max_hp_loss":0.0,"gold_gain":0.0,"event_name":"Golden Wing","player_choice":"Card Removal","floor":2.0,"gold_loss":0.0,"damage_taken":7.0},{"damage_healed":0.0,"max_hp_gain":0.0,"max_hp_loss":0.0,"gold_gain":0.0,"event_name":"Shining Light","player_choice":"Entered Light","floor":4.0,"gold_loss":0.0,"damage_taken":20.0,"cards_upgraded":["Deadly Poison","Strike_G"]},{"damage_healed":0.0,"max_hp_gain":0.0,"max_hp_loss":0.0,"gold_gain":0.0,"event_name":"Scrap Ooze","player_choice":"Success","floor":11.0,"gold_loss":0.0,"damage_taken":11.0,"relics_obtained":["Sundial"]},{"damage_healed":0.0,"max_hp_gain":0.0,"max_hp_loss":0.0,"gold_gain":0.0,"cards_transformed":["Strike_G"],"event_name":"Living Wall","player_choice":"Change","floor":12.0,"gold_loss":0.0,"damage_taken":0.0,"cards_obtained":["Adrenaline"]},{"damage_healed":0.0,"max_hp_gain":0.0,"max_hp_loss":0.0,"gold_gain":150.0,"event_name":"Liars Game","player_choice":"AGREE","floor":13.0,"gold_loss":0.0,"damage_taken":0.0,"cards_obtained":["Doubt"]},{"damage_healed":0.0,"max_hp_gain":0.0,"max_hp_loss":0.0,"gold_gain":0.0,"event_name":"Nest","player_choice":"Joined the Cult","floor":20.0,"gold_loss":0.0,"damage_taken":6.0,"cards_obtained":["RitualDagger"]},{"damage_healed":0.0,"max_hp_gain":0.0,"max_hp_loss":0.0,"gold_gain":0.0,"cards_transformed":["Strike_G","Strike_G"],"event_name":"Drug Dealer","player_choice":"Became Test Subject","floor":21.0,"gold_loss":0.0,"damage_taken":0.0,"cards_obtained":["Acrobatics","PiercingWail"]},{"damage_healed":0.0,"max_hp_gain":0.0,"max_hp_loss":0.0,"gold_gain":0.0,"event_name":"Masked Bandits","player_choice":"Fought Bandits","floor":24.0,"gold_loss":0.0,"damage_taken":0.0},{"damage_healed":0.0,"max_hp_gain":0.0,"max_hp_loss":0.0,"gold_gain":0.0,"event_name":"Back to Basics","player_choice":"Simplicity","floor":27.0,"gold_loss":0.0,"damage_taken":0.0,"cards_upgraded":["Defend_G","Defend_G","Defend_G","Defend_G","Defend_G"]},{"damage_healed":0.0,"max_hp_gain":0.0,"max_hp_loss":0.0,"gold_gain":222.0,"event_name":"Tomb of Lord Red Mask","player_choice":"Wore Mask","floor":36.0,"gold_loss":0.0,"damage_taken":0.0},{"damage_healed":0.0,"max_hp_gain":0.0,"max_hp_loss":4.0,"gold_gain":0.0,"event_name":"Winding Halls","player_choice":"Max HP","floor":44.0,"gold_loss":0.0,"damage_taken":0.0}],"is_beta":false,"boss_relics":[{"not_picked":["Philosopher\u0027s Stone","Busted Crown"],"picked":"Fusion Hammer"},{"not_picked":["Runic Dome","Tiny House"],"picked":"Runic Pyramid"}],"items_purged_floors":[37],"is_endless":false,"potions_floor_spawned":[3,6,18,22,24,30,40,42,46,47,48],"ascension_level":15}