{"gold_per_floor":[113,126,136,136,150,150,164,194,220,199,199,211,236,161,161,161],"floor_reached":16,"playtime":758,"items_purged":["Strike_G"],"score":118,"play_id":"55b0249e-d399-4546-b7f1-b152dc0c44d0","local_time":"20190113142622","is_ascension_mode":true,"campfire_choices":[{"floor":6,"key":"REST"},{"data":"Catalyst","floor":11,"key":"SMITH"},{"floor":15,"key":"REST"}],"neow_cost":"NONE","seed_source_timestamp":332381754186222,"circlet_count":0,"master_deck":["Defend_G","Defend_G","Defend_G","Defend_G","Defend_G","Strike_G","Strike_G","Strike_G","Strike_G","Survivor","Neutralize+1","Outmaneuver","Bouncing Flask+1","Deflect","Dash","Deflect","Catalyst+1","Cloak And Dagger"],"relics":["Ring of the Snake","Ornamental Fan","Bag of Marbles","Oddly Smooth Stone"],"potions_floor_usage":[13,16,16],"damage_taken":[{"damage":1,"enemies":"Cultist","floor":1,"turns":5},{"damage":0,"enemies":"Small Slimes","floor":2,"turns":4},{"damage":6,"enemies":"Jaw Worm","floor":3,"turns":3},{"damage":4,"enemies":"Large Slime","floor":5,"turns":7},{"damage":0,"enemies":"Blue Slaver","floor":7,"turns":3},{"damage":13,"enemies":"Lagavulin","floor":8,"turns":7},{"damage":0,"enemies":"Exordium Wildlife","floor":12,"turns":6},{"damage":8,"enemies":"3 Sentries","floor":13,"turns":6},{"damage":73,"enemies":"Slime Boss","floor":16,"turns":13}],"seed_played":"4197070036572055595","potions_obtained":[{"floor":2,"key":"FearPotion"},{"floor":5,"key":"PowerPotion"},{"floor":8,"key":"Explosive Potion"},{"floor":13,"key":"SneckoOil"}],"is_trial":false,"path_per_floor":["M","M","M","?","M","R","M","E","T","?","R","M","E","$","R","B"],"character_chosen":"THE_SILENT","items_purchased":[],"campfire_rested":2,"item_purchase_floors":[],"current_hp_per_floor":[69,69,63,63,59,70,70,57,57,57,57,57,49,49,70,0],"gold":161,"neow_bonus":"UPGRADE_CARD","is_prod":false,"is_daily":false,"chose_seed":false,"campfire_upgraded":1,"win_rate":0,"timestamp":1547407582,"path_taken":["M","M","?","?","M","R","?","E","T","?","R","M","E","$","R","BOSS"],"build_version":"2019-01-10","purchased_purges":1,"victory":false,"max_hp_per_floor":[70,70,70,70,70,70,70,70,70,70,70,70,70,70,70,70],"card_choices":[{"not_picked":["Tactician","Dagger Spray"],"picked":"Outmaneuver","floor":1},{"not_picked":["Prepared","Dagger Throw"],"picked":"Bouncing Flask","floor":2},{"not_picked":["Reflex","Acrobatics"],"picked":"Deflect","floor":3},{"not_picked":["Dagger Throw","Slice"],"picked":"Dash","floor":5},{"not_picked":["Heel Hook","Riddle With Holes"],"picked":"Deflect","floor":7},{"not_picked":["Skewer","Heel Hook"],"picked":"Catalyst","floor":8},{"not_picked":["Expertise","Prepared"],"picked":"Cloak And Dagger","floor":12},{"not_picked":["Backstab","Masterful Stab","Calculated Gamble"],"picked":"SKIP","floor":13}],"player_experience":27613,"relics_obtained":[{"floor":8,"key":"Ornamental Fan"},{"floor":9,"key":"Bag of Marbles"},{"floor":13,"key":"Oddly Smooth Stone"}],"event_choices":[{"damage_healed":0,"gold_gain":0,"player_choice":"Forge","damage_taken":0,"max_hp_gain":0,"max_hp_loss":0,"event_name":"Accursed Blacksmith","floor":4,"gold_loss":0,"cards_upgraded":["Bouncing Flask"]},{"damage_healed":0,"gold_gain":0,"player_choice":"Left Gold","damage_taken":0,"max_hp_gain":0,"max_hp_loss":0,"event_name":"World of Goop","floor":10,"gold_loss":21}],"is_beta":false,"boss_relics":[],"items_purged_floors":[14],"is_endless":false,"potions_floor_spawned":[2,5,8,13],"killed_by":"Slime Boss","ascension_level":1}