{"gold_per_floor":[112,187,187,204,220,250,40,52,79,79,7,7,21,40,40,140,140,151,66,66,77,77,77,103,103,128,161,176,76,106,118,118,220,220,240,251,50,69,69,69,97,111,111,111,128,156,166,166,166,166],"floor_reached":51,"playtime":2646,"items_purged":["Strike_G","Strike_G","Venomology+1"],"score":1090,"play_id":"8e0fdcea-aa25-47c1-a86d-f4bb5f30b84c","local_time":"20190720152003","is_ascension_mode":true,"campfire_choices":[{"floor":10,"key":"REST"},{"data":"Dagger Spray","floor":12,"key":"SMITH"},{"data":"Neutralize","floor":15,"key":"SMITH"},{"data":"Acrobatics","floor":23,"key":"SMITH"},{"data":"Poisoned Stab","floor":25,"key":"SMITH"},{"data":"Survivor","floor":32,"key":"SMITH"},{"data":"Defend_G","floor":40,"key":"SMITH"},{"floor":44,"key":"REST"},{"floor":49,"key":"REST"}],"neow_cost":"NONE","seed_source_timestamp":523804864931298,"circlet_count":0,"master_deck":["Strike_G","Defend_G+1","Defend_G","Defend_G","Defend_G","Survivor+1","Neutralize+1","Acrobatics+1","Dodge and Roll+1","Terror+1","Leg Sweep+1","Storm of Steel+1","Poisoned Stab+1","Blade Dance+1","After Image","Riddle With Holes+1","After Image+1","Masterful Stab+1","Deflect+1","J.A.X.+1","Deadly Poison+1","Poisoned Stab+1","Catalyst+1","Blur+1","PiercingWail+1","Crippling Poison+1","Tactician+1","Deadly Poison+1","Madness+1","Madness+1","Well Laid Plans+1","PiercingWail+1"],"relics":["Ring of the Snake","Toxic Egg 2","Thread and Needle","Boot","Astrolabe","Bronze Scales","Oddly Smooth Stone","Bag of Marbles","Regal Pillow","Juzu Bracelet","Sozu","Dodecahedron","Potion Belt","Molten Egg 2"],"potions_floor_usage":[6,6,8,14,16,21,24,27,28,30,33,33,42,50],"damage_taken":[{"damage":3,"enemies":"2 Louse","floor":1,"turns":3},{"damage":11,"enemies":"Jaw Worm","floor":4,"turns":6},{"damage":0,"enemies":"Cultist","floor":5,"turns":4},{"damage":11,"enemies":"Gremlin Nob","floor":6,"turns":5},{"damage":8,"enemies":"Lots of Slimes","floor":8,"turns":3},{"damage":0,"enemies":"2 Fungi Beasts","floor":13,"turns":3},{"damage":0,"enemies":"Blue Slaver","floor":14,"turns":3},{"damage":0,"enemies":"The Guardian","floor":16,"turns":11},{"damage":0,"enemies":"3 Byrds","floor":18,"turns":4},{"damage":0,"enemies":"Spheric Guardian","floor":21,"turns":5},{"damage":0,"enemies":"Book of Stabbing","floor":24,"turns":5},{"damage":0,"enemies":"Gremlin Leader","floor":27,"turns":6},{"damage":0,"enemies":"Centurion and Healer","floor":28,"turns":6},{"damage":0,"enemies":"Book of Stabbing","floor":30,"turns":5},{"damage":0,"enemies":"Cultist and Chosen","floor":31,"turns":6},{"damage":49,"enemies":"Collector","floor":33,"turns":11},{"damage":6,"enemies":"3 Darklings","floor":35,"turns":4},{"damage":0,"enemies":"3 Shapes","floor":36,"turns":4},{"damage":0,"enemies":"Spire Growth","floor":38,"turns":4},{"damage":14,"enemies":"Giant Head","floor":41,"turns":6},{"damage":1,"enemies":"4 Shapes","floor":42,"turns":7},{"damage":10,"enemies":"Maw","floor":45,"turns":6},{"damage":0,"enemies":"Nemesis","floor":46,"turns":6},{"damage":0,"enemies":"3 Darklings","floor":47,"turns":5},{"damage":6,"enemies":"Time Eater","floor":50,"turns":6}],"seed_played":"-2376494339854459736","potions_obtained":[{"floor":0,"key":"Fire Potion"},{"floor":0,"key":"Fire Potion"},{"floor":0,"key":"Block Potion"},{"floor":6,"key":"PowerPotion"},{"floor":14,"key":"Dexterity Potion"},{"floor":21,"key":"Block Potion"},{"floor":27,"key":"SteroidPotion"}],"is_trial":false,"path_per_floor":["M","?","T","M","M","E","$","M","T","R","$","R","M","M","R","B",null,"M","?","?","M","?","R","E","R","T","E","M","$","E","M","R","B",null,"M","M","$","M","?","R","E","M","T","R","M","E","M","?","R","B",null],"character_chosen":"THE_SILENT","items_purchased":["Venomology+1","Storm of Steel+1","Tactician+1"],"campfire_rested":3,"item_purchase_floors":[7,11,37],"current_hp_per_floor":[67,56,56,45,45,34,34,26,26,47,47,47,47,47,47,47,70,70,70,70,70,70,70,70,70,70,70,70,70,70,70,70,21,70,64,64,64,64,55,55,41,40,40,70,60,60,60,60,70,64],"gold":166,"neow_bonus":"THREE_SMALL_POTIONS","is_prod":false,"is_daily":false,"chose_seed":false,"campfire_upgraded":6,"win_rate":0,"timestamp":1563603603,"path_taken":["M","?","?","M","M","E","?","M","T","R","$","R","?","?","R","BOSS","M","?","?","M","?","R","E","R","T","E","?","$","E","M","R","BOSS","M","M","$","M","?","R","E","M","T","R","M","E","M","?","R","BOSS"],"build_version":"2019-07-17","purchased_purges":3,"victory":true,"max_hp_per_floor":[70,70,70,70,70,70,70,70,70,70,70,70,70,70,70,70,70,70,70,70,70,70,70,70,70,70,70,70,70,70,70,70,70,70,70,70,70,70,70,70,70,70,70,70,70,70,70,70,70,70],"card_choices":[{"not_picked":["Expertise","Bane"],"picked":"Acrobatics","floor":1},{"not_picked":["Bane","Sucker Punch"],"picked":"Dodge and Roll+1","floor":4},{"not_picked":["Endless Agony","Poisoned Stab"],"picked":"Dagger Spray","floor":5},{"not_picked":["Dagger Throw","Flying Knee"],"picked":"Terror+1","floor":6},{"not_picked":["Accuracy","Quick Slash"],"picked":"Leg Sweep+1","floor":8},{"not_picked":["Backflip+1","Cloak And Dagger+1"],"picked":"Poisoned Stab","floor":13},{"not_picked":["Infinite Blades","Masterful Stab"],"picked":"Blade Dance+1","floor":14},{"not_picked":["Unload","Die Die Die"],"picked":"After Image","floor":16},{"not_picked":["Sucker Punch","Quick Slash"],"picked":"Deflect+1","floor":18},{"not_picked":["Distraction+1","Prepared+1"],"picked":"Deadly Poison+1","floor":21},{"not_picked":["Concentrate+1","Setup+1","Riddle With Holes"],"picked":"SKIP","floor":24},{"not_picked":["Quick Slash","Heel Hook","Finisher"],"picked":"SKIP","floor":27},{"not_picked":["Sucker Punch","Slice"],"picked":"Poisoned Stab+1","floor":28},{"not_picked":["Backflip+1","Endless Agony"],"picked":"Catalyst+1","floor":30},{"not_picked":["Prepared+1","Deflect+1"],"picked":"Blur+1","floor":31},{"not_picked":["Dagger Throw+1","Acrobatics+1"],"picked":"PiercingWail+1","floor":35},{"not_picked":["Catalyst+1","Poisoned Stab"],"picked":"Crippling Poison+1","floor":36},{"not_picked":["Riddle With Holes","All Out Attack+1"],"picked":"Deadly Poison+1","floor":38},{"not_picked":["All Out Attack+1","Distraction+1"],"picked":"Well Laid Plans+1","floor":41},{"not_picked":["Noxious Fumes+1","Bane+1","Prepared+1"],"picked":"SKIP","floor":42},{"not_picked":["Dash","Well Laid Plans+1"],"picked":"PiercingWail+1","floor":45},{"not_picked":["Bane+1","Skewer+1","Masterful Stab+1"],"picked":"SKIP","floor":46},{"not_picked":["Dagger Throw+1","Malaise+1","Endless Agony+1"],"picked":"SKIP","floor":47}],"player_experience":106542,"relics_obtained":[{"floor":3,"key":"Toxic Egg 2"},{"floor":6,"key":"Thread and Needle"},{"floor":9,"key":"Boot"},{"floor":24,"key":"Oddly Smooth Stone"},{"floor":26,"key":"Bag of Marbles"},{"floor":27,"key":"Regal Pillow"},{"floor":30,"key":"Juzu Bracelet"},{"floor":41,"key":"Dodecahedron"},{"floor":43,"key":"Potion Belt"},{"floor":46,"key":"Molten Egg 2"}],"event_choices":[{"damage_healed":0,"gold_gain":75,"player_choice":"Gather Gold","damage_taken":11,"max_hp_gain":0,"max_hp_loss":0,"event_name":"World of Goop","floor":2,"gold_loss":0},{"damage_healed":0,"gold_gain":0,"player_choice":"Obtained Relic","damage_taken":0,"relics_obtained":["Bronze Scales"],"max_hp_gain":0,"max_hp_loss":0,"event_name":"Addict","floor":19,"gold_loss":85},{"damage_healed":0,"gold_gain":0,"player_choice":"Obtain J.A.X.","damage_taken":0,"max_hp_gain":0,"max_hp_loss":0,"event_name":"Drug Dealer","floor":20,"gold_loss":0,"cards_obtained":["J.A.X."]},{"damage_healed":0,"gold_gain":0,"player_choice":"Ignored","damage_taken":0,"max_hp_gain":0,"max_hp_loss":0,"event_name":"Ghosts","floor":22,"gold_loss":0},{"damage_healed":0,"gold_gain":0,"player_choice":"Embrace Madness","damage_taken":9,"max_hp_gain":0,"max_hp_loss":0,"event_name":"Winding Halls","floor":39,"gold_loss":0,"cards_obtained":["Madness","Madness"]},{"cards_removed":["Dagger Spray"],"damage_healed":0,"gold_gain":0,"player_choice":"Removed Attack","damage_taken":0,"max_hp_gain":0,"max_hp_loss":0,"event_name":"Falling","floor":48,"gold_loss":0}],"is_beta":false,"boss_relics":[{"not_picked":["Runic Dome","Tiny House"],"picked":"Astrolabe"},{"not_picked":["Eternal Feather","White Beast Statue"],"picked":"Sozu"}],"items_purged_floors":[7,29,37],"is_endless":false,"potions_floor_spawned":[1,6,14,21,24,27,35,42,45,47],"ascension_level":4}