{"gold_per_floor":[99,99,99,99,99,99,99,99,99,99,99,44,44,44,44,44],"floor_reached":16,"playtime":404,"items_purged":[],"score":232,"play_id":"0be37b8b-302f-4a87-8bd6-36a4ff3e534d","local_time":"20190324012830","is_ascension_mode":true,"campfire_choices":[{"data":"Shrug It Off","floor":6,"key":"SMITH"},{"data":"Shockwave","floor":10,"key":"SMITH"},{"data":"Armaments","floor":15,"key":"SMITH"}],"neow_cost":"NONE","seed_source_timestamp":50635950165326,"circlet_count":0,"master_deck":["AscendersBane","Strike_R","Strike_R","Strike_R","Strike_R","Defend_R","Defend_R","Defend_R","Defend_R","Bash+1","Thunderclap","Feel No Pain","Shrug It Off+1","Shockwave+1","Clothesline","Armaments+1","Ghostly Armor"],"relics":["Ectoplasm","Ancient Tea Set","Omamori","Bag of Marbles","Smiling Mask","Boot"],"potions_floor_usage":[13,16,16],"damage_taken":[{"damage":1,"enemies":"Small Slimes","floor":1,"turns":3},{"damage":9,"enemies":"2 Louse","floor":4,"turns":3},{"damage":6,"enemies":"Cultist","floor":5,"turns":3},{"damage":22,"enemies":"Gremlin Nob","floor":7,"turns":4},{"damage":6,"enemies":"3 Sentries","floor":11,"turns":13},{"damage":6,"enemies":"Gremlin Nob","floor":13,"turns":3},{"damage":19,"enemies":"Slime Boss","floor":16,"turns":8}],"seed_played":"8923840324712378711","potions_obtained":[{"floor":7,"key":"SpeedPotion"},{"floor":11,"key":"Fire Potion"},{"floor":13,"key":"Energy Potion"}],"is_trial":false,"path_per_floor":["M","?","?","M","M","R","E","?","T","R","E","$","E","?","R","B"],"character_chosen":"IRONCLAD","items_purchased":["Armaments"],"campfire_rested":0,"item_purchase_floors":[12],"current_hp_per_floor":[67,49,49,40,34,34,12,30,30,30,24,24,18,18,18,0],"gold":44,"neow_bonus":"BOSS_RELIC","is_prod":false,"is_daily":false,"chose_seed":false,"campfire_upgraded":3,"win_rate":0,"timestamp":1553416110,"path_taken":["M","?","?","M","M","R","E","?","T","R","E","$","E","?","R","BOSS"],"build_version":"2019-03-15","purchased_purges":0,"victory":false,"max_hp_per_floor":[75,75,75,75,75,75,75,75,75,75,75,75,75,75,75,75],"card_choices":[{"not_picked":["Havoc","Anger"],"picked":"Thunderclap","floor":1},{"not_picked":["Heavy Blade","Bloodletting"],"picked":"Feel No Pain","floor":4},{"not_picked":["Cleave","Iron Wave"],"picked":"Shrug It Off","floor":5},{"not_picked":["Offering","Havoc"],"picked":"Shockwave","floor":7},{"not_picked":["Body Slam","Thunderclap"],"picked":"Clothesline","floor":11},{"not_picked":["Inflame","Clash"],"picked":"Ghostly Armor","floor":13}],"player_experience":1359947,"relics_obtained":[{"floor":7,"key":"Omamori"},{"floor":9,"key":"Bag of Marbles"},{"floor":11,"key":"Smiling Mask"},{"floor":13,"key":"Boot"}],"event_choices":[{"damage_healed":0,"gold_gain":0,"player_choice":"Success","damage_taken":18,"relics_obtained":["Ancient Tea Set"],"max_hp_gain":0,"max_hp_loss":0,"event_name":"Scrap Ooze","floor":2,"gold_loss":0},{"damage_healed":0,"gold_gain":0,"player_choice":"Grow","damage_taken":0,"max_hp_gain":0,"max_hp_loss":0,"event_name":"Living Wall","floor":3,"gold_loss":0,"cards_upgraded":["Bash"]},{"damage_healed":18,"gold_gain":0,"player_choice":"Healed and dodged fight","damage_taken":0,"max_hp_gain":0,"max_hp_loss":0,"event_name":"Mushrooms","floor":8,"gold_loss":0,"cards_obtained":["Parasite"]},{"cards_removed":["Strike_R"],"damage_healed":0,"gold_gain":0,"player_choice":"Purged","damage_taken":0,"max_hp_gain":0,"max_hp_loss":0,"event_name":"Purifier","floor":14,"gold_loss":0}],"is_beta":true,"boss_relics":[],"items_purged_floors":[],"is_endless":false,"potions_floor_spawned":[7,11,13],"killed_by":"Slime Boss","ascension_level":20}