{"gold_per_floor":[116,30,30,42,192,218,218,244,244,296,306,332,332,52,52,131,131,141,141,56,74,74,74,92,92,115,145,145,145,145,145,145,145],"floor_reached":33,"playtime":762,"items_purged":["Doubt"],"score":584,"play_id":"8fc21f66-6a25-4112-ad84-c17a31680ae8","local_time":"20190212180020","is_ascension_mode":true,"campfire_choices":[{"data":"Cloak And Dagger","floor":7,"key":"SMITH"},{"data":"Noxious Fumes","floor":15,"key":"SMITH"},{"data":"Blind","floor":23,"key":"SMITH"},{"data":"After Image","floor":25,"key":"SMITH"},{"data":"Footwork","floor":28,"key":"SMITH"},{"data":"Decay","floor":32,"key":"PURGE"}],"neow_cost":"NONE","seed_source_timestamp":4192302667381,"circlet_count":0,"master_deck":["AscendersBane","Defend_G","Defend_G","Defend_G","Defend_G","Defend_G","Strike_G+1","Strike_G","Strike_G","Strike_G","Strike_G","Survivor","Neutralize+1","Escape Plan","Noxious Fumes+1","Cloak And Dagger+1","Terror","Bane","Predator","All Out Attack","Noxious Fumes","Backflip","Blind+1","After Image+1","PiercingWail","Dash","Finisher+1","Footwork+1","Heel Hook","Blur"],"relics":["Ring of the Snake","NeowsBlessing","Shuriken","Odd Mushroom","Bronze Scales","Anchor","Whetstone","Orichalcum","Sozu","Pen Nib","Peace Pipe"],"potions_floor_usage":[8,12,12],"damage_taken":[{"damage":0,"enemies":"Jaw Worm","floor":1,"turns":1},{"damage":0,"enemies":"Small Slimes","floor":4,"turns":1},{"damage":0,"enemies":"3 Sentries","floor":6,"turns":1},{"damage":7,"enemies":"The Mushroom Lair","floor":8,"turns":4},{"damage":0,"enemies":"2 Louse","floor":11,"turns":3},{"damage":27,"enemies":"Gremlin Nob","floor":12,"turns":3},{"damage":6,"enemies":"The Guardian","floor":16,"turns":10},{"damage":5,"enemies":"Shell Parasite","floor":18,"turns":3},{"damage":3,"enemies":"3 Byrds","floor":21,"turns":3},{"damage":11,"enemies":"Snake Plant","floor":24,"turns":4},{"damage":4,"enemies":"Book of Stabbing","floor":27,"turns":6},{"damage":37,"enemies":"Automaton","floor":33,"turns":6}],"seed_played":"-6410982910654519294","potions_obtained":[{"floor":1,"key":"Explosive Potion"},{"floor":6,"key":"EssenceOfSteel"},{"floor":8,"key":"SkillPotion"},{"floor":16,"key":"FearPotion"}],"is_trial":false,"path_per_floor":["M","$","?","M","?","E","R","?","T","T","M","E","?","$","R","B",null,"M","?","$","M","?","R","M","R","T","E","R","?","?","?","R","B"],"character_chosen":"THE_SILENT","items_purchased":["Noxious Fumes","Noxious Fumes","Backflip","Blind","Dash"],"campfire_rested":0,"item_purchase_floors":[2,14,14,14,20],"current_hp_per_floor":[59,59,64,64,64,64,64,57,57,57,57,30,12,12,12,6,55,50,50,50,47,47,47,36,36,36,32,32,32,32,32,32,0],"gold":145,"neow_bonus":"THREE_ENEMY_KILL","is_prod":false,"is_daily":false,"chose_seed":false,"campfire_upgraded":5,"win_rate":0,"timestamp":1550023220,"path_taken":["M","$","?","M","?","E","R","?","T","?","M","E","?","?","R","BOSS","M","?","$","M","?","R","?","R","T","E","R","?","?","?","R","BOSS"],"build_version":"2019-02-06","purchased_purges":1,"victory":false,"max_hp_per_floor":[66,66,71,71,71,71,71,71,71,71,71,71,71,71,71,71,71,71,71,71,71,71,71,71,71,71,71,71,71,71,71,71,71],"card_choices":[{"not_picked":["Underhanded Strike","Prepared"],"picked":"Escape Plan","floor":1},{"not_picked":["Bane","Underhanded Strike"],"picked":"Cloak And Dagger","floor":4},{"not_picked":["Dagger Throw","Prepared"],"picked":"Terror","floor":6},{"not_picked":["Concentrate","Dagger Throw"],"picked":"Bane","floor":8},{"not_picked":["Cloak And Dagger","All Out Attack"],"picked":"Predator","floor":11},{"not_picked":["Prepared","Storm of Steel"],"picked":"All Out Attack","floor":12},{"not_picked":["Adrenaline","Grand Finale"],"picked":"After Image","floor":16},{"not_picked":["Acrobatics","Poisoned Stab"],"picked":"PiercingWail","floor":18},{"not_picked":["Choke","Dodge and Roll+1"],"picked":"Finisher+1","floor":21},{"not_picked":["Underhanded Strike","Expertise"],"picked":"Footwork","floor":24},{"not_picked":["Tactician","Slice"],"picked":"Heel Hook","floor":27}],"player_experience":1146412,"relics_obtained":[{"floor":6,"key":"Shuriken"},{"floor":8,"key":"Odd Mushroom"},{"floor":9,"key":"Bronze Scales"},{"floor":10,"key":"Anchor"},{"floor":12,"key":"Whetstone"},{"floor":26,"key":"Pen Nib"},{"floor":27,"key":"Peace Pipe"}],"event_choices":[{"damage_healed":0,"gold_gain":0,"player_choice":"Donut","damage_taken":0,"max_hp_gain":5,"max_hp_loss":0,"event_name":"Big Fish","floor":3,"gold_loss":0},{"damage_healed":0,"gold_gain":150,"player_choice":"AGREE","damage_taken":0,"max_hp_gain":0,"max_hp_loss":0,"event_name":"Liars Game","floor":5,"gold_loss":0,"cards_obtained":["Doubt"]},{"damage_healed":0,"gold_gain":0,"player_choice":"Fought Mushrooms","damage_taken":0,"max_hp_gain":0,"max_hp_loss":0,"event_name":"Mushrooms","floor":8,"gold_loss":0},{"damage_healed":0,"gold_gain":0,"player_choice":"Success","damage_taken":18,"relics_obtained":["Orichalcum"],"max_hp_gain":0,"max_hp_loss":0,"event_name":"Scrap Ooze","floor":13,"gold_loss":0},{"damage_healed":0,"gold_gain":0,"player_choice":"Ignored","damage_taken":0,"max_hp_gain":0,"max_hp_loss":0,"event_name":"Ghosts","floor":19,"gold_loss":0},{"damage_healed":0,"gold_gain":0,"player_choice":"Ignored","damage_taken":0,"max_hp_gain":0,"max_hp_loss":0,"event_name":"Beggar","floor":22,"gold_loss":0},{"damage_healed":0,"gold_gain":0,"player_choice":"Read","damage_taken":0,"max_hp_gain":0,"max_hp_loss":0,"event_name":"The Library","floor":29,"gold_loss":0,"cards_obtained":["Blur"]},{"damage_healed":0,"gold_gain":0,"player_choice":"Smashed Altar","damage_taken":0,"max_hp_gain":0,"max_hp_loss":0,"event_name":"Forgotten Altar","floor":30,"gold_loss":0,"cards_obtained":["Decay"]},{"damage_healed":0,"gold_gain":0,"player_choice":"Got Potions","damage_taken":0,"max_hp_gain":0,"max_hp_loss":0,"event_name":"Lab","floor":31,"gold_loss":0}],"is_beta":true,"boss_relics":[{"not_picked":["Pandora\u0027s Box","Lizard Tail"],"picked":"Sozu"}],"items_purged_floors":[14],"is_endless":false,"potions_floor_spawned":[1,6,8,16,21,27],"killed_by":"Automaton","ascension_level":20}