{"gold_per_floor":[369,369,35,35,59,59,87,104,104,137,148,148,172,20,20,149,149,119,74,95,110,110],"floor_reached":22,"playtime":752,"items_purged":["Decay","Strike_R"],"score":243,"play_id":"dc4f65da-4b90-477a-87e2-7d53e1cfe27c","local_time":"20190826155829","is_ascension_mode":true,"campfire_choices":[{"data":"Bash","floor":6,"key":"SMITH"},{"floor":15,"key":"REST"}],"neow_cost":"CURSE","seed_source_timestamp":531153833899599,"circlet_count":0,"master_deck":["Strike_R","Strike_R","Strike_R","Defend_R","Defend_R","Defend_R","Defend_R","Bash+1","Pommel Strike","Fiend Fire","Rampage+1","Impervious","Disarm","Twin Strike+1","Injury","Twin Strike+1","Iron Wave+1","Demon Form","Thunderclap+1","Armaments","Juggernaut","Corruption"],"relics":["Burning Blood","Question Card","Shuriken","Anchor","Molten Egg 2","Letter Opener","Potion Belt","Golden Idol","Black Star"],"potions_floor_usage":[21],"damage_taken":[{"damage":8,"enemies":"Cultist","floor":1,"turns":4},{"damage":40,"enemies":"Lagavulin","floor":7,"turns":6},{"damage":0,"enemies":"2 Louse","floor":8,"turns":3},{"damage":32,"enemies":"Gremlin Nob","floor":10,"turns":4},{"damage":0,"enemies":"Jaw Worm","floor":11,"turns":3},{"damage":10,"enemies":"Lots of Slimes","floor":13,"turns":4},{"damage":23,"enemies":"Slime Boss","floor":16,"turns":8},{"damage":24,"enemies":"2 Thieves","floor":18,"turns":5},{"damage":4,"enemies":"Spheric Guardian","floor":20,"turns":3},{"damage":33,"enemies":"3 Cultists","floor":21,"turns":6},{"damage":30,"enemies":"Chosen and Byrds","floor":22,"turns":6}],"seed_played":"3561333290913236787","potions_obtained":[{"floor":8,"key":"FearPotion"},{"floor":10,"key":"Energy Potion"},{"floor":16,"key":"Poison Potion"},{"floor":20,"key":"Swift Potion"}],"is_trial":false,"path_per_floor":["M","T","$","?","T","R","E","M","T","E","M","?","M","$","R","B",null,"M","$","M","M","M"],"character_chosen":"IRONCLAD","items_purchased":["Shuriken","Iron Wave+1","Armaments"],"campfire_rested":1,"item_purchase_floors":[3,14,19],"current_hp_per_floor":[78,78,78,78,78,78,44,50,50,24,30,30,26,26,50,33,68,50,50,52,25,0],"gold":110,"neow_bonus":"TWO_FIFTY_GOLD","is_prod":false,"is_daily":false,"chose_seed":false,"campfire_upgraded":1,"win_rate":0,"timestamp":1566802709,"path_taken":["M","?","$","?","?","R","E","?","T","E","M","?","M","?","R","BOSS","M","$","?","M","M"],"build_version":"2019-07-17","purchased_purges":2,"victory":false,"max_hp_per_floor":[80,80,80,80,80,80,80,80,80,80,80,80,80,80,80,80,80,80,80,80,80,80],"card_choices":[{"not_picked":["Cleave","Armaments"],"picked":"Pommel Strike","floor":1},{"not_picked":["Clash","Cleave","Entrench"],"picked":"Rampage","floor":7},{"not_picked":["Headbutt+1","Heavy Blade+1","Twin Strike+1"],"picked":"Impervious","floor":8},{"not_picked":["Twin Strike+1","Clothesline+1","Rupture"],"picked":"Disarm","floor":10},{"not_picked":["Havoc","Perfected Strike+1","Warcry"],"picked":"Twin Strike+1","floor":11},{"not_picked":["Thunderclap+1","Ghostly Armor","Sentinel"],"picked":"Twin Strike+1","floor":13},{"not_picked":["Juggernaut","Berserk","Feed+1"],"picked":"Demon Form","floor":16},{"not_picked":["Twin Strike+1","Entrench","Clothesline+1"],"picked":"Thunderclap+1","floor":18},{"not_picked":["Body Slam+1","Combust","Havoc"],"picked":"Juggernaut","floor":20},{"not_picked":["Inflame","Sword Boomerang+1","Searing Blow+1"],"picked":"Corruption","floor":21}],"player_experience":250916,"relics_obtained":[{"floor":2,"key":"Question Card"},{"floor":5,"key":"Anchor"},{"floor":7,"key":"Molten Egg 2"},{"floor":9,"key":"Letter Opener"},{"floor":10,"key":"Potion Belt"}],"event_choices":[{"damage_healed":0,"gold_gain":0,"cards_transformed":["Strike_R"],"player_choice":"Change","damage_taken":0,"max_hp_gain":0,"max_hp_loss":0,"event_name":"Living Wall","floor":4,"gold_loss":0,"cards_obtained":["Fiend Fire"]},{"damage_healed":0,"gold_gain":0,"player_choice":"Take Wound","damage_taken":0,"relics_obtained":["Golden Idol"],"max_hp_gain":0,"max_hp_loss":0,"event_name":"Golden Idol","floor":12,"gold_loss":0,"cards_obtained":["Injury"]}],"is_beta":false,"boss_relics":[{"not_picked":["Calling Bell","Runic Dome"],"picked":"Black Star"}],"items_purged_floors":[3,14],"is_endless":false,"potions_floor_spawned":[8,10,16,20],"killed_by":"Chosen and Byrds","ascension_level":5}