{"gold_per_floor":[119,138,155,155,59,94,94,26,99,99,111,142,157,157,157,157],"floor_reached":16,"playtime":1048,"items_purged":[],"score":110,"play_id":"899bcc75-0024-4116-8dcf-9cc79af89bcb","local_time":"20181013193206","is_ascension_mode":false,"campfire_choices":[{"data":"Neutralize","floor":7.0,"key":"SMITH"},{"data":"Backstab","floor":10.0,"key":"SMITH"},{"data":"Dagger Spray","floor":15.0,"key":"SMITH"}],"neow_cost":"TEN_PERCENT_HP_LOSS","seed_source_timestamp":335280615908725,"circlet_count":0,"master_deck":["Defend_G","Defend_G","Defend_G","Defend_G","Defend_G","Strike_G","Strike_G","Strike_G","Strike_G","Strike_G","Survivor","Neutralize+1","Cloak And Dagger","Dagger Spray+1","Adrenaline+1","Backstab+1","Dagger Throw"],"special_seed":0,"relics":["Ring of the Snake","Tingsha","Boot","Ninja Scroll","Bottled Lightning"],"potions_floor_usage":[16],"damage_taken":[{"damage":0.0,"enemies":"Cultist","floor":1.0,"turns":4.0},{"damage":0.0,"enemies":"Small Slimes","floor":2.0,"turns":3.0},{"damage":0.0,"enemies":"2 Louse","floor":3.0,"turns":2.0},{"damage":13.0,"enemies":"Gremlin Nob","floor":6.0,"turns":5.0},{"damage":0.0,"enemies":"Exordium Thugs","floor":11.0,"turns":3.0},{"damage":2.0,"enemies":"3 Sentries","floor":12.0,"turns":5.0},{"damage":0.0,"enemies":"Looter","floor":13.0,"turns":1.0},{"damage":53,"enemies":"Hexaghost","floor":16,"turns":11}],"seed_played":"-7809481062742908684","potions_obtained":[{"floor":2.0,"key":"Block Potion"},{"floor":12.0,"key":"Ancient Potion"},{"floor":13.0,"key":"SteroidPotion"}],"is_trial":false,"path_per_floor":["M","M","M","?","$","E","R","$","T","R","M","E","M","?","R"],"character_chosen":"THE_SILENT","items_purchased":["Fruit Juice","Backstab"],"campfire_rested":0,"item_purchase_floors":[5,8],"current_hp_per_floor":[63,63,63,63,63,55,55,55,55,55,55,53,53,53,53,0],"gold":157,"neow_bonus":"ONE_RARE_RELIC","is_prod":false,"is_daily":false,"chose_seed":false,"campfire_upgraded":3,"win_rate":0,"timestamp":1539473526,"path_taken":["M","M","M","?","?","E","R","$","T","R","M","E","M","?","R","BOSS"],"build_version":"2018-10-11","purchased_purges":0,"victory":false,"max_hp_per_floor":[63,63,63,63,63,68,68,68,68,68,68,68,68,68,68,68],"card_choices":[{"not_picked":["Acrobatics","Slice"],"picked":"Cloak And Dagger","floor":1.0},{"not_picked":["Backflip","Dagger Throw"],"picked":"Dagger Spray","floor":2.0},{"not_picked":["Poisoned Stab","Backflip"],"picked":"Adrenaline","floor":3.0},{"not_picked":["Deflect","Catalyst","Eviscerate"],"picked":"SKIP","floor":6.0},{"not_picked":["Deadly Poison","Underhanded Strike","Quick Slash"],"picked":"SKIP","floor":11.0},{"not_picked":["Bane","All Out Attack"],"picked":"Dagger Throw","floor":12.0},{"not_picked":["Riddle With Holes","Poisoned Stab","Quick Slash"],"picked":"SKIP","floor":13.0}],"player_experience":368299,"relics_obtained":[{"floor":6.0,"key":"Boot"},{"floor":9.0,"key":"Ninja Scroll"},{"floor":12.0,"key":"Bottled Lightning"}],"event_choices":[{"event_name":"Living Wall","player_choice":"Grow","floor":4.0,"damage_taken":0.0},{"event_name":"Golden Idol","player_choice":"Ignored","floor":14.0,"damage_taken":0.0}],"is_beta":true,"boss_relics":[],"items_purged_floors":[],"is_endless":false,"potions_floor_spawned":[2,12,13],"killed_by":"Hexaghost","ascension_level":0}