{"gold_per_floor":[117,133,133,152,227,227,256,256,282,282,292,304,22,22,22,118,118,136,61,61,85,10,44,44,77,135,147,178,190,225,251,263,366,378,406,418,430,442],"floor_reached":38,"playtime":1080,"items_purged":["Dark Embrace"],"score":824,"play_id":"e29b0289-b932-433e-81e5-4308969b98a6","local_time":"20190213185142","is_ascension_mode":true,"campfire_choices":[{"data":"Armaments","floor":6,"key":"SMITH"},{"data":"Immolate","floor":8,"key":"SMITH"},{"data":"Bash","floor":10,"key":"SMITH"},{"data":"Uppercut","floor":15,"key":"SMITH"},{"floor":24,"key":"REST"},{"floor":27,"key":"REST"},{"floor":29,"key":"REST"},{"data":"Demon Form","floor":32,"key":"SMITH"}],"neow_cost":"NONE","seed_source_timestamp":3205658208181,"circlet_count":0,"master_deck":["AscendersBane","Bash+1","Whirlwind","Carnage","Armaments+1","Immolate+1","Power Through","Body Slam","Evolve","Shrug It Off","Panacea","Uppercut+1","Demon Form+1","Warcry","True Grit","Burning Pact","Impervious","Dropkick","Clothesline","Clothesline+1","Seeing Red","Offering","Second Wind","Demon Form"],"relics":["Runic Dome","Bag of Preparation","Mummified Hand","Omamori","Red Skull","Golden Idol","Pandora\u0027s Box","Happy Flower","MawBank","Lantern","Philosopher\u0027s Stone"],"potions_floor_usage":[33,33],"damage_taken":[{"damage":6,"enemies":"Cultist","floor":1,"turns":3},{"damage":7,"enemies":"Small Slimes","floor":2,"turns":3},{"damage":2,"enemies":"Jaw Worm","floor":4,"turns":2},{"damage":17,"enemies":"Lagavulin","floor":7,"turns":5},{"damage":0,"enemies":"Blue Slaver","floor":11,"turns":1},{"damage":0,"enemies":"3 Louse","floor":12,"turns":1},{"damage":15,"enemies":"Hexaghost","floor":16,"turns":7},{"damage":0,"enemies":"Chosen","floor":18,"turns":3},{"damage":23,"enemies":"Shell Parasite","floor":21,"turns":6},{"damage":24,"enemies":"Gremlin Leader","floor":23,"turns":7},{"damage":18,"enemies":"Book of Stabbing","floor":25,"turns":4},{"damage":0,"enemies":"Snecko","floor":28,"turns":2},{"damage":0,"enemies":"Centurion and Healer","floor":30,"turns":4},{"damage":20,"enemies":"Shelled Parasite and Fungi","floor":31,"turns":4},{"damage":20,"enemies":"Champ","floor":33,"turns":7},{"damage":16,"enemies":"3 Darklings","floor":35,"turns":4},{"damage":43,"enemies":"3 Shapes","floor":38,"turns":3}],"seed_played":"2066471088522200131","potions_obtained":[{"floor":1,"key":"GamblersBrew"},{"floor":2,"key":"GamblersBrew"},{"floor":31,"key":"Regen Potion"}],"is_trial":false,"path_per_floor":["M","M","?","M","T","R","E","R","T","R","M","M","$","?","R","B",null,"M","?","?","M","$","E","R","E","T","R","M","R","M","M","R","B",null,"M","?","?","M"],"character_chosen":"IRONCLAD","items_purchased":["Evolve","Shrug It Off","Panacea","Uppercut"],"campfire_rested":3,"item_purchase_floors":[13,13,13,13],"current_hp_per_floor":[62,55,50,48,48,48,31,31,31,31,31,31,31,31,31,16,55,55,55,55,32,32,8,28,10,10,30,30,50,50,30,30,25,57,41,41,41,0],"gold":442,"neow_bonus":"BOSS_RELIC","is_prod":false,"is_daily":false,"chose_seed":false,"campfire_upgraded":5,"win_rate":0,"timestamp":1550112702,"path_taken":["M","?","?","M","?","R","E","R","T","R","M","M","$","?","R","BOSS","M","?","?","M","$","E","R","E","T","R","M","R","M","?","R","BOSS","M","?","?","M"],"build_version":"2019-02-06","purchased_purges":1,"victory":false,"max_hp_per_floor":[75,75,75,75,75,75,75,75,75,75,75,75,75,68,68,68,68,68,68,68,68,68,68,68,68,68,68,68,68,68,68,68,68,68,68,68,68,68],"card_choices":[{"not_picked":["Fire Breathing","Armaments"],"picked":"Whirlwind","floor":1},{"not_picked":["Searing Blow","Reckless Charge"],"picked":"Carnage","floor":2},{"not_picked":["Searing Blow","Infernal Blade"],"picked":"Armaments","floor":4},{"not_picked":["Metallicize","Rupture"],"picked":"Immolate","floor":7},{"not_picked":["Twin Strike","Headbutt"],"picked":"Power Through","floor":11},{"not_picked":["Corruption","Twin Strike"],"picked":"Body Slam","floor":12},{"not_picked":["Bludgeon","Exhume"],"picked":"Demon Form","floor":16},{"not_picked":["Seeing Red","Burning Pact"],"picked":"Clothesline","floor":18},{"not_picked":["Seeing Red","Burning Pact"],"picked":"Clothesline+1","floor":21},{"not_picked":["Corruption","Iron Wave+1","Anger"],"picked":"SKIP","floor":23},{"not_picked":["Evolve+1","Heavy Blade"],"picked":"Seeing Red","floor":25},{"not_picked":["Thunderclap+1","Clash"],"picked":"Offering","floor":30},{"not_picked":["Whirlwind","Clash"],"picked":"Second Wind","floor":31},{"not_picked":["Fiend Fire","Double Tap"],"picked":"Demon Form","floor":33}],"player_experience":1161497,"relics_obtained":[{"floor":5,"key":"Mummified Hand"},{"floor":7,"key":"Omamori"},{"floor":9,"key":"Red Skull"},{"floor":23,"key":"Happy Flower"},{"floor":25,"key":"MawBank"},{"floor":26,"key":"Lantern"}],"event_choices":[{"damage_healed":0,"gold_gain":0,"player_choice":"Success","damage_taken":5,"relics_obtained":["Bag of Preparation"],"max_hp_gain":0,"max_hp_loss":0,"event_name":"Scrap Ooze","floor":3,"gold_loss":0},{"damage_healed":0,"gold_gain":0,"player_choice":"Lose Max HP","damage_taken":0,"relics_obtained":["Golden Idol"],"max_hp_gain":0,"max_hp_loss":7,"event_name":"Golden Idol","floor":14,"gold_loss":0},{"cards_removed":["Perfected Strike"],"damage_healed":0,"gold_gain":0,"player_choice":"Gave Gold","damage_taken":0,"max_hp_gain":0,"max_hp_loss":0,"event_name":"Beggar","floor":19,"gold_loss":75},{"cards_removed":["Perfected Strike"],"damage_healed":0,"gold_gain":0,"player_choice":"Elegance","damage_taken":0,"max_hp_gain":0,"max_hp_loss":0,"event_name":"Back to Basics","floor":20,"gold_loss":0},{"damage_healed":0,"gold_gain":0,"player_choice":"Ignored","damage_taken":0,"max_hp_gain":0,"max_hp_loss":0,"event_name":"Tomb of Lord Red Mask","floor":36,"gold_loss":0},{"cards_removed":["Reckless Charge"],"damage_healed":0,"gold_gain":0,"player_choice":"Removed Attack","damage_taken":0,"max_hp_gain":0,"max_hp_loss":0,"event_name":"Falling","floor":37,"gold_loss":0}],"is_beta":true,"boss_relics":[{"not_picked":["Lizard Tail","Orrery"],"picked":"Pandora\u0027s Box"},{"not_picked":["Empty Cage","Runic Cube"],"picked":"Philosopher\u0027s Stone"}],"items_purged_floors":[22],"is_endless":false,"potions_floor_spawned":[1,2,11,16,18,23,28,31],"killed_by":"3 Shapes","ascension_level":20}