{"gold_per_floor":[109,109,34,34,34,59,59,94,94,94,94,110,125,159,159,232,232,252,264,281,11,11,11,29,58,58,58,83,83,95,107,107,181,181,191,203,24,41,41,72,72,172,172,199,199,214,214,214,214,214,214],"floor_reached":52,"playtime":3645,"items_purged":[],"score":2082,"play_id":"26486541-256a-41f0-b367-d5ae4395a5aa","local_time":"20190819233006","is_ascension_mode":true,"campfire_choices":[{"data":"Neutralize","floor":7.0,"key":"SMITH"},{"data":"Predator","floor":10.0,"key":"SMITH"},{"data":"Malaise","floor":15.0,"key":"SMITH"},{"floor":23.0,"key":"REST"},{"floor":27.0,"key":"REST"},{"floor":29.0,"key":"REST"},{"data":"Footwork","floor":32.0,"key":"SMITH"},{"data":"Blade Dance","floor":41,"key":"SMITH"},{"data":"Cloak And Dagger","floor":45,"key":"SMITH"},{"floor":49,"key":"REST"}],"neow_cost":"NONE","seed_source_timestamp":330223021646,"circlet_count":0,"master_deck":["AscendersBane","Strike_G","Strike_G","Strike_G","Defend_G","Defend_G+1","Defend_G","Defend_G","Survivor","Neutralize+1","PiercingWail+1","PiercingWail","Flying Knee","Malaise+1","Die Die Die","After Image+1","Noxious Fumes+1","Backflip","Dodge and Roll","Dagger Spray","Footwork+1","Dodge and Roll","Dodge and Roll","Malaise","Blur+1","Outmaneuver","Blade Dance+1","Blade Dance+1","Cloak And Dagger+1","Crippling Poison+1","Bullet Time","Cloak And Dagger"],"special_seed":0,"relics":["Ring of the Snake","NeowsBlessing","Ginger","Pen Nib","Dodecahedron","Kunai","Gambling Chip","The Courier","Philosopher\u0027s Stone","Torii","Matryoshka","War Paint","Singing Bowl","Smiling Mask","Runic Pyramid","ClockworkSouvenir","Dream Catcher","Pocketwatch","Strawberry","Orichalcum","Sundial"],"potions_floor_usage":[50,51],"damage_taken":[{"damage":0.0,"enemies":"2 Louse","floor":1.0,"turns":1.0},{"damage":0.0,"enemies":"3 Sentries","floor":6.0,"turns":1.0},{"damage":0.0,"enemies":"Gremlin Nob","floor":8.0,"turns":1.0},{"damage":0.0,"enemies":"Small Slimes","floor":12.0,"turns":3.0},{"damage":0.0,"enemies":"Cultist","floor":13.0,"turns":3.0},{"damage":15.0,"enemies":"Lagavulin","floor":14.0,"turns":7.0},{"damage":23.0,"enemies":"The Guardian","floor":16.0,"turns":13.0},{"damage":9.0,"enemies":"2 Thieves","floor":18.0,"turns":4.0},{"damage":0.0,"enemies":"Chosen","floor":19.0,"turns":6.0},{"damage":6.0,"enemies":"Centurion and Healer","floor":20.0,"turns":7.0},{"damage":4.0,"enemies":"Snake Plant","floor":24.0,"turns":5.0},{"damage":23.0,"enemies":"Slavers","floor":25.0,"turns":7.0},{"damage":6.0,"enemies":"Book of Stabbing","floor":28.0,"turns":8.0},{"damage":1.0,"enemies":"Snecko","floor":30.0,"turns":6.0},{"damage":9.0,"enemies":"Sentry and Sphere","floor":31.0,"turns":8.0},{"damage":15.0,"enemies":"Champ","floor":33.0,"turns":22.0},{"damage":7,"enemies":"3 Shapes","floor":35,"turns":6},{"damage":1,"enemies":"3 Darklings","floor":36,"turns":8},{"damage":0,"enemies":"4 Shapes","floor":38,"turns":7},{"damage":0,"enemies":"Nemesis","floor":40,"turns":13},{"damage":0,"enemies":"Mind Bloom Boss Battle","floor":42,"turns":9},{"damage":7,"enemies":"Giant Head","floor":44,"turns":16},{"damage":0,"enemies":"Sphere and 2 Shapes","floor":46,"turns":8},{"damage":0,"enemies":"Donu and Deca","floor":50,"turns":20},{"damage":17,"enemies":"Awakened One","floor":51,"turns":29}],"seed_played":"5307271054413815497","potions_obtained":[{"floor":8.0,"key":"Energy Potion"},{"floor":12.0,"key":"Ancient Potion"},{"floor":16.0,"key":"SteroidPotion"},{"floor":24.0,"key":"Poison Potion"},{"floor":28.0,"key":"PowerPotion"},{"floor":31.0,"key":"Strength Potion"},{"floor":33.0,"key":"Swift Potion"},{"floor":46,"key":"Energy Potion"}],"is_trial":false,"path_per_floor":["M","?","?","?","?","E","R","E","T","R","?","M","M","E","R","B",null,"M","M","M","$","?","R","M","E","T","R","E","R","M","M","R","B",null,"M","M","$","M","?","E","R","?","T","E","R","M","?","?","R","B","B",null],"character_chosen":"THE_SILENT","items_purchased":["Torii","ClockworkSouvenir"],"campfire_rested":4,"item_purchase_floors":[21,37],"current_hp_per_floor":[59,52,52,41,41,41,41,41,41,41,41,41,41,26,26,3,50,41,41,35,35,35,54,50,27,27,46,40,59,58,51,51,36,60,53,52,52,52,52,52,52,52,59,52,52,54,54,54,74,74,57],"gold":214,"neow_bonus":"THREE_ENEMY_KILL","is_prod":false,"is_daily":false,"chose_seed":false,"campfire_upgraded":6,"win_rate":0,"timestamp":1566282606,"path_taken":["M","?","?","?","?","E","R","E","T","R","?","?","M","E","R","BOSS","M","?","M","$","?","R","M","E","T","R","E","R","M","?","R","BOSS","M","M","$","M","?","E","R","?","T","E","R","M","?","?","R","BOSS","BOSS"],"build_version":"2019-08-15","purchased_purges":0,"victory":true,"max_hp_per_floor":[66,66,66,66,66,66,66,66,66,66,66,66,66,66,66,66,66,66,66,66,66,66,66,66,66,66,66,66,66,66,68,68,68,68,68,68,68,68,65,65,65,65,72,72,72,74,74,74,74,74,74],"card_choices":[{"not_picked":["Acrobatics","Riddle With Holes"],"picked":"PiercingWail","floor":1.0},{"not_picked":["Bane","Caltrops"],"picked":"PiercingWail","floor":6.0},{"not_picked":["Deflect","Heel Hook"],"picked":"Predator","floor":8.0},{"not_picked":["Setup","Bane"],"picked":"Flying Knee","floor":12.0},{"not_picked":["Backstab","Accuracy"],"picked":"Malaise","floor":13.0},{"not_picked":["Sucker Punch","Slice"],"picked":"Die Die Die","floor":14.0},{"not_picked":["Wraith Form v2","Storm of Steel"],"picked":"After Image","floor":16.0},{"not_picked":["Deadly Poison","Outmaneuver"],"picked":"Noxious Fumes+1","floor":18.0},{"not_picked":["Infinite Blades","Poisoned Stab"],"picked":"Backflip","floor":19.0},{"not_picked":["Concentrate","Riddle With Holes"],"picked":"Dodge and Roll","floor":20.0},{"not_picked":["Reflex","Envenom"],"picked":"Dagger Spray","floor":24.0},{"not_picked":["Masterful Stab","Flying Knee"],"picked":"Footwork","floor":25.0},{"not_picked":["Bane","Bouncing Flask"],"picked":"Dodge and Roll","floor":28.0},{"not_picked":["Flying Knee","Prepared"],"picked":"Dodge and Roll","floor":30.0},{"not_picked":["Concentrate","Slice","All Out Attack"],"picked":"Singing Bowl","floor":31.0},{"not_picked":["Unload","Glass Knife"],"picked":"Malaise","floor":33.0},{"not_picked":["Calculated Gamble","Dodge and Roll"],"picked":"Blur+1","floor":35},{"not_picked":["Setup","Dodge and Roll+1"],"picked":"Outmaneuver","floor":36},{"not_picked":["Well Laid Plans","Backflip"],"picked":"Blade Dance+1","floor":38},{"not_picked":["Dash+1","Glass Knife"],"picked":"Blade Dance","floor":40},{"not_picked":["Footwork","Underhanded Strike"],"picked":"Cloak And Dagger","floor":42},{"not_picked":["Distraction","Quick Slash"],"picked":"Crippling Poison+1","floor":44},{"not_picked":["Backstab","Dagger Spray+1","Quick Slash"],"picked":"Singing Bowl","floor":46},{"not_picked":["Flying Knee","Dagger Throw"],"picked":"Cloak And Dagger","floor":49}],"player_experience":1415360,"relics_obtained":[{"floor":6.0,"key":"Pen Nib"},{"floor":8.0,"key":"Dodecahedron"},{"floor":9.0,"key":"Kunai"},{"floor":14.0,"key":"The Courier"},{"floor":25.0,"key":"Matryoshka"},{"floor":26.0,"key":"War Paint"},{"floor":26.0,"key":"Singing Bowl"},{"floor":28.0,"key":"Smiling Mask"},{"floor":40,"key":"Dream Catcher"},{"floor":42,"key":"Pocketwatch"},{"floor":43,"key":"Strawberry"},{"floor":43,"key":"Orichalcum"},{"floor":44,"key":"Sundial"}],"event_choices":[{"cards_removed":["Defend_G"],"damage_healed":0.0,"max_hp_gain":0.0,"max_hp_loss":0.0,"gold_gain":0.0,"event_name":"Golden Wing","player_choice":"Card Removal","floor":2.0,"gold_loss":0.0,"damage_taken":7.0},{"cards_removed":["Strike_G"],"damage_healed":0.0,"max_hp_gain":0.0,"max_hp_loss":0.0,"gold_gain":0.0,"event_name":"The Cleric","player_choice":"Card Removal","floor":3.0,"gold_loss":75.0,"damage_taken":0.0},{"damage_healed":0.0,"max_hp_gain":0.0,"max_hp_loss":0.0,"gold_gain":0.0,"event_name":"Scrap Ooze","player_choice":"Success","floor":4.0,"gold_loss":0.0,"damage_taken":11.0,"relics_obtained":["Ginger"]},{"damage_healed":0.0,"max_hp_gain":0.0,"max_hp_loss":0.0,"gold_gain":0.0,"event_name":"Liars Game","player_choice":"Ignored","floor":5.0,"gold_loss":0.0,"damage_taken":0.0},{"damage_healed":0.0,"max_hp_gain":0.0,"max_hp_loss":0.0,"gold_gain":0.0,"event_name":"WeMeetAgain","player_choice":"Gave Potion","floor":11.0,"gold_loss":0.0,"damage_taken":0.0,"relics_obtained":["Gambling Chip"]},{"damage_healed":0.0,"max_hp_gain":0.0,"max_hp_loss":0.0,"gold_gain":0.0,"event_name":"Upgrade Shrine","player_choice":"Upgraded","floor":22.0,"gold_loss":0.0,"damage_taken":0.0,"cards_upgraded":["After Image"]},{"damage_healed":0,"gold_gain":0,"player_choice":"Max HP","damage_taken":0,"max_hp_gain":0,"max_hp_loss":3,"event_name":"Winding Halls","floor":39,"gold_loss":0},{"damage_healed":0,"gold_gain":0,"player_choice":"Fight","damage_taken":0,"max_hp_gain":0,"max_hp_loss":0,"event_name":"MindBloom","floor":42,"gold_loss":0},{"cards_removed":["Predator"],"damage_healed":0,"gold_gain":0,"player_choice":"Removed Attack","damage_taken":0,"max_hp_gain":0,"max_hp_loss":0,"event_name":"Falling","floor":47,"gold_loss":0},{"damage_healed":0,"gold_gain":0,"cards_transformed":["Strike_G"],"player_choice":"Transformed","damage_taken":0,"max_hp_gain":0,"max_hp_loss":0,"event_name":"Transmorgrifier","floor":48,"gold_loss":0,"cards_obtained":["Bullet Time"]}],"is_beta":true,"boss_relics":[{"not_picked":["Snecko Eye","Ectoplasm"],"picked":"Philosopher\u0027s Stone"},{"not_picked":["Fusion Hammer","Black Star"],"picked":"Runic Pyramid"}],"items_purged_floors":[],"is_endless":false,"potions_floor_spawned":[8,12,16,24,28,31,33,36,40,46],"ascension_level":20}