{"gold_per_floor":[109,120,270,345,118,118,134,134,134,37,37,63,75,38,38,114,114,128,23,0,0,0,0,28,28],"floor_reached":25,"playtime":636,"items_purged":["Doubt"],"score":376,"play_id":"1698c4bc-b203-4a6d-8dea-60f50211636d","local_time":"20180808230620","is_ascension_mode":true,"campfire_choices":[{"data":"Zap","floor":6.0,"key":"SMITH"},{"data":"Defragment","floor":11.0,"key":"SMITH"},{"data":"Chill","floor":15,"key":"SMITH"},{"floor":23,"key":"REST"}],"neow_cost":"","seed_source_timestamp":820006287716372,"circlet_count":0,"master_deck":["Strike_B+1","Strike_B+1","Defend_B","Defend_B","Defend_B","Zap+1","Dualcast","AscendersBane","Capacitor","Beam Cell","Echo Form","Defragment+1","FTL","Stack","FTL","Chill+1","Hello World","Machine Learning","Steam+1","Thunder Strike+1","Reboot+1","Redo","Leap","Go for the Eyes","Necronomicurse","Decay","Conserve Battery+1"],"special_seed":0,"relics":["Cracked Core","Whetstone","Bottled Tornado","Astrolabe","Necronomicon","Happy Flower"],"potions_floor_usage":[],"damage_taken":[{"damage":2.0,"enemies":"Jaw Worm","floor":1.0,"turns":3.0},{"damage":8.0,"enemies":"2 Louse","floor":2.0,"turns":2.0},{"damage":0.0,"enemies":"Cultist","floor":7.0,"turns":3.0},{"damage":17,"enemies":"Lagavulin","floor":12,"turns":7},{"damage":9,"enemies":"3 Louse","floor":13,"turns":3},{"damage":6,"enemies":"Hexaghost","floor":16,"turns":8},{"damage":15,"enemies":"Shell Parasite","floor":18,"turns":5},{"damage":39,"enemies":"Slavers","floor":24,"turns":6},{"damage":9,"enemies":"Spheric Guardian","floor":25,"turns":3}],"seed_played":"-4409985021047242753","potions_obtained":[{"floor":1.0,"key":"Ancient Potion"},{"floor":16,"key":"FearPotion"}],"is_trial":false,"path_per_floor":["M","M","?","?","$","R","M","?","T","$","R","E","M","$","R","B",null,"M","$","?","?","?","R","E"],"character_chosen":"DEFECT","items_purchased":["Echo Form","FTL","Stack","Hello World","Leap","Go for the Eyes"],"campfire_rested":1,"item_purchase_floors":[5,10,10,14,19,19],"current_hp_per_floor":[62,54,54,43,43,43,43,43,43,43,43,26,17,17,17,11,56,41,41,41,20,20,41,2,0],"gold":28,"neow_bonus":"","is_prod":false,"is_daily":false,"chose_seed":false,"campfire_upgraded":3,"win_rate":0,"timestamp":1533794780,"path_taken":["M","M","?","?","$","R","M","?","T","?","R","E","M","$","R","BOSS","M","$","?","?","?","R","E","M"],"build_version":"2018-08-07v3","purchased_purges":1,"victory":false,"max_hp_per_floor":[71,71,71,71,71,71,71,71,71,71,71,71,71,71,71,71,71,71,71,71,71,71,71,71,71],"card_choices":[{"not_picked":["Darkness","Turbo"],"picked":"Capacitor","floor":1.0},{"not_picked":["Rebound","Sweeping Beam"],"picked":"Beam Cell","floor":2.0},{"not_picked":["Redo","Hologram"],"picked":"Defragment","floor":7.0},{"not_picked":["Thunder Strike","Turbo"],"picked":"FTL","floor":12},{"not_picked":["White Noise","Beam Cell"],"picked":"Chill","floor":13},{"not_picked":["Meteor Strike","Multi-Cast"],"picked":"Machine Learning","floor":16},{"not_picked":["Consume","Chaos"],"picked":"Redo","floor":18},{"not_picked":["Sweeping Beam","Compile Driver"],"picked":"Conserve Battery+1","floor":24}],"player_experience":772116,"relics_obtained":[{"floor":9.0,"key":"Whetstone"},{"floor":12,"key":"Bottled Tornado"},{"floor":21,"key":"Necronomicon"},{"floor":24,"key":"Happy Flower"}],"event_choices":[{"event_name":"Liars Game","player_choice":"agreed","floor":3.0,"damage_taken":0.0},{"event_name":"World of Goop","player_choice":"Gather Gold","floor":4.0,"damage_taken":0.0},{"event_name":"Shining Light","player_choice":"Ignored","floor":8.0,"damage_taken":0.0},{"event_name":"Masked Bandits","player_choice":"Paid Fearfully","floor":20,"damage_taken":0},{"event_name":"Cursed Tome","player_choice":"Obtained Book","floor":21,"damage_taken":0},{"event_name":"Forgotten Altar","player_choice":"Smashed Altar","floor":22,"damage_taken":0}],"is_beta":true,"boss_relics":[{"not_picked":["Runic Pyramid","Empty Cage"],"picked":"Astrolabe"}],"items_purged_floors":[5],"is_endless":false,"potions_floor_spawned":[1,16,18,24],"killed_by":"Spheric Guardian","ascension_level":15}