{"gold_per_floor":[119,119,130,2,20,50,50,50,73,73,86,86,114,128,128,128],"floor_reached":16,"playtime":341,"items_purged":[],"score":270,"play_id":"0d9feeb0-288a-4fd5-8ef4-7e5e20d4c522","local_time":"20190202025056","is_ascension_mode":true,"campfire_choices":[{"data":"Chaos","floor":7.0,"key":"SMITH"},{"floor":12.0,"key":"REST"},{"data":"Chaos","floor":15,"key":"SMITH"}],"neow_cost":"NONE","seed_source_timestamp":25528977570164,"circlet_count":0,"master_deck":["AscendersBane","Strike_B","Strike_B+1","Strike_B","Strike_B","Defend_B","Defend_B","Defend_B","Defend_B","Zap+1","Dualcast","Coolheaded+1","Coolheaded","FTL","Doom and Gloom","BootSequence","Chaos+1","FTL","FTL","Chaos+1"],"special_seed":0,"relics":["Inserter","Ancient Tea Set","Lantern","Art of War"],"potions_floor_usage":[14],"damage_taken":[{"damage":2.0,"enemies":"Cultist","floor":1.0,"turns":4.0},{"damage":4.0,"enemies":"Small Slimes","floor":3.0,"turns":3.0},{"damage":1.0,"enemies":"2 Louse","floor":5.0,"turns":3.0},{"damage":0.0,"enemies":"3 Sentries","floor":6.0,"turns":5.0},{"damage":19.0,"enemies":"Gremlin Gang","floor":11.0,"turns":4.0},{"damage":36.0,"enemies":"Gremlin Nob","floor":13.0,"turns":4.0},{"damage":1,"enemies":"3 Louse","floor":14,"turns":4},{"damage":0,"enemies":"Slime Boss","floor":16,"turns":3}],"seed_played":"6092130759551439455","potions_obtained":[{"floor":3.0,"key":"PowerPotion"},{"floor":5.0,"key":"LiquidBronze"},{"floor":13.0,"key":"GamblersBrew"},{"floor":14,"key":"Explosive Potion"}],"is_trial":false,"path_per_floor":["M","?","M","$","M","E","R","$","T","?","M","R","E","M","R","B"],"character_chosen":"DEFECT","items_purchased":["FTL","Doom and Gloom"],"campfire_rested":1,"item_purchase_floors":[4,4],"current_hp_per_floor":[62,41,37,37,36,36,36,36,36,36,17,38,2,1,1,1],"gold":128,"neow_bonus":"BOSS_RELIC","is_prod":false,"is_daily":false,"chose_seed":false,"campfire_upgraded":2,"win_rate":0,"timestamp":1549104656,"path_taken":["M","?","M","$","M","E","R","$","T","?","M","R","E","M","R","BOSS"],"build_version":"2019-01-23","purchased_purges":0,"victory":false,"max_hp_per_floor":[71,71,71,71,71,71,71,71,71,71,71,71,71,71,71,71],"card_choices":[{"not_picked":["Go for the Eyes","Force Field"],"picked":"Coolheaded","floor":1.0},{"not_picked":["Go for the Eyes","Sweeping Beam"],"picked":"Coolheaded","floor":3.0},{"not_picked":["Fusion","Turbo"],"picked":"BootSequence","floor":5.0},{"not_picked":["Undo","Gash"],"picked":"Chaos","floor":6.0},{"not_picked":["Rebound","Gash"],"picked":"FTL","floor":11.0},{"not_picked":["Steam","Rebound"],"picked":"FTL","floor":13.0},{"not_picked":["Stack","Barrage"],"picked":"Chaos","floor":14}],"player_experience":1091401,"relics_obtained":[{"floor":6.0,"key":"Ancient Tea Set"},{"floor":9.0,"key":"Lantern"},{"floor":13.0,"key":"Art of War"}],"event_choices":[{"damage_healed":0.0,"max_hp_gain":0.0,"max_hp_loss":0.0,"gold_gain":0.0,"event_name":"Shining Light","player_choice":"Entered Light","floor":2.0,"gold_loss":0.0,"damage_taken":21.0,"cards_upgraded":["Strike_B","Coolheaded"]},{"damage_healed":0.0,"max_hp_gain":0.0,"max_hp_loss":0.0,"gold_gain":0.0,"event_name":"Living Wall","player_choice":"Grow","floor":10.0,"gold_loss":0.0,"damage_taken":0.0,"cards_upgraded":["Zap"]}],"is_beta":true,"boss_relics":[],"items_purged_floors":[],"is_endless":false,"potions_floor_spawned":[3,5,13,14],"killed_by":"Slime Boss","ascension_level":20}