{"gold_per_floor":[115,7,20,20,32,32,64,64,64,74,74,107,107,150,150,150],"floor_reached":16,"playtime":506,"items_purged":[],"score":286,"play_id":"3d3d8d6a-3aef-4632-aa47-1d4cd397eb1c","local_time":"20190321142938","is_ascension_mode":true,"campfire_choices":[{"data":"Armaments","floor":6.0,"key":"SMITH"},{"data":"True Grit","floor":8,"key":"SMITH"},{"floor":11,"key":"REST"},{"data":"Bash","floor":15,"key":"SMITH"}],"neow_cost":"NONE","seed_source_timestamp":15771950683115,"circlet_count":0,"master_deck":["AscendersBane","Strike_R","Strike_R","Strike_R","Strike_R","Strike_R","Defend_R","Defend_R","Defend_R","Bash+1","Pommel Strike","Shrug It Off","Armaments+1","True Grit+1","Clash","Shrug It Off","Dropkick","Ghostly Armor"],"special_seed":0,"relics":["Runic Dome","Du-Vu Doll","WingedGreaves","Ancient Tea Set","Golden Idol","Bag of Preparation"],"potions_floor_usage":[10,14,16],"damage_taken":[{"damage":1.0,"enemies":"Small Slimes","floor":1.0,"turns":4.0},{"damage":0.0,"enemies":"Jaw Worm","floor":3.0,"turns":3.0},{"damage":8.0,"enemies":"2 Louse","floor":5.0,"turns":3.0},{"damage":0,"enemies":"Lagavulin","floor":7,"turns":6},{"damage":33,"enemies":"Exordium Thugs","floor":10,"turns":7},{"damage":1,"enemies":"3 Sentries","floor":12,"turns":7},{"damage":5,"enemies":"Lagavulin","floor":14,"turns":4},{"damage":50,"enemies":"Hexaghost","floor":16,"turns":11}],"seed_played":"7034590460891554297","potions_obtained":[{"floor":7,"key":"Regen Potion"},{"floor":12,"key":"FearPotion"},{"floor":14,"key":"Block Potion"}],"is_trial":false,"path_per_floor":["M","$","M","?","M","R","E","R","T","M","R","E","?","E","R","B"],"character_chosen":"IRONCLAD","items_purchased":["Shrug It Off","Armaments"],"campfire_rested":1,"item_purchase_floors":[2,2],"current_hp_per_floor":[67,67,67,60,52,52,52,52,52,34,56,55,55,50,50,0],"gold":150,"neow_bonus":"BOSS_RELIC","is_prod":false,"is_daily":false,"chose_seed":false,"campfire_upgraded":3,"win_rate":0,"timestamp":1553203778,"path_taken":["M","$","M","?","M","R","E","R","T","M","R","E","?","E","R","BOSS"],"build_version":"2019-03-15","purchased_purges":0,"victory":false,"max_hp_per_floor":[75,75,75,75,75,75,75,75,75,75,75,75,68,68,68,68],"card_choices":[{"not_picked":["Entrench","Body Slam"],"picked":"Pommel Strike","floor":1.0},{"not_picked":["Second Wind","Havoc"],"picked":"True Grit","floor":3.0},{"not_picked":["Heavy Blade","Sentinel"],"picked":"Clash","floor":5.0},{"not_picked":["Power Through","Intimidate"],"picked":"Shrug It Off","floor":7},{"not_picked":["Clothesline","Perfected Strike"],"picked":"Dropkick","floor":10},{"not_picked":["Clothesline","Headbutt"],"picked":"Ghostly Armor","floor":12}],"player_experience":1348710,"relics_obtained":[{"floor":7,"key":"Du-Vu Doll"},{"floor":9,"key":"WingedGreaves"},{"floor":12,"key":"Ancient Tea Set"},{"floor":14,"key":"Bag of Preparation"}],"event_choices":[{"cards_removed":["Defend_R"],"damage_healed":0.0,"max_hp_gain":0.0,"max_hp_loss":0.0,"gold_gain":0.0,"event_name":"Golden Wing","player_choice":"Card Removal","floor":4.0,"gold_loss":0.0,"damage_taken":7.0},{"damage_healed":0,"gold_gain":0,"player_choice":"Lose Max HP","damage_taken":0,"relics_obtained":["Golden Idol"],"max_hp_gain":0,"max_hp_loss":7,"event_name":"Golden Idol","floor":13,"gold_loss":0}],"is_beta":true,"boss_relics":[],"items_purged_floors":[],"is_endless":false,"potions_floor_spawned":[7,12,14],"killed_by":"Hexaghost","ascension_level":20}