{"path_per_floor":["M","M","M","$","M","R","M","R","T","M","R","M","R","$","R","B",null,"M","?","M","M","T","R","E","R","T","$","E","M","R","M","R"],"character_chosen":"DEFECT","items_purchased":["Coolheaded","Conserve Battery","Defragment","Streamline"],"gold_per_floor":[117,136,146,48,58,58,74,74,120,130,130,145,145,94,94,190,190,210,125,138,150,204,204,235,235,235,8,33,43,43,58,58,58],"floor_reached":33,"campfire_rested":3,"playtime":3693,"item_purchase_floors":[4,14,27,27],"current_hp_per_floor":[74,72,72,72,61,61,60,60,60,55,55,45,45,45,45,22,75,62,62,62,45,45,67,42,42,42,42,30,18,40,36,58,0],"items_purged":["Strike_B","Defend_B"],"gold":58,"score":293,"play_id":"694a1ff8-1615-49f4-abc4-e854d1c85acb","local_time":"20180603224533","is_prod":false,"is_daily":false,"chose_seed":false,"is_ascension_mode":true,"campfire_upgraded":6,"win_rate":0.0,"timestamp":1528058733,"campfire_choices":[{"data":"Dualcast","floor":6,"key":"SMITH"},{"data":"Rip and Tear","floor":8,"key":"SMITH"},{"data":"Zap","floor":11,"key":"SMITH"},{"data":"Capacitor","floor":13,"key":"SMITH"},{"data":"Conserve Battery","floor":15,"key":"SMITH"},{"floor":23,"key":"REST"},{"data":"Ball Lightning","floor":25,"key":"SMITH"},{"floor":30,"key":"REST"},{"floor":32,"key":"REST"}],"path_taken":["M","M","M","$","M","R","?","R","T","M","R","M","R","$","R","BOSS","M","?","M","?","?","R","E","R","T","$","E","M","R","M","R","BOSS"],"build_version":"2018-05-31","seed_source_timestamp":730502025428499,"purchased_purges":2,"victory":false,"master_deck":["Strike_B","Strike_B","Strike_B","Defend_B","Defend_B","Defend_B","Zap+1","Dualcast+1","Steam","Cold Snap","Coolheaded","Ball Lightning+1","Rip and Tear+1","Capacitor+1","Conserve Battery+1","Electrodynamics","Redo+1","Redo","Streamline+1","Defragment","Streamline","Leap+1","Fission","Chill+1"],"max_hp_per_floor":[75,75,75,75,75,75,75,75,75,75,75,75,75,75,75,75,75,75,75,75,75,75,75,75,75,75,75,75,75,75,75,75,75],"relics":["Cracked Core","Dream Catcher","Nuclear Battery","Mercury Hourglass","Boot","Orichalcum","Shovel","Blood Vial"],"card_choices":[{"not_picked":["Leap","Hologram"],"picked":"Steam","floor":1},{"not_picked":["Leap","Beam Cell"],"picked":"Cold Snap","floor":2},{"not_picked":["Compile Driver","Scrape","Hello World"],"picked":"SKIP","floor":3},{"not_picked":["Hello World","Coolheaded"],"picked":"Ball Lightning","floor":5},{"not_picked":["Compile Driver","Cold Snap"],"picked":"Rip and Tear","floor":7},{"not_picked":["Cold Snap","Barrage","Blizzard"],"picked":"SKIP","floor":10},{"not_picked":["Sweeping Beam","Steam"],"picked":"Capacitor","floor":12},{"not_picked":["All For One","Reboot"],"picked":"Electrodynamics","floor":16},{"not_picked":["Beam Cell+1","Darkness","Compile Driver"],"picked":"SKIP","floor":18},{"not_picked":["Tempest","FTL"],"picked":"Redo+1","floor":20},{"not_picked":["Heatsinks","Go for the Eyes+1"],"picked":"Redo","floor":21},{"not_picked":["Conserve Battery","Ball Lightning"],"picked":"Streamline+1","floor":23},{"not_picked":["Go for the Eyes","Ball Lightning","Reprogram"],"picked":"SKIP","floor":24},{"not_picked":["Conserve Battery","Steam Power","Beam Cell+1"],"picked":"SKIP","floor":28},{"not_picked":["Self Repair","Conserve Battery"],"picked":"Leap+1","floor":29},{"not_picked":["Ball Lightning","Reinforced Body"],"picked":"Fission","floor":30},{"not_picked":["Barrage+1","Reprogram"],"picked":"Chill+1","floor":31}],"player_experience":200765,"potions_floor_usage":[16,18,18,20,28],"damage_taken":[{"damage":1,"enemies":"Cultist","floor":1,"turns":3},{"damage":2,"enemies":"Jaw Worm","floor":2,"turns":3},{"damage":0,"enemies":"Small Slimes","floor":3,"turns":3},{"damage":11,"enemies":"Gremlin Gang","floor":5,"turns":6},{"damage":1,"enemies":"Exordium Thugs","floor":7,"turns":3},{"damage":5,"enemies":"Looter","floor":10,"turns":2},{"damage":10,"enemies":"Lots of Slimes","floor":12,"turns":3},{"damage":23,"enemies":"The Guardian","floor":16,"turns":11},{"damage":13,"enemies":"2 Thieves","floor":18,"turns":2},{"damage":0,"enemies":"Spheric Guardian","floor":20,"turns":3},{"damage":17,"enemies":"Centurion and Healer","floor":21,"turns":4},{"damage":25,"enemies":"Gremlin Leader","floor":24,"turns":6},{"damage":12,"enemies":"Book of Stabbing","floor":28,"turns":5},{"damage":14,"enemies":"Cultist and Chosen","floor":29,"turns":4},{"damage":6,"enemies":"Snake Plant","floor":31,"turns":4},{"damage":63,"enemies":"Collector","floor":33,"turns":9}],"relics_obtained":[{"floor":9,"key":"Dream Catcher"},{"floor":22,"key":"Boot"},{"floor":24,"key":"Orichalcum"},{"floor":26,"key":"Shovel"},{"floor":28,"key":"Blood Vial"}],"event_choices":[{"event_name":"Addict","player_choice":"Obtained Relic","floor":19,"damage_taken":0}],"boss_relics":[{"not_picked":["Astrolabe","Sozu"],"picked":"Nuclear Battery"}],"items_purged_floors":[4,27],"potions_floor_spawned":[3,12,16,18,24,29],"seed_played":"8400103741042925494","killed_by":"Collector","ascension_level":1,"potions_obtained":[{"floor":3,"key":"Energy Potion"},{"floor":12,"key":"SkillPotion"},{"floor":16,"key":"Poison Potion"},{"floor":18,"key":"AttackPotion"},{"floor":24,"key":"EssenceOfSteel"},{"floor":29,"key":"GamblersBrew"}],"is_trial":false}