{"gold_per_floor":[117,133,42,58,75,75,105,105,105,105,115,125,125,139,139,215,215,235,248,248,3,21,21,21,40,94,14,49,49,69,82,82,154,154,172,189,9,24,24,24,35,35,35,35],"floor_reached":44,"playtime":1714,"items_purged":[],"score":785,"play_id":"26152841-d0d0-4263-acdf-d9fbb9ef2b34","local_time":"20180711000239","is_ascension_mode":true,"campfire_choices":[{"data":"Hologram","floor":6.0,"key":"SMITH"},{"floor":8.0,"key":"REST"},{"data":"Defragment","floor":10.0,"key":"SMITH"},{"floor":15.0,"key":"REST"},{"data":"Doom and Gloom","floor":23.0,"key":"SMITH"},{"floor":32.0,"key":"REST"},{"data":"Hello World","floor":40.0,"key":"SMITH"},{"floor":42,"key":"REST"}],"neow_cost":"NONE","seed_source_timestamp":193884853610748,"circlet_count":0,"master_deck":["Strike_B","Strike_B","Defend_B","Defend_B","Zap","Dualcast","AscendersBane","Streamline","Gash","Defragment+1","Sweeping Beam","Hologram+1","Cold Snap","Doom and Gloom+1","Gash","Echo Form","Gash","Reboot","Beam Cell+1","Core Surge+1","Coolheaded+1","Self Repair","Defragment+1","Necronomicurse","Redo","Reinforced Body","Capacitor","Conserve Battery","Go for the Eyes","Hello World+1","Seek","BootSequence","Conserve Battery","Cold Snap","Auto Shields","Conserve Battery","White Noise","Writhe","Heatsinks"],"special_seed":0,"relics":["Nuclear Battery","Mummified Hand","Pantograph","Astrolabe","Necronomicon","Lee\u0027s Waffle","Tiny Chest","Bag of Marbles","Lizard Tail","The Courier"],"potions_floor_usage":[],"damage_taken":[{"damage":5.0,"enemies":"Cultist","floor":1.0,"turns":5.0},{"damage":12.0,"enemies":"Small Slimes","floor":2.0,"turns":4.0},{"damage":5.0,"enemies":"2 Louse","floor":4.0,"turns":3.0},{"damage":13.0,"enemies":"Blue Slaver","floor":5.0,"turns":4.0},{"damage":10.0,"enemies":"Gremlin Nob","floor":7.0,"turns":4.0},{"damage":0.0,"enemies":"Large Slime","floor":11.0,"turns":5.0},{"damage":11.0,"enemies":"Exordium Thugs","floor":12.0,"turns":4.0},{"damage":13.0,"enemies":"3 Louse","floor":14.0,"turns":3.0},{"damage":34.0,"enemies":"Slime Boss","floor":16.0,"turns":6.0},{"damage":7.0,"enemies":"Spheric Guardian","floor":18.0,"turns":3.0},{"damage":13.0,"enemies":"3 Byrds","floor":19.0,"turns":4.0},{"damage":12.0,"enemies":"Cultist and Chosen","floor":22.0,"turns":3.0},{"damage":14.0,"enemies":"Centurion and Healer","floor":25.0,"turns":4.0},{"damage":46.0,"enemies":"Book of Stabbing","floor":28.0,"turns":6.0},{"damage":20.0,"enemies":"Snake Plant","floor":30.0,"turns":4.0},{"damage":1.0,"enemies":"Cultist and Chosen","floor":31.0,"turns":6.0},{"damage":38.0,"enemies":"Collector","floor":33.0,"turns":7.0},{"damage":66.0,"enemies":"3 Darklings","floor":35.0,"turns":5.0},{"damage":13.0,"enemies":"Flame Bruiser 1 Orb","floor":36.0,"turns":6.0},{"damage":30.0,"enemies":"3 Darklings","floor":38.0,"turns":7.0},{"damage":23,"enemies":"4 Shapes","floor":41,"turns":7},{"damage":68,"enemies":"Giant Head","floor":44,"turns":12}],"seed_played":"-222390703246283893","potions_obtained":[{"floor":2.0,"key":"Strength Potion"},{"floor":4.0,"key":"Strength Potion"},{"floor":7.0,"key":"Fire Potion"},{"floor":16.0,"key":"Fire Potion"},{"floor":35.0,"key":"SpeedPotion"}],"is_trial":false,"path_per_floor":["M","M","$","M","M","R","E","R","T","R","M","M","?","M","R","B",null,"M","M","?","$","M","R","?","M","T","$","E","?","M","M","R","B",null,"M","M","$","M","?","R","M","R","T"],"character_chosen":"DEFECT","items_purchased":["Defragment","Sweeping Beam","Lee\u0027s Waffle","Redo","Capacitor","Cold Snap","Auto Shields","Conserve Battery"],"campfire_rested":4,"item_purchase_floors":[3,3,21,21,27,37,37,37],"current_hp_per_floor":[59,47,47,42,29,29,19,40,40,40,40,29,29,16,37,28,60,53,40,19,78,73,73,73,66,66,66,27,27,14,27,50,44,70,11,53,53,37,53,53,44,67,67,0],"gold":35,"neow_bonus":"BOSS_RELIC","is_prod":false,"is_daily":false,"chose_seed":false,"campfire_upgraded":4,"win_rate":0,"timestamp":1531292559,"path_taken":["M","M","?","M","?","R","E","R","T","R","M","?","?","M","R","BOSS","M","M","?","$","M","R","?","M","T","$","E","?","?","M","R","BOSS","M","M","$","M","?","R","M","R","T","E"],"build_version":"2018-07-09","purchased_purges":0,"victory":false,"max_hp_per_floor":[71,71,71,71,71,71,71,71,71,71,71,71,71,71,71,71,71,71,71,71,78,78,78,78,78,78,78,78,78,78,78,78,78,78,78,78,78,78,78,78,78,78,78,78],"card_choices":[{"not_picked":["Stack","Beam Cell"],"picked":"Streamline","floor":1.0},{"not_picked":["Sweeping Beam","Stack"],"picked":"Gash","floor":2.0},{"not_picked":["BootSequence","FTL"],"picked":"Hologram","floor":4.0},{"not_picked":["Force Field","Reinforced Body"],"picked":"Cold Snap","floor":5.0},{"not_picked":["Barrage","Force Field"],"picked":"Doom and Gloom","floor":7.0},{"not_picked":["Rebound","Beam Cell"],"picked":"Gash","floor":11.0},{"not_picked":["Chaos","Rebound"],"picked":"Echo Form","floor":12.0},{"not_picked":["Reinforced Body","Redo"],"picked":"Gash","floor":14.0},{"not_picked":["Hyperbeam","Electrodynamics"],"picked":"Reboot","floor":16.0},{"not_picked":["Steam","Cold Snap+1"],"picked":"Self Repair","floor":18.0},{"not_picked":["Beam Cell","Lockon"],"picked":"Defragment+1","floor":19.0},{"not_picked":["Coolheaded","Streamline"],"picked":"Reinforced Body","floor":25.0},{"not_picked":["Turbo","Melter"],"picked":"Conserve Battery","floor":28.0},{"not_picked":["Thunder Strike","Steam Power"],"picked":"Go for the Eyes","floor":30.0},{"not_picked":["Leap+1","Turbo+1"],"picked":"Hello World","floor":31.0},{"not_picked":["Thunder Strike","Amplify"],"picked":"Seek","floor":33.0},{"not_picked":["Conserve Battery+1","FTL"],"picked":"BootSequence","floor":35.0},{"not_picked":["Steam","Turbo"],"picked":"Conserve Battery","floor":36.0},{"not_picked":["Doom and Gloom","Gash+1"],"picked":"White Noise","floor":38.0},{"not_picked":["Beam Cell+1","Turbo+1"],"picked":"Heatsinks","floor":41}],"player_experience":575797,"relics_obtained":[{"floor":7.0,"key":"Mummified Hand"},{"floor":9.0,"key":"Pantograph"},{"floor":20.0,"key":"Necronomicon"},{"floor":26.0,"key":"Tiny Chest"},{"floor":28.0,"key":"Bag of Marbles"},{"floor":43,"key":"The Courier"}],"event_choices":[{"event_name":"Bonfire Elementals","player_choice":"BASIC","floor":13.0,"damage_taken":0.0},{"event_name":"Cursed Tome","player_choice":"Obtained Book","floor":20.0,"damage_taken":0.0},{"event_name":"Drug Dealer","player_choice":"Ignored","floor":24.0,"damage_taken":0.0},{"event_name":"Beggar","player_choice":"Ignored","floor":29.0,"damage_taken":0.0},{"event_name":"Winding Halls","player_choice":"Writhe","floor":39.0,"damage_taken":0.0}],"boss_relics":[{"not_picked":["Pandora\u0027s Box","Coffee Dripper"],"picked":"Astrolabe"},{"not_picked":["White Beast Statue","Empty Cage"],"picked":"Lizard Tail"}],"items_purged_floors":[],"is_endless":false,"potions_floor_spawned":[2,4,7,16,19,22,28,35,38],"killed_by":"Giant Head","ascension_level":15}