{"gold_per_floor":[112,131,30,30,30,30,56,74,128,144,219,58,58,85,85,160,160,160],"floor_reached":18,"playtime":354,"items_purged":["Strike_G"],"score":386,"play_id":"948c2356-1a64-4e1b-9b31-96209f54b11f","local_time":"20190323213434","is_ascension_mode":true,"campfire_choices":[{"data":"Neutralize","floor":6.0,"key":"SMITH"},{"data":"Discovery","floor":13.0,"key":"SMITH"},{"data":"Noxious Fumes","floor":15.0,"key":"SMITH"}],"neow_cost":"NONE","seed_source_timestamp":14294832918110,"circlet_count":0,"master_deck":["AscendersBane","Defend_G","Defend_G","Defend_G","Defend_G","Defend_G","Strike_G","Strike_G","Strike_G","Strike_G","Survivor","Neutralize+1","Endless Agony","Deadly Poison","Discovery+1","Crippling Poison","Deadly Poison","Noxious Fumes+1","Dash","Night Terror"],"special_seed":0,"relics":["Ring of the Snake","NeowsBlessing","Happy Flower","Tiny Chest","Tough Bandages","Sozu"],"potions_floor_usage":[],"damage_taken":[{"damage":0.0,"enemies":"Cultist","floor":1.0,"turns":1.0},{"damage":0.0,"enemies":"2 Louse","floor":2.0,"turns":1.0},{"damage":0.0,"enemies":"3 Sentries","floor":7.0,"turns":1.0},{"damage":0.0,"enemies":"Jaw Worm","floor":8.0,"turns":5.0},{"damage":0.0,"enemies":"2 Fungi Beasts","floor":10.0,"turns":2.0},{"damage":16.0,"enemies":"Lagavulin","floor":14.0,"turns":6.0},{"damage":21.0,"enemies":"The Guardian","floor":16.0,"turns":8.0},{"damage":24,"enemies":"Spheric Guardian","floor":18,"turns":5}],"seed_played":"4886410334815062580","potions_obtained":[{"floor":1.0,"key":"GamblersBrew"},{"floor":7.0,"key":"Strength Potion"}],"is_trial":false,"path_per_floor":["M","M","$","?","$","R","E","M","T","M","?","$","R","E","R","B",null,"M"],"character_chosen":"THE_SILENT","items_purchased":["Discovery","Noxious Fumes"],"campfire_rested":0,"item_purchase_floors":[3,12],"current_hp_per_floor":[59,59,59,64,64,64,64,64,64,64,53,53,53,37,37,16,57,33],"gold":160,"neow_bonus":"THREE_ENEMY_KILL","is_prod":false,"is_daily":false,"chose_seed":false,"campfire_upgraded":3,"win_rate":0,"timestamp":1553402074,"path_taken":["M","M","?","?","$","R","E","?","T","M","?","?","R","E","R","BOSS","M"],"build_version":"2019-03-15","purchased_purges":1,"victory":false,"max_hp_per_floor":[66,66,66,71,71,71,71,71,71,71,71,71,71,71,71,71,71,71],"card_choices":[{"not_picked":["Distraction","Setup"],"picked":"Endless Agony","floor":1.0},{"not_picked":["Blade Dance","Dodge and Roll"],"picked":"Deadly Poison","floor":2.0},{"not_picked":["Tactician","Acrobatics"],"picked":"Crippling Poison","floor":8.0},{"not_picked":["Accuracy","Cloak And Dagger"],"picked":"Deadly Poison","floor":10.0},{"not_picked":["Sucker Punch","Backflip"],"picked":"Dash","floor":14.0},{"not_picked":["Phantasmal Killer","Storm of Steel"],"picked":"Night Terror","floor":16.0}],"player_experience":1352664,"relics_obtained":[{"floor":7.0,"key":"Happy Flower"},{"floor":9.0,"key":"Tiny Chest"},{"floor":14.0,"key":"Tough Bandages"}],"event_choices":[{"damage_healed":0.0,"max_hp_gain":5.0,"max_hp_loss":0.0,"gold_gain":0.0,"event_name":"Big Fish","player_choice":"Donut","floor":4.0,"gold_loss":0.0,"damage_taken":0.0},{"damage_healed":0.0,"max_hp_gain":0.0,"max_hp_loss":0.0,"gold_gain":75.0,"event_name":"World of Goop","player_choice":"Gather Gold","floor":11.0,"gold_loss":0.0,"damage_taken":11.0}],"is_beta":true,"boss_relics":[{"not_picked":["Velvet Choker","Ectoplasm"],"picked":"Sozu"}],"items_purged_floors":[12],"is_endless":false,"potions_floor_spawned":[1,7,8,10],"killed_by":"Spheric Guardian","ascension_level":20}