{"gold_per_floor":[109,34,34,34,50,50,79,92,115,127,39,56,56,76,76,174,174,189,104,404,404,404,404,132,132,206,217,217,252,252,269,269,365,365,375,375,375,390,400,400,400,400],"floor_reached":43,"playtime":3347,"items_purged":["Writhe","Strike_B","Writhe"],"score":572,"play_id":"9f515836-3431-4b11-832d-8a95a35a1cd5","local_time":"20190527190058","is_ascension_mode":false,"campfire_choices":[{"data":"Glacier","floor":6,"key":"SMITH"},{"data":"Dualcast","floor":10,"key":"SMITH"},{"floor":13,"key":"REST"},{"data":"Defend_B","floor":15,"key":"SMITH"},{"data":"Defragment","floor":23,"key":"SMITH"},{"data":"Electrodynamics","floor":25,"key":"SMITH"},{"floor":30,"key":"REST"},{"floor":32,"key":"REST"},{"data":"Fission","floor":40,"key":"SMITH"}],"neow_cost":"CURSE","seed_source_timestamp":1027092821715394,"circlet_count":0,"master_deck":["Strike_B","Strike_B","Strike_B","Defend_B","Defend_B","Defend_B","Defend_B+1","Zap","Dualcast+1","Creative AI+1","Glacier+1","Ball Lightning","Reprogram","Rebound","Electrodynamics+1","Defragment+1","Capacitor+1","Glacier+1","Ball Lightning","Fission+1","Barrage+1"],"relics":["Cracked Core","Potion Belt","MawBank","Nuclear Battery","Dodecahedron","Old Coin","WingedGreaves","Orichalcum","Bottled Lightning","Red Mask","Velvet Choker"],"potions_floor_usage":[16,29,33,33,42,42,42,42],"damage_taken":[{"damage":1,"enemies":"Cultist","floor":1,"turns":4},{"damage":0,"enemies":"Small Slimes","floor":5,"turns":4},{"damage":17,"enemies":"Gremlin Nob","floor":7,"turns":5},{"damage":0,"enemies":"2 Louse","floor":8,"turns":3},{"damage":14,"enemies":"Large Slime","floor":12,"turns":6},{"damage":6,"enemies":"Blue Slaver","floor":14,"turns":4},{"damage":7,"enemies":"The Guardian","floor":16,"turns":10},{"damage":0,"enemies":"Shell Parasite","floor":18,"turns":9},{"damage":1,"enemies":"2 Thieves","floor":27,"turns":2},{"damage":26,"enemies":"Masked Bandits","floor":29,"turns":5},{"damage":3,"enemies":"Snake Plant","floor":31,"turns":5},{"damage":25,"enemies":"Collector","floor":33,"turns":6},{"damage":0,"enemies":"3 Shapes","floor":35,"turns":2},{"damage":12,"enemies":"Orb Walker","floor":38,"turns":4},{"damage":2,"enemies":"3 Darklings","floor":39,"turns":5},{"damage":53,"enemies":"Time Eater","floor":42,"turns":14}],"seed_played":"3899823958969170890","potions_obtained":[{"floor":1,"key":"Dexterity Potion"},{"floor":8,"key":"EssenceOfSteel"},{"floor":12,"key":"FocusPotion"},{"floor":16,"key":"SpeedPotion"},{"floor":18,"key":"Block Potion"},{"floor":27,"key":"Block Potion"},{"floor":31,"key":"Poison Potion"},{"floor":38,"key":"Poison Potion"}],"is_trial":false,"path_per_floor":["M","$","?","?","M","R","E","M","T","R","$","M","R","M","R","B",null,"M","?","?","T","?","R","$","R","T","M","?","?","R","M","R","B",null,"M","?","?","M","M","R","?","B",null],"character_chosen":"DEFECT","items_purchased":["Orichalcum"],"campfire_rested":3,"item_purchase_floors":[24],"current_hp_per_floor":[74,74,74,74,74,74,57,57,57,57,57,43,65,59,59,52,75,75,75,75,75,75,75,75,75,75,74,60,34,58,55,79,54,80,80,76,76,64,62,62,62,9],"gold":400,"neow_bonus":"THREE_RARE_CARDS","is_prod":false,"is_daily":false,"chose_seed":false,"campfire_upgraded":6,"win_rate":1,"timestamp":1558998058,"path_taken":["M","$","?","?","M","R","E","M","T","R","$","M","R","M","R","BOSS","M","?","?","?","?","R","$","R","T","?","?","?","R","M","R","BOSS","M","?","?","M","?","R","?","BOSS"],"build_version":"2019-01-23","purchased_purges":3,"victory":true,"max_hp_per_floor":[75,75,75,75,75,75,75,75,75,75,75,75,75,75,75,75,75,75,75,75,75,75,75,75,75,75,75,80,80,80,80,80,80,80,80,76,76,76,76,76,76,76],"card_choices":[{"not_picked":["Seek","Fission"],"picked":"Creative AI","floor":0},{"not_picked":["Redo","Heatsinks"],"picked":"Glacier","floor":1},{"not_picked":["Static Discharge","Stack","Hologram"],"picked":"SKIP","floor":5},{"not_picked":["Rebound","Genetic Algorithm"],"picked":"Ball Lightning","floor":7},{"not_picked":["Compile Driver","Leap"],"picked":"Reprogram","floor":8},{"not_picked":["Hello World","Skim","Thunder Strike"],"picked":"SKIP","floor":12},{"not_picked":["Static Discharge","Hologram"],"picked":"Rebound","floor":14},{"not_picked":["Reboot","Thunder Strike"],"picked":"Electrodynamics","floor":16},{"not_picked":["Ball Lightning","Gash"],"picked":"Defragment","floor":18},{"not_picked":["Chaos","Hologram"],"picked":"Capacitor+1","floor":27},{"not_picked":["Beam Cell","Capacitor"],"picked":"Glacier+1","floor":29},{"not_picked":["Gash","Go for the Eyes"],"picked":"Ball Lightning","floor":31},{"not_picked":["Echo Form","All For One"],"picked":"Fission","floor":33},{"not_picked":["Chaos","Coolheaded","Auto Shields"],"picked":"SKIP","floor":35},{"not_picked":["Reprogram","Leap+1"],"picked":"Barrage+1","floor":38},{"not_picked":["Conserve Battery","Redo+1","Hello World"],"picked":"SKIP","floor":39}],"player_experience":17351,"relics_obtained":[{"floor":7,"key":"Potion Belt"},{"floor":9,"key":"MawBank"},{"floor":21,"key":"WingedGreaves"},{"floor":26,"key":"Bottled Lightning"},{"floor":29,"key":"Red Mask"}],"event_choices":[{"damage_healed":0,"gold_gain":0,"player_choice":"Leave","damage_taken":0,"max_hp_gain":0,"max_hp_loss":0,"event_name":"The Cleric","floor":3,"gold_loss":0},{"damage_healed":0,"gold_gain":0,"player_choice":"Grow","damage_taken":0,"max_hp_gain":0,"max_hp_loss":0,"event_name":"Living Wall","floor":4,"gold_loss":0,"cards_upgraded":["Creative AI"]},{"damage_healed":0,"gold_gain":0,"player_choice":"Obtained Relic","damage_taken":0,"relics_obtained":["Dodecahedron"],"max_hp_gain":0,"max_hp_loss":0,"event_name":"Addict","floor":19,"gold_loss":85},{"damage_healed":0,"gold_gain":0,"player_choice":"Opened","damage_taken":0,"relics_obtained":["Old Coin"],"max_hp_gain":0,"max_hp_loss":0,"event_name":"The Mausoleum","floor":20,"gold_loss":0,"cards_obtained":["Writhe"]},{"damage_healed":0,"gold_gain":0,"player_choice":"0 cards matched","damage_taken":0,"max_hp_gain":0,"max_hp_loss":0,"event_name":"Match and Keep!","floor":22,"gold_loss":0,"cards_obtained":[]},{"damage_healed":0,"gold_gain":0,"player_choice":"Shed Blood","damage_taken":19,"max_hp_gain":5,"max_hp_loss":0,"event_name":"Forgotten Altar","floor":28,"gold_loss":0},{"damage_healed":0,"gold_gain":0,"player_choice":"Fought Bandits","damage_taken":0,"max_hp_gain":0,"max_hp_loss":0,"event_name":"Masked Bandits","floor":29,"gold_loss":0},{"damage_healed":0,"gold_gain":0,"player_choice":"Max HP","damage_taken":0,"max_hp_gain":0,"max_hp_loss":4,"event_name":"Winding Halls","floor":36,"gold_loss":0},{"damage_healed":0,"gold_gain":0,"player_choice":"Ignored","damage_taken":0,"max_hp_gain":0,"max_hp_loss":0,"event_name":"NoteForYourself","floor":37,"gold_loss":0},{"damage_healed":0,"gold_gain":0,"player_choice":"Took Portal","damage_taken":0,"max_hp_gain":0,"max_hp_loss":0,"event_name":"SecretPortal","floor":41,"gold_loss":0}],"is_beta":false,"boss_relics":[{"not_picked":["Runic Dome","Orrery"],"picked":"Nuclear Battery"},{"not_picked":["Philosopher\u0027s Stone","Tiny House"],"picked":"Velvet Choker"}],"items_purged_floors":[2,11,24],"is_endless":false,"potions_floor_spawned":[1,8,12,16,18,27,31,38],"ascension_level":0}