{"gold_per_floor":[109,109,126,87,87,114,39,53,79,79,114,180,23,23,23,99,99,111,139,239,114,114,146,146,159,159,159,191,191,191,216,216,288,288,302,227,237,237,61,61,394,422,476,476,476,476,496,521,521,521,521],"floor_reached":52,"playtime":1773,"items_purged":["Pain","Strike_R","Strike_R","Defend_R"],"score":2217,"play_id":"4eca3b97-0feb-4bbe-a7fc-3e348977128b","local_time":"20190328113648","is_ascension_mode":true,"campfire_choices":[{"data":"Uppercut","floor":10.0,"key":"SMITH"},{"data":"Armaments","floor":15.0,"key":"SMITH"},{"floor":24.0,"key":"REST"},{"data":"Uppercut","floor":29.0,"key":"SMITH"},{"floor":30.0,"key":"REST"},{"data":"Strike_R","floor":32.0,"key":"PURGE"},{"data":"Defend_R","floor":40.0,"key":"PURGE"},{"floor":44,"key":"REST"},{"floor":46,"key":"REST"},{"floor":49,"key":"REST"}],"neow_cost":"NONE","seed_source_timestamp":654117925020,"circlet_count":0,"master_deck":["AscendersBane","Defend_R","Defend_R","Bash+1","Battle Trance","Armaments+1","Infernal Blade","Uppercut+1","Thunderclap","Feed","Headbutt","Carnage+1","Necronomicurse","Shrug It Off","Entrench","Uppercut+1","Demon Form+1","Shockwave","Flame Barrier","Shrug It Off","Feel No Pain+1","Shrug It Off","Shrug It Off","Heavy Blade"],"special_seed":0,"relics":["Burning Blood","NeowsBlessing","WarpedTongs","Lantern","Potion Belt","Champion Belt","Dream Catcher","Snecko Eye","Red Mask","Ginger","Singing Bowl","Necronomicon","Frozen Egg 2","WingedGreaves","Shuriken","Red Skull","Peace Pipe","Black Star","Paper Frog","Old Coin","Art of War","Thread and Needle","Vajra","NlothsMask","Juzu Bracelet","Dodecahedron"],"potions_floor_usage":[41,42,48],"damage_taken":[{"damage":0.0,"enemies":"2 Louse","floor":1.0,"turns":1.0},{"damage":0.0,"enemies":"Cultist","floor":3.0,"turns":1.0},{"damage":0.0,"enemies":"3 Sentries","floor":6.0,"turns":1.0},{"damage":1.0,"enemies":"Jaw Worm","floor":8.0,"turns":2.0},{"damage":27.0,"enemies":"Gremlin Nob","floor":11.0,"turns":4.0},{"damage":27.0,"enemies":"The Guardian","floor":16.0,"turns":13.0},{"damage":9.0,"enemies":"Chosen","floor":18.0,"turns":3.0},{"damage":19.0,"enemies":"Masked Bandits","floor":19.0,"turns":5.0},{"damage":10.0,"enemies":"Colosseum Slavers","floor":20.0,"turns":3.0},{"damage":0.0,"enemies":"Colosseum Nobs","floor":20.0,"turns":2.0},{"damage":5.0,"enemies":"Gremlin Leader","floor":23.0,"turns":2.0},{"damage":9.0,"enemies":"Shell Parasite","floor":25.0,"turns":6.0},{"damage":23.0,"enemies":"Book of Stabbing","floor":28.0,"turns":3.0},{"damage":4.0,"enemies":"Gremlin Leader","floor":31.0,"turns":2.0},{"damage":48.0,"enemies":"Collector","floor":33.0,"turns":6.0},{"damage":13.0,"enemies":"3 Shapes","floor":35.0,"turns":9.0},{"damage":8.0,"enemies":"Orb Walker","floor":37.0,"turns":2.0},{"damage":43,"enemies":"Nemesis","floor":41,"turns":7},{"damage":10,"enemies":"Giant Head","floor":42,"turns":5},{"damage":26,"enemies":"Spire Growth","floor":47,"turns":3},{"damage":13,"enemies":"Reptomancer","floor":48,"turns":10},{"damage":35,"enemies":"Time Eater","floor":50,"turns":6},{"damage":25,"enemies":"Awakened One","floor":51,"turns":8}],"seed_played":"-2839367031932213819","potions_obtained":[{"floor":6.0,"key":"FearPotion"},{"floor":11.0,"key":"Weak Potion"},{"floor":23.0,"key":"Fire Potion"},{"floor":28.0,"key":"GamblersBrew"},{"floor":31.0,"key":"Explosive Potion"},{"floor":37.0,"key":"Strength Potion"},{"floor":41,"key":"Energy Potion"},{"floor":42,"key":"Fire Potion"}],"is_trial":false,"path_per_floor":["M","?","M","$","?","E","$","M","T","R","E","?","$","?","R","B",null,"M","?","?","$","?","E","R","M","T","T","E","R","R","E","R","B",null,"M","?","M","?","$","R","E","E","T","R","?","R","M","E","R","B","B",null],"character_chosen":"IRONCLAD","items_purchased":["Infernal Blade","Thunderclap","Shrug It Off"],"campfire_rested":5,"item_purchase_floors":[4,13,39],"current_hp_per_floor":[74,74,75,75,75,75,75,75,75,75,54,54,54,49,49,28,63,60,51,59,59,38,39,64,65,65,65,50,50,79,87,87,45,86,85,85,83,83,83,83,46,48,48,81,81,113,93,86,115,86,70],"gold":521,"neow_bonus":"THREE_ENEMY_KILL","is_prod":false,"is_daily":false,"chose_seed":false,"campfire_upgraded":3,"win_rate":0,"timestamp":1553798208,"path_taken":["M","?","M","?","?","E","$","?","T","R","E","?","$","?","R","BOSS","M","?","?","$","?","E","R","M","T","?","E","R","R","E","R","BOSS","M","?","?","?","$","R","E","E","T","R","?","R","?","E","R","BOSS","BOSS"],"build_version":"2019-03-15","purchased_purges":4,"victory":true,"max_hp_per_floor":[75,75,75,75,75,75,75,75,75,75,75,75,75,75,75,75,75,75,79,85,85,85,85,85,89,89,89,91,91,93,99,99,99,99,105,105,105,105,105,105,105,111,111,111,111,113,113,113,115,115,118],"card_choices":[{"not_picked":["Heavy Blade","Evolve"],"picked":"Battle Trance","floor":1.0},{"not_picked":["Headbutt","Carnage"],"picked":"Armaments","floor":3.0},{"not_picked":["Sentinel","Offering"],"picked":"Uppercut","floor":6.0},{"not_picked":["Armaments","Perfected Strike","Body Slam"],"picked":"SKIP","floor":8.0},{"not_picked":["Offering","Bludgeon"],"picked":"Feed","floor":16.0},{"not_picked":["Sword Boomerang","Armaments"],"picked":"Headbutt","floor":18.0},{"not_picked":["Reckless Charge","Sword Boomerang"],"picked":"Carnage+1","floor":19.0},{"not_picked":["Heavy Blade","Sentinel","Iron Wave"],"picked":"Singing Bowl","floor":20.0},{"not_picked":["Searing Blow","Intimidate"],"picked":"Shrug It Off","floor":23.0},{"not_picked":["Anger","Heavy Blade"],"picked":"Entrench","floor":24.0},{"not_picked":["Clothesline+1","Power Through"],"picked":"Uppercut","floor":25.0},{"not_picked":["True Grit","Second Wind","Hemokinesis"],"picked":"Singing Bowl","floor":28.0},{"not_picked":["Pummel","Burning Pact","Blood for Blood"],"picked":"Singing Bowl","floor":30.0},{"not_picked":["Second Wind","Headbutt","Rupture+1"],"picked":"Singing Bowl","floor":31.0},{"not_picked":["Double Tap","Fiend Fire"],"picked":"Demon Form+1","floor":33.0},{"not_picked":["Whirlwind+1","Clothesline","Dropkick+1"],"picked":"Singing Bowl","floor":35.0},{"not_picked":["Headbutt+1","Sword Boomerang"],"picked":"Flame Barrier","floor":37.0},{"not_picked":["Iron Wave","Intimidate"],"picked":"Feel No Pain+1","floor":41},{"not_picked":["Uppercut","True Grit","Whirlwind+1"],"picked":"Singing Bowl","floor":42},{"not_picked":["Armaments","Rupture+1"],"picked":"Shrug It Off","floor":44},{"not_picked":["Havoc","Sever Soul","Dropkick"],"picked":"Singing Bowl","floor":46},{"not_picked":["Warcry","True Grit"],"picked":"Shrug It Off","floor":47},{"not_picked":["Bloodletting","Havoc"],"picked":"Heavy Blade","floor":48},{"not_picked":["Anger","Rampage+1","Warcry+1"],"picked":"Singing Bowl","floor":49}],"player_experience":1377712,"relics_obtained":[{"floor":6.0,"key":"Lantern"},{"floor":9.0,"key":"Potion Belt"},{"floor":11.0,"key":"Champion Belt"},{"floor":19.0,"key":"Red Mask"},{"floor":20.0,"key":"Ginger"},{"floor":20.0,"key":"Singing Bowl"},{"floor":22.0,"key":"Necronomicon"},{"floor":23.0,"key":"Frozen Egg 2"},{"floor":26.0,"key":"WingedGreaves"},{"floor":27.0,"key":"Shuriken"},{"floor":28.0,"key":"Red Skull"},{"floor":31.0,"key":"Peace Pipe"},{"floor":41,"key":"Paper Frog"},{"floor":41,"key":"Old Coin"},{"floor":42,"key":"Art of War"},{"floor":42,"key":"Thread and Needle"},{"floor":43,"key":"Vajra"},{"floor":48,"key":"Juzu Bracelet"},{"floor":48,"key":"Dodecahedron"}],"event_choices":[{"damage_healed":0.0,"max_hp_gain":0.0,"max_hp_loss":0.0,"gold_gain":0.0,"event_name":"Upgrade Shrine","player_choice":"Upgraded","floor":2.0,"gold_loss":0.0,"damage_taken":0.0,"cards_upgraded":["Bash"]},{"damage_healed":0.0,"max_hp_gain":0.0,"max_hp_loss":0.0,"gold_gain":0.0,"event_name":"Accursed Blacksmith","player_choice":"Rummage","floor":5.0,"gold_loss":0.0,"damage_taken":0.0,"relics_obtained":["WarpedTongs"],"cards_obtained":["Pain"]},{"damage_healed":0.0,"max_hp_gain":0.0,"max_hp_loss":0.0,"gold_gain":66.0,"event_name":"Golden Wing","player_choice":"Gained Gold","floor":12.0,"gold_loss":0.0,"damage_taken":0.0},{"damage_healed":0.0,"max_hp_gain":0.0,"max_hp_loss":0.0,"gold_gain":0.0,"event_name":"Scrap Ooze","player_choice":"Success","floor":14.0,"gold_loss":0.0,"damage_taken":5.0,"relics_obtained":["Dream Catcher"]},{"damage_healed":0.0,"max_hp_gain":0.0,"max_hp_loss":0.0,"gold_gain":0.0,"event_name":"Masked Bandits","player_choice":"Fought Bandits","floor":19.0,"gold_loss":0.0,"damage_taken":0.0},{"damage_healed":0.0,"max_hp_gain":0.0,"max_hp_loss":0.0,"gold_gain":0.0,"event_name":"Colosseum","player_choice":"Fight","floor":20.0,"gold_loss":0.0,"damage_taken":0.0},{"damage_healed":0.0,"max_hp_gain":0.0,"max_hp_loss":0.0,"gold_gain":0.0,"event_name":"Colosseum","player_choice":"Fought Nobs","floor":20.0,"gold_loss":0.0,"damage_taken":0.0},{"damage_healed":0.0,"max_hp_gain":0.0,"max_hp_loss":0.0,"gold_gain":0.0,"event_name":"Cursed Tome","player_choice":"Obtained Book","floor":22.0,"gold_loss":0.0,"damage_taken":21.0},{"damage_healed":0.0,"max_hp_gain":0.0,"max_hp_loss":0.0,"gold_gain":0.0,"cards_transformed":["Strike_R","Strike_R"],"event_name":"Designer","player_choice":"Transformed Cards","floor":36.0,"gold_loss":75.0,"damage_taken":0.0,"cards_obtained":["Dual Wield","Shockwave"]},{"cards_removed":["Dual Wield"],"damage_healed":0.0,"max_hp_gain":0.0,"max_hp_loss":0.0,"gold_gain":0.0,"event_name":"Falling","player_choice":"Removed Skill","floor":38.0,"gold_loss":0.0,"damage_taken":0.0},{"damage_healed":0,"gold_gain":0,"player_choice":"Trade","damage_taken":0,"relics_obtained":["NlothsMask"],"max_hp_gain":0,"max_hp_loss":0,"event_name":"FaceTrader","floor":45,"gold_loss":0}],"is_beta":true,"boss_relics":[{"not_picked":["Mark of Pain","Pandora\u0027s Box"],"picked":"Snecko Eye"},{"not_picked":["Coffee Dripper","Orrery"],"picked":"Black Star"}],"items_purged_floors":[7,13,21,39],"is_endless":false,"potions_floor_spawned":[6,11,20,23,28,31,37,41,42],"ascension_level":20}