{"gold_per_floor":[116,116,116,132,143,143,163,182,182,193,204,204,204,216,216,216],"floor_reached":16,"playtime":624,"items_purged":[],"score":96,"play_id":"00074b95-f1f9-4f74-ae01-999dad564247","local_time":"20190106200737","is_ascension_mode":false,"campfire_choices":[{"data":"Rage","floor":6,"key":"SMITH"},{"data":"Metallicize","floor":15,"key":"SMITH"}],"neow_cost":"NONE","seed_source_timestamp":75325427149130,"circlet_count":0,"master_deck":["Strike_R","Strike_R","Strike_R","Defend_R","Defend_R","Defend_R","Bash","Clothesline","Rage+1","Iron Wave","Sword Boomerang","Shrug It Off","Metallicize+1"],"relics":["Burning Blood","Pen Nib"],"potions_floor_usage":[16],"damage_taken":[{"damage":3,"enemies":"2 Louse","floor":1,"turns":3},{"damage":10,"enemies":"Small Slimes","floor":4,"turns":4},{"damage":4,"enemies":"Cultist","floor":5,"turns":4},{"damage":16,"enemies":"Large Slime","floor":7,"turns":8},{"damage":2,"enemies":"Looter","floor":8,"turns":3},{"damage":2,"enemies":"3 Louse","floor":10,"turns":3},{"damage":8,"enemies":"Red Slaver","floor":11,"turns":3},{"damage":9,"enemies":"Exordium Wildlife","floor":14,"turns":4},{"damage":82,"enemies":"Slime Boss","floor":16,"turns":15}],"seed_played":"-119633113864030134","potions_obtained":[{"floor":1,"key":"LiquidBronze"},{"floor":5,"key":"Strength Potion"},{"floor":7,"key":"Explosive Potion"}],"is_trial":false,"path_per_floor":["M","?","?","M","M","R","M","M","T","M","M","?","?","M","R","B"],"character_chosen":"IRONCLAD","items_purchased":[],"campfire_rested":0,"item_purchase_floors":[],"current_hp_per_floor":[88,88,88,84,86,86,76,80,80,84,82,75,80,77,77,0],"gold":216,"neow_bonus":"TEN_PERCENT_HP_BONUS","is_prod":false,"is_daily":false,"chose_seed":false,"campfire_upgraded":2,"win_rate":0.0,"timestamp":1546823257,"path_taken":["M","?","?","M","M","R","M","M","T","M","?","?","?","M","R","BOSS"],"build_version":"2019-01-03v4","purchased_purges":0,"victory":false,"max_hp_per_floor":[88,88,88,88,88,88,88,88,88,88,88,88,93,93,93,93],"card_choices":[{"not_picked":["Body Slam","Warcry"],"picked":"Clothesline","floor":1},{"not_picked":["True Grit","Hemokinesis"],"picked":"Iron Wave","floor":4},{"not_picked":["True Grit","Dropkick"],"picked":"Sword Boomerang","floor":5},{"not_picked":["Thunderclap","Reckless Charge"],"picked":"Shrug It Off","floor":7},{"not_picked":["Body Slam","Twin Strike","Anger"],"picked":"SKIP","floor":8},{"not_picked":["Corruption","Sever Soul","Carnage"],"picked":"SKIP","floor":10},{"not_picked":["Corruption","Sever Soul","Carnage"],"picked":"SKIP","floor":10},{"not_picked":["Corruption","Sever Soul","Carnage"],"picked":"SKIP","floor":10},{"not_picked":["Body Slam","Iron Wave","Perfected Strike"],"picked":"SKIP","floor":11},{"not_picked":["Carnage","Infernal Blade"],"picked":"Metallicize","floor":14}],"player_experience":4843,"relics_obtained":[{"floor":9,"key":"Pen Nib"}],"event_choices":[{"damage_healed":0,"gold_gain":0,"cards_transformed":["Strike_R"],"player_choice":"Change","damage_taken":0,"max_hp_gain":0,"max_hp_loss":0,"event_name":"Living Wall","floor":2,"gold_loss":0,"cards_obtained":["Rage"]},{"cards_removed":["Defend_R"],"damage_healed":0,"gold_gain":0,"player_choice":"Card Removal","damage_taken":0,"max_hp_gain":0,"max_hp_loss":0,"event_name":"Wheel of Change","floor":3,"gold_loss":0},{"cards_removed":["Strike_R"],"damage_healed":0,"gold_gain":0,"player_choice":"Card Removal","damage_taken":7,"max_hp_gain":0,"max_hp_loss":0,"event_name":"Golden Wing","floor":12,"gold_loss":0},{"damage_healed":0,"gold_gain":0,"player_choice":"Donut","damage_taken":0,"max_hp_gain":5,"max_hp_loss":0,"event_name":"Big Fish","floor":13,"gold_loss":0}],"is_beta":false,"boss_relics":[],"items_purged_floors":[],"is_endless":false,"potions_floor_spawned":[1,5,7],"killed_by":"Slime Boss","ascension_level":0}