{"gold_per_floor":[119,135,135,60,60,60,94,94,118,118,162,183,199,177,177,303,303,243,25,25,25,45,78,78,96,96,96,132,151,74,74,74,203,203,221,221,84,99,120,120,138,158,206,206,231,231,231,256,256,256],"floor_reached":51,"playtime":5709,"items_purged":["Injury","Venomology"],"score":726,"play_id":"ce255da5-73cc-4216-96df-96a1e81226e2","local_time":"20180707195106","is_ascension_mode":true,"campfire_choices":[{"data":"Dagger Spray","floor":6,"key":"SMITH"},{"floor":8,"key":"REST"},{"floor":10,"key":"REST"},{"data":"Leg Sweep","floor":15,"key":"SMITH"},{"data":"After Image","floor":24,"key":"SMITH"},{"data":"Cloak And Dagger","floor":27,"key":"SMITH"},{"floor":32,"key":"REST"},{"data":"Accuracy","floor":40,"key":"SMITH"},{"floor":44,"key":"REST"},{"data":"Footwork","floor":46,"key":"SMITH"},{"floor":49,"key":"REST"}],"neow_cost":"NONE","seed_source_timestamp":2063615875033417,"circlet_count":0,"master_deck":["Defend_G","Defend_G","Defend_G","Defend_G","Defend_G","Strike_G","Strike_G","Survivor","Neutralize+1","Dagger Spray+1","Leg Sweep+1","Infinite Blades","Cloak And Dagger+1","After Image+1","Footwork+1","Blur","Backflip","Finisher","Infinite Blades","Cloak And Dagger+1","Blur","Flying Knee+1","J.A.X.","PanicButton","Purity","Dash+1","Burst+1","Venomology+1","Finisher+1","Accuracy+1","Finisher+1","Backflip+1","Backflip+1","Choke+1","Madness","Madness"],"relics":["Ring of the Snake","Golden Idol","Happy Flower","Bird Faced Urn","Oddly Smooth Stone","Pantograph","Sozu","Bag of Preparation","Ancient Tea Set","Bottled Flame","Molten Egg 2","Astrolabe","Singing Bowl"],"potions_floor_usage":[7,7,39],"damage_taken":[{"damage":0,"enemies":"2 Louse","floor":1,"turns":3},{"damage":2,"enemies":"Jaw Worm","floor":2,"turns":5},{"damage":54,"enemies":"Gremlin Nob","floor":7,"turns":7},{"damage":13,"enemies":"3 Sentries","floor":11,"turns":8},{"damage":2,"enemies":"Small Slimes","floor":12,"turns":3},{"damage":1,"enemies":"Looter","floor":13,"turns":3},{"damage":34,"enemies":"Slime Boss","floor":16,"turns":17},{"damage":4,"enemies":"2 Thieves","floor":18,"turns":4},{"damage":0,"enemies":"Chosen","floor":22,"turns":8},{"damage":0,"enemies":"Book of Stabbing","floor":23,"turns":10},{"damage":0,"enemies":"Centurion and Healer","floor":25,"turns":6},{"damage":1,"enemies":"Slavers","floor":28,"turns":7},{"damage":2,"enemies":"Snake Plant","floor":29,"turns":8},{"damage":28,"enemies":"Champ","floor":33,"turns":17},{"damage":15,"enemies":"3 Darklings","floor":35,"turns":8},{"damage":3,"enemies":"Orb Walker","floor":38,"turns":5},{"damage":10,"enemies":"Flame Bruiser 2 Orb","floor":39,"turns":9},{"damage":0,"enemies":"4 Shapes","floor":41,"turns":4},{"damage":31,"enemies":"3 Darklings","floor":42,"turns":6},{"damage":5,"enemies":"Spire Growth","floor":45,"turns":5},{"damage":12,"enemies":"4 Shapes","floor":48,"turns":6},{"damage":18,"enemies":"Donu and Deca","floor":50,"turns":10}],"seed_played":"1606732542178282711","potions_obtained":[{"floor":1,"key":"SneckoOil"},{"floor":2,"key":"Weak Potion"},{"floor":16,"key":"GhostInAJar"}],"is_trial":false,"path_per_floor":["M","M","?","$","?","R","E","R","T","R","E","M","M","?","R","B",null,"M","$","$","?","M","E","R","M","T","R","E","M","?","?","R","B",null,"M","?","$","M","M","R","M","M","T","R","M","R","?","M","R","B"],"character_chosen":"THE_SILENT","items_purchased":["Bag of Preparation","Blur","Accuracy"],"campfire_rested":5,"item_purchase_floors":[19,19,37],"current_hp_per_floor":[70,68,68,68,65,65,11,32,32,53,40,40,41,41,41,34,70,68,68,68,68,70,70,70,70,70,70,70,68,68,47,68,45,70,57,57,57,64,64,64,70,45,45,66,72,72,63,61,74,64],"gold":256,"neow_bonus":"UPGRADE_CARD","is_prod":false,"is_daily":false,"chose_seed":false,"campfire_upgraded":6,"win_rate":0,"timestamp":1531007466,"path_taken":["M","M","?","$","?","R","E","R","T","R","E","M","M","?","R","BOSS","M","?","$","?","M","E","R","?","T","R","E","M","?","?","R","BOSS","M","?","?","M","M","R","M","M","T","R","?","R","?","M","R","BOSS"],"build_version":"2018-07-05","purchased_purges":2,"victory":true,"max_hp_per_floor":[70,70,70,70,70,70,70,70,70,70,70,70,70,70,70,70,70,70,70,70,70,70,70,70,70,70,70,70,70,70,70,70,70,70,70,70,70,70,70,70,70,70,70,70,72,72,72,74,74,74],"card_choices":[{"not_picked":["Blade Dance","Eviscerate","Masterful Stab"],"picked":"SKIP","floor":1},{"not_picked":["Slice","Dodge and Roll"],"picked":"Dagger Spray","floor":2},{"not_picked":["Envenom","Infinite Blades"],"picked":"Leg Sweep","floor":7},{"not_picked":["Dodge and Roll","Underhanded Strike"],"picked":"Infinite Blades","floor":11},{"not_picked":["Outmaneuver","Accuracy","Setup"],"picked":"SKIP","floor":12},{"not_picked":["Blur","Sucker Punch"],"picked":"Cloak And Dagger","floor":13},{"not_picked":["Night Terror","Venomology"],"picked":"After Image","floor":16},{"not_picked":["Eviscerate","Malaise"],"picked":"Footwork","floor":18},{"not_picked":["Outmaneuver","Deflect+1"],"picked":"Finisher","floor":22},{"not_picked":["Quick Slash","Storm of Steel"],"picked":"Infinite Blades","floor":23},{"not_picked":["Catalyst","Blur"],"picked":"Cloak And Dagger+1","floor":25},{"not_picked":["Dagger Throw","Underhanded Strike"],"picked":"Blur","floor":28},{"not_picked":["Catalyst+1","Concentrate"],"picked":"Flying Knee+1","floor":29},{"not_picked":["Wraith Form v2","Grand Finale+1"],"picked":"Venomology","floor":33},{"not_picked":["Quick Slash+1","Dagger Spray+1"],"picked":"Finisher+1","floor":35},{"not_picked":["Dash+1","Dodge and Roll"],"picked":"Finisher+1","floor":38},{"not_picked":["Masterful Stab+1","Bouncing Flask"],"picked":"Backflip+1","floor":39},{"not_picked":["Setup+1","Skewer+1"],"picked":"Backflip+1","floor":41},{"not_picked":["Underhanded Strike+1","Backflip"],"picked":"Choke+1","floor":42},{"not_picked":["All Out Attack+1","Eviscerate+1","Poisoned Stab+1"],"picked":"Singing Bowl","floor":45},{"not_picked":["Poisoned Stab+1","Backflip","Deadly Poison"],"picked":"Singing Bowl","floor":48}],"player_experience":225094,"relics_obtained":[{"floor":7,"key":"Bird Faced Urn"},{"floor":9,"key":"Oddly Smooth Stone"},{"floor":11,"key":"Pantograph"},{"floor":23,"key":"Ancient Tea Set"},{"floor":26,"key":"Bottled Flame"},{"floor":28,"key":"Molten Egg 2"},{"floor":43,"key":"Singing Bowl"}],"event_choices":[{"event_name":"Golden Idol","player_choice":"Take Wound","floor":3,"damage_taken":0},{"event_name":"Scrap Ooze","player_choice":"success","floor":5,"damage_taken":3},{"event_name":"World of Goop","player_choice":"Left","floor":14,"damage_taken":0},{"event_name":"The Library","player_choice":"Read","floor":21,"damage_taken":0},{"event_name":"Drug Dealer","player_choice":"Got JAXXED","floor":30,"damage_taken":0},{"event_name":"Knowing Skull","player_choice":"CARD CARD ","floor":31,"damage_taken":0},{"event_name":"Tomb of Lord Red Mask","player_choice":"Ignored","floor":36,"damage_taken":0},{"event_name":"Winding Halls","player_choice":"Embrace Madness","floor":47,"damage_taken":0}],"boss_relics":[{"not_picked":["Calling Bell","Coffee Dripper"],"picked":"Sozu"},{"not_picked":["Fusion Hammer","Busted Crown"],"picked":"Astrolabe"}],"items_purged_floors":[4,37],"is_endless":false,"potions_floor_spawned":[1,2,16,22,25,35,39,45],"ascension_level":1}