{"gold_per_floor":[116,41,51,66,81,81,112,112,112,131,165,182,196,222,222,326,326,343,443,470,156,166,166,166,191,237,237,255,58,76,110,110,205,205,222,232,243,93,53,53,78,93,170,170,170,188,188,204,204,204],"floor_reached":50,"playtime":3256,"items_purged":["Strike_R","Strike_R","Strike_R","Strike_R"],"score":534,"play_id":"86ba0735-0ccf-4f19-9289-03af4983a800","local_time":"20190613195500","is_ascension_mode":false,"campfire_choices":[{"data":"Searing Blow","floor":6,"key":"SMITH"},{"data":"Searing Blow+1","floor":8,"key":"SMITH"},{"floor":15,"key":"RECALL"},{"data":"Searing Blow+2","floor":23,"key":"SMITH"},{"data":"Searing Blow+3","floor":27,"key":"SMITH"},{"data":"Searing Blow+4","floor":32,"key":"SMITH"},{"data":"Searing Blow+6","floor":40,"key":"SMITH"},{"data":"Searing Blow+7","floor":44,"key":"SMITH"},{"data":"Anger","floor":49,"key":"SMITH"}],"neow_cost":"NONE","seed_source_timestamp":158510178351989,"circlet_count":0,"master_deck":["Defend_R","Defend_R","Defend_R","Defend_R","Bash","Sever Soul","Anger+1","Armaments","Seeing Red","Pommel Strike","Shrug It Off","Rampage","Feed","Cleave","Battle Trance+1","Shrug It Off","Corpse Explosion+1","Thunderclap","Secret Weapon+1"],"relics":["Black Blood","Bottled Flame","Ice Cream","Red Skull","Philosopher\u0027s Stone","Champion Belt","Sundial","Boot","Blood Vial","MutagenicStrength","Calipers","Bag of Marbles","Toxic Egg 2","Omamori","Darkstone Periapt"],"potions_floor_usage":[11,14,16,16,19,25,33,33,33,41],"damage_taken":[{"damage":5,"enemies":"Jaw Worm","floor":1,"turns":4},{"damage":2,"enemies":"Small Slimes","floor":3,"turns":4},{"damage":6,"enemies":"2 Louse","floor":4,"turns":2},{"damage":8,"enemies":"Lots of Slimes","floor":5,"turns":4},{"damage":28,"enemies":"Gremlin Nob","floor":7,"turns":4},{"damage":5,"enemies":"Large Slime","floor":10,"turns":6},{"damage":17,"enemies":"3 Sentries","floor":11,"turns":8},{"damage":0,"enemies":"Red Slaver","floor":12,"turns":3},{"damage":2,"enemies":"Blue Slaver","floor":13,"turns":2},{"damage":7,"enemies":"Gremlin Nob","floor":14,"turns":3},{"damage":42,"enemies":"The Guardian","floor":16,"turns":10},{"damage":37,"enemies":"3 Byrds","floor":18,"turns":6},{"damage":17,"enemies":"Colosseum Slavers","floor":19,"turns":3},{"damage":11,"enemies":"Colosseum Nobs","floor":19,"turns":4},{"damage":0,"enemies":"Spheric Guardian","floor":22,"turns":3},{"damage":21,"enemies":"Slavers","floor":25,"turns":4},{"damage":5,"enemies":"Snake Plant","floor":28,"turns":2},{"damage":0,"enemies":"Shelled Parasite and Fungi","floor":30,"turns":2},{"damage":15,"enemies":"Book of Stabbing","floor":31,"turns":5},{"damage":44,"enemies":"Collector","floor":33,"turns":7},{"damage":10,"enemies":"3 Darklings","floor":35,"turns":6},{"damage":0,"enemies":"Orb Walker","floor":36,"turns":1},{"damage":21,"enemies":"3 Darklings","floor":37,"turns":7},{"damage":35,"enemies":"Reptomancer","floor":41,"turns":5},{"damage":31,"enemies":"Spire Growth","floor":42,"turns":4},{"damage":0,"enemies":"Sphere and 2 Shapes","floor":46,"turns":2},{"damage":14,"enemies":"Jaw Worm Horde","floor":48,"turns":4},{"damage":54,"enemies":"Awakened One","floor":50,"turns":6}],"seed_played":"3526160608027161242","potions_obtained":[{"floor":4,"key":"SteroidPotion"},{"floor":5,"key":"AttackPotion"},{"floor":11,"key":"Swift Potion"},{"floor":14,"key":"Weak Potion"},{"floor":16,"key":"GamblersBrew"},{"floor":18,"key":"LiquidBronze"},{"floor":28,"key":"Explosive Potion"},{"floor":31,"key":"AttackPotion"},{"floor":35,"key":"AttackPotion"},{"floor":42,"key":"GamblersBrew"}],"is_trial":false,"path_per_floor":["M","$","M","M","M","R","E","R","T","M","E","M","M","E","R","B",null,"M","?","T","$","M","R","?","E","T","R","M","$","M","E","R","B",null,"M","M","M","$","?","R","E","M","T","R","?","M","?","M","R","B"],"character_chosen":"IRONCLAD","items_purchased":["Blood Vial","BloodPotion","BloodPotion"],"campfire_rested":0,"item_purchase_floors":[21,21,29],"current_hp_per_floor":[80,80,80,80,78,78,56,56,56,57,46,52,56,55,55,19,80,49,33,33,33,41,41,41,36,36,36,39,39,50,43,43,15,83,83,83,72,72,72,72,49,30,30,30,30,42,42,43,43,0],"gold":204,"neow_bonus":"TRANSFORM_CARD","is_prod":false,"is_daily":false,"chose_seed":false,"campfire_upgraded":8,"win_rate":0,"timestamp":1560473700,"path_taken":["M","$","M","M","M","R","E","R","T","M","E","M","M","E","R","BOSS","M","?","?","$","M","R","?","E","T","R","M","$","M","E","R","BOSS","M","M","M","$","?","R","E","?","T","R","?","?","?","M","R","BOSS"],"build_version":"2019-01-23","purchased_purges":4,"victory":false,"max_hp_per_floor":[80,80,80,80,80,80,80,80,80,80,80,80,80,80,80,80,80,80,80,80,80,80,80,80,80,80,80,80,80,83,83,83,83,83,83,83,83,83,83,83,83,83,83,83,83,83,83,86,86,89],"card_choices":[{"not_picked":["Wild Strike","Infernal Blade"],"picked":"Anger","floor":1},{"not_picked":["Clothesline","Entrench"],"picked":"Armaments","floor":3},{"not_picked":["Second Wind","Headbutt"],"picked":"Seeing Red","floor":4},{"not_picked":["Iron Wave","Feel No Pain"],"picked":"Searing Blow","floor":5},{"not_picked":["Entrench","Corruption","Havoc"],"picked":"SKIP","floor":7},{"not_picked":["Clash","Barricade"],"picked":"Pommel Strike","floor":10},{"not_picked":["Clothesline","Pommel Strike"],"picked":"Shrug It Off","floor":11},{"not_picked":["Rupture","Anger"],"picked":"Rampage","floor":12},{"not_picked":["Flex","Perfected Strike","Headbutt"],"picked":"SKIP","floor":13},{"not_picked":["Sever Soul","Infernal Blade","Headbutt"],"picked":"SKIP","floor":14},{"not_picked":["Barricade","Demon Form"],"picked":"Feed","floor":16},{"not_picked":["Hemokinesis","Thunderclap"],"picked":"Cleave","floor":18},{"not_picked":["Wild Strike","Immolate","Body Slam"],"picked":"SKIP","floor":22},{"not_picked":["Dropkick","Intimidate"],"picked":"Battle Trance+1","floor":25},{"not_picked":["Rupture+1","Wild Strike"],"picked":"Shrug It Off","floor":28},{"not_picked":["Sword Boomerang+1","Sentinel","Heavy Blade"],"picked":"SKIP","floor":30},{"not_picked":["Second Wind","Sever Soul","Fire Breathing"],"picked":"SKIP","floor":31},{"not_picked":["Anger+1","True Grit+1","Twin Strike+1"],"picked":"SKIP","floor":35},{"not_picked":["Demon Form","Bloodletting+1","Cleave+1"],"picked":"SKIP","floor":36},{"not_picked":["Anger+1","Uppercut","Sword Boomerang"],"picked":"SKIP","floor":37},{"not_picked":["Pommel Strike","Shrug It Off+1","Headbutt+1"],"picked":"SKIP","floor":41},{"not_picked":["Cleave+1","Inflame+1","Havoc+1"],"picked":"SKIP","floor":42},{"not_picked":["Headbutt+1","Sword Boomerang"],"picked":"Thunderclap","floor":46},{"not_picked":["Impatience+1","Finesse+1"],"picked":"Secret Weapon+1","floor":47},{"not_picked":["Warcry+1","Headbutt","Sentinel+1"],"picked":"SKIP","floor":48}],"player_experience":785262,"relics_obtained":[{"floor":7,"key":"Bottled Flame"},{"floor":11,"key":"Ice Cream"},{"floor":14,"key":"Red Skull"},{"floor":19,"key":"Champion Belt"},{"floor":19,"key":"Sundial"},{"floor":20,"key":"Boot"},{"floor":25,"key":"Calipers"},{"floor":26,"key":"Bag of Marbles"},{"floor":31,"key":"Toxic Egg 2"},{"floor":41,"key":"Omamori"},{"floor":43,"key":"Darkstone Periapt"}],"event_choices":[{"damage_healed":0,"gold_gain":0,"player_choice":"Fight","damage_taken":0,"max_hp_gain":0,"max_hp_loss":0,"event_name":"Colosseum","floor":19,"gold_loss":0},{"damage_healed":0,"gold_gain":0,"player_choice":"Fought Nobs","damage_taken":0,"max_hp_gain":0,"max_hp_loss":0,"event_name":"Colosseum","floor":19,"gold_loss":0},{"damage_healed":0,"gold_gain":0,"player_choice":"Inject Mutagens","damage_taken":0,"relics_obtained":["MutagenicStrength"],"max_hp_gain":0,"max_hp_loss":0,"event_name":"Drug Dealer","floor":24,"gold_loss":0},{"damage_healed":0,"gold_gain":0,"player_choice":"Upgrade","damage_taken":0,"max_hp_gain":0,"max_hp_loss":0,"event_name":"Designer","floor":39,"gold_loss":40,"cards_upgraded":["Searing Blow"]},{"cards_removed":["Searing Blow"],"damage_healed":0,"gold_gain":0,"player_choice":"Took Card","damage_taken":0,"max_hp_gain":0,"max_hp_loss":0,"event_name":"NoteForYourself","floor":45,"gold_loss":0,"cards_obtained":["Corpse Explosion"]},{"damage_healed":0,"gold_gain":0,"player_choice":"Memory 1","damage_taken":0,"max_hp_gain":0,"max_hp_loss":0,"event_name":"SensoryStone","floor":47,"gold_loss":0}],"is_beta":false,"boss_relics":[{"not_picked":["Velvet Choker","Runic Dome"],"picked":"Philosopher\u0027s Stone"},{"not_picked":["Coffee Dripper","Busted Crown"],"picked":"Black Blood"}],"items_purged_floors":[2,21,29,38],"is_endless":false,"potions_floor_spawned":[4,5,11,14,16,18,28,31,35,42],"killed_by":"Awakened One","ascension_level":0}