{"gold_per_floor":[112,112,126,4,79,79,106,106,106,26,43,43,57,88,88,161,161,180,8,25,41,61,61,61],"floor_reached":24,"playtime":895,"items_purged":["Decay","Injury"],"score":412,"play_id":"f9a7c047-611f-4566-830e-fa96132f07f1","local_time":"20190228212427","is_ascension_mode":true,"campfire_choices":[{"floor":6.0,"key":"DIG"},{"floor":8.0,"key":"DIG"},{"floor":12.0,"key":"DIG"},{"floor":15.0,"key":"REST"},{"floor":23,"key":"DIG"}],"neow_cost":"NONE","seed_source_timestamp":14551864475601,"circlet_count":0,"master_deck":["AscendersBane","Strike_B","Strike_B","Strike_B","Strike_B","Defend_B","Defend_B+1","Defend_B","Defend_B","Zap+1","Dualcast","Injury","Chill","Streamline","Hello World","Coolheaded","Glacier","Leap","Electrodynamics+1","Biased Cognition+1","Hologram+1","Biased Cognition+1","Hologram+1","Reinforced Body+1","Hologram+1","Doom and Gloom"],"special_seed":0,"relics":["Calling Bell","Lantern","The Courier","Shovel","Thread and Needle","War Paint","Matryoshka","Blood Vial","Frozen Egg 2","Ancient Tea Set","Toxic Egg 2","Snecko Eye","Bottled Flame"],"potions_floor_usage":[24],"damage_taken":[{"damage":7.0,"enemies":"Small Slimes","floor":1.0,"turns":3.0},{"damage":2.0,"enemies":"Jaw Worm","floor":3.0,"turns":5.0},{"damage":33.0,"enemies":"Gremlin Nob","floor":7.0,"turns":5.0},{"damage":0.0,"enemies":"Cultist","floor":11.0,"turns":5.0},{"damage":0.0,"enemies":"Exordium Thugs","floor":13.0,"turns":7.0},{"damage":14.0,"enemies":"Lagavulin","floor":14.0,"turns":14.0},{"damage":12.0,"enemies":"Slime Boss","floor":16.0,"turns":11.0},{"damage":0.0,"enemies":"3 Byrds","floor":18.0,"turns":3.0},{"damage":16.0,"enemies":"2 Thieves","floor":20.0,"turns":4.0},{"damage":0.0,"enemies":"3 Cultists","floor":21.0,"turns":2.0},{"damage":2,"enemies":"Snake Plant","floor":22,"turns":6},{"damage":49,"enemies":"Book of Stabbing","floor":24,"turns":9}],"seed_played":"2514271628433013239","potions_obtained":[{"floor":1.0,"key":"Ancient Potion"},{"floor":11.0,"key":"GamblersBrew"},{"floor":14.0,"key":"EssenceOfSteel"},{"floor":16.0,"key":"SteroidPotion"},{"floor":18.0,"key":"FearPotion"}],"is_trial":false,"path_per_floor":["M","?","M","$","?","R","E","R","T","$","M","R","M","E","R","B",null,"M","$","M","M","M","R","E"],"character_chosen":"DEFECT","items_purchased":["Hello World","Biased Cognition+1","Hologram+1"],"campfire_rested":1,"item_purchase_floors":[4,19,19],"current_hp_per_floor":[57,57,55,55,44,44,11,11,11,11,13,13,15,3,24,14,57,59,59,45,47,47,47,0],"gold":61,"neow_bonus":"BOSS_RELIC","is_prod":false,"is_daily":false,"chose_seed":false,"campfire_upgraded":0,"win_rate":0,"timestamp":1551417867,"path_taken":["M","?","M","$","?","R","E","R","T","$","M","R","?","E","R","BOSS","M","$","?","M","M","R","E"],"build_version":"2019-02-06","purchased_purges":2,"victory":false,"max_hp_per_floor":[71,71,71,71,71,71,71,71,71,71,71,71,71,71,71,71,71,71,71,71,71,71,71,71],"card_choices":[{"not_picked":["Lockon","Leap"],"picked":"Chill","floor":1.0},{"not_picked":["Reprogram","Barrage"],"picked":"Streamline","floor":3.0},{"not_picked":["Fusion","Redo"],"picked":"Coolheaded","floor":7.0},{"not_picked":["Doom and Gloom","Ball Lightning"],"picked":"Glacier","floor":11.0},{"not_picked":["Reprogram","Heatsinks+1"],"picked":"Leap","floor":13.0},{"not_picked":["Streamline","Storm+1"],"picked":"Electrodynamics+1","floor":14.0},{"not_picked":["Fission+1","Seek+1"],"picked":"Biased Cognition+1","floor":16.0},{"not_picked":["Recycle+1","Leap+1"],"picked":"Hologram+1","floor":18.0},{"not_picked":["Sweeping Beam+1","Steam+1"],"picked":"Reinforced Body+1","floor":20.0},{"not_picked":["Coolheaded+1","Rebound"],"picked":"Hologram+1","floor":21.0},{"not_picked":["Double Energy+1","Fusion+1"],"picked":"Doom and Gloom","floor":22}],"player_experience":1238459,"relics_obtained":[{"floor":0.0,"key":"Lantern"},{"floor":0.0,"key":"The Courier"},{"floor":0.0,"key":"Shovel"},{"floor":6.0,"key":"Thread and Needle"},{"floor":7.0,"key":"War Paint"},{"floor":8.0,"key":"Matryoshka"},{"floor":9.0,"key":"Blood Vial"},{"floor":9.0,"key":"Frozen Egg 2"},{"floor":12.0,"key":"Ancient Tea Set"},{"floor":14.0,"key":"Toxic Egg 2"},{"floor":23,"key":"Bottled Flame"}],"event_choices":[{"damage_healed":0.0,"max_hp_gain":0.0,"max_hp_loss":0.0,"gold_gain":0.0,"event_name":"Liars Game","player_choice":"Ignored","floor":2.0,"gold_loss":0.0,"damage_taken":0.0},{"damage_healed":0.0,"max_hp_gain":0.0,"max_hp_loss":0.0,"gold_gain":75.0,"event_name":"World of Goop","player_choice":"Gather Gold","floor":5.0,"gold_loss":0.0,"damage_taken":11.0}],"is_beta":true,"boss_relics":[{"not_picked":["Inserter","Velvet Choker"],"picked":"Snecko Eye"}],"items_purged_floors":[4,10],"is_endless":false,"potions_floor_spawned":[1,11,14,16,18],"killed_by":"Book of Stabbing","ascension_level":20}