{"gold_per_floor":[99,99,99,99,99,99,99,99,99,99,99,99,99,22,22,22,22,22,22,22,0,0,0,0,0,0,0,0,0,0,0,0,0,0,0,0,0,0,0,0,0,0,0,0,0,0,0,0,0,0],"floor_reached":51,"playtime":2713,"items_purged":[],"score":830,"play_id":"f7bfa68c-9a8f-4846-93ef-3efc19ff837b","local_time":"20180717000328","is_ascension_mode":true,"campfire_choices":[{"data":"Cold Snap","floor":6.0,"key":"SMITH"},{"data":"Reinforced Body","floor":8.0,"key":"SMITH"},{"data":"Dualcast","floor":10.0,"key":"SMITH"},{"data":"Defragment","floor":15.0,"key":"SMITH"},{"data":"Sunder","floor":23,"key":"SMITH"},{"floor":27,"key":"REST"},{"data":"Hologram","floor":30,"key":"SMITH"},{"data":"Beam Cell","floor":32,"key":"SMITH"},{"data":"Hello World","floor":41,"key":"SMITH"},{"data":"Static Discharge","floor":49,"key":"SMITH"}],"neow_cost":"NONE","seed_source_timestamp":389946506368343,"circlet_count":0,"master_deck":["Zap+1","Dualcast+1","Cold Snap+1","Reinforced Body+1","White Noise","FTL","Ball Lightning","Beam Cell+1","Defragment+1","Amplify","Ball Lightning","Leap","Sunder+1","Gash","Gash","Fusion","Cold Snap","Coolheaded","Leap+1","Hologram+1","Static Discharge+1","RitualDagger","Stack+1","Bite","Bite","Bite","Bite","Bite","Chill+1","Electrodynamics","Go for the Eyes+1","Reprogram+1","Gash+1","Hello World+1","Glacier+1","Creative AI","Bandage Up+1","Madness+1","Madness+1"],"special_seed":0,"relics":["Ectoplasm","Bag of Marbles","Omamori","Pantograph","Pandora\u0027s Box","Bottled Flame","Oddly Smooth Stone","Toxic Egg 2","Sozu","Dead Branch","Calipers","Art of War"],"potions_floor_usage":[33,33],"damage_taken":[{"damage":1.0,"enemies":"Jaw Worm","floor":1.0,"turns":3.0},{"damage":3.0,"enemies":"2 Louse","floor":2.0,"turns":3.0},{"damage":0.0,"enemies":"Small Slimes","floor":5.0,"turns":3.0},{"damage":26.0,"enemies":"Gremlin Nob","floor":7.0,"turns":4.0},{"damage":6.0,"enemies":"Lagavulin","floor":11.0,"turns":8.0},{"damage":0.0,"enemies":"Exordium Wildlife","floor":12.0,"turns":3.0},{"damage":15.0,"enemies":"Large Slime","floor":13.0,"turns":4.0},{"damage":0.0,"enemies":"Slime Boss","floor":16.0,"turns":5.0},{"damage":15.0,"enemies":"3 Byrds","floor":18.0,"turns":3.0},{"damage":7,"enemies":"2 Thieves","floor":21,"turns":4},{"damage":15,"enemies":"Book of Stabbing","floor":24,"turns":6},{"damage":25,"enemies":"Slavers","floor":28,"turns":6},{"damage":0,"enemies":"Centurion and Healer","floor":31,"turns":6},{"damage":65,"enemies":"Champ","floor":33,"turns":9},{"damage":0,"enemies":"3 Shapes","floor":35,"turns":7},{"damage":0,"enemies":"Orb Walker","floor":36,"turns":3},{"damage":2,"enemies":"Flame Bruiser 2 Orb","floor":38,"turns":6},{"damage":0,"floor":39,"turns":4},{"damage":30,"enemies":"Giant Head","floor":40,"turns":9},{"damage":3,"enemies":"Transient","floor":46,"turns":5},{"damage":37,"enemies":"Donu and Deca","floor":50,"turns":7}],"seed_played":"3559598845901189701","potions_obtained":[{"floor":7.0,"key":"FearPotion"},{"floor":11.0,"key":"SkillPotion"},{"floor":12.0,"key":"Energy Potion"},{"floor":16.0,"key":"Ancient Potion"},{"floor":21,"key":"Regen Potion"}],"is_trial":false,"path_per_floor":["M","M","?","?","M","R","E","R","T","R","E","M","M","$","R","B",null,"M","?","?","M","$","R","E","?","T","R","E","?","R","M","R","B",null,"M","M","?","M","?","E","R","$","T","?","?","M","?","?","R","B"],"character_chosen":"DEFECT","items_purchased":["Defragment"],"campfire_rested":1,"item_purchase_floors":[14],"current_hp_per_floor":[74,71,71,69,69,69,43,43,43,43,37,37,22,22,22,47,69,54,54,54,47,47,47,32,26,26,46,21,21,21,35,35,6,48,48,48,48,48,48,24,24,24,24,24,24,29,29,23,23,23],"gold":0,"neow_bonus":"BOSS_RELIC","is_prod":false,"is_daily":false,"chose_seed":false,"campfire_upgraded":9,"win_rate":0,"timestamp":1531811008,"path_taken":["M","M","?","?","M","R","E","R","T","R","E","M","M","$","R","BOSS","M","?","?","M","$","R","E","?","T","R","E","?","R","?","R","BOSS","M","M","?","M","?","E","R","$","T","?","?","?","?","?","R","BOSS"],"build_version":"2018-07-13","purchased_purges":0,"victory":true,"max_hp_per_floor":[75,75,75,69,69,69,69,69,69,69,69,69,69,69,69,69,69,69,69,69,69,69,69,69,69,69,69,69,48,48,48,48,48,48,48,48,48,48,48,48,48,48,48,48,48,48,48,48,48,48],"card_choices":[{"not_picked":["Hologram","Tempest"],"picked":"Cold Snap","floor":1.0},{"not_picked":["Turbo","Aggregate"],"picked":"Reinforced Body","floor":2.0},{"not_picked":["Tempest","Double Energy"],"picked":"White Noise","floor":5.0},{"not_picked":["Turbo","Scrape"],"picked":"FTL","floor":7.0},{"not_picked":["Sweeping Beam","Rebound"],"picked":"Ball Lightning","floor":11.0},{"not_picked":["Steam Power","Redo"],"picked":"Beam Cell","floor":13.0},{"not_picked":["Hyperbeam","Multi-Cast"],"picked":"Amplify","floor":16.0},{"not_picked":["Scrape","Steam+1"],"picked":"Leap+1","floor":18.0},{"not_picked":["Genetic Algorithm","Stack"],"picked":"Hologram","floor":21},{"not_picked":["Gash","Stack"],"picked":"Static Discharge","floor":24},{"not_picked":["Gash","Rebound"],"picked":"Stack+1","floor":28},{"not_picked":["Conserve Battery+1","Consume+1"],"picked":"Chill+1","floor":31},{"not_picked":["Thunder Strike","Buffer"],"picked":"Electrodynamics","floor":33},{"not_picked":["Redo+1","Scrape"],"picked":"Go for the Eyes+1","floor":35},{"not_picked":["Darkness+1","Rebound+1"],"picked":"Reprogram+1","floor":36},{"not_picked":["Steam Power+1","Genetic Algorithm+1"],"picked":"Gash+1","floor":38},{"not_picked":["Beam Cell+1","Turbo+1"],"picked":"Hello World","floor":39},{"not_picked":["Gash+1","Coolheaded+1"],"picked":"Glacier+1","floor":40},{"not_picked":["Stack+1","Blizzard"],"picked":"Creative AI","floor":46},{"not_picked":["Mayhem","Blind+1"],"picked":"Bandage Up+1","floor":47}],"player_experience":676865,"relics_obtained":[{"floor":7.0,"key":"Bag of Marbles"},{"floor":9.0,"key":"Omamori"},{"floor":11.0,"key":"Pantograph"},{"floor":24,"key":"Bottled Flame"},{"floor":26,"key":"Oddly Smooth Stone"},{"floor":28,"key":"Toxic Egg 2"},{"floor":39,"key":"Dead Branch"},{"floor":40,"key":"Calipers"},{"floor":43,"key":"Art of War"}],"event_choices":[{"event_name":"Living Wall","player_choice":"Grow","floor":3.0,"damage_taken":0.0},{"event_name":"Golden Idol","player_choice":"Lose Max HP","floor":4.0,"damage_taken":0.0},{"event_name":"Addict","player_choice":"Ignored","floor":19.0,"damage_taken":0.0},{"event_name":"Back to Basics","player_choice":"Simplicity","floor":20,"damage_taken":0},{"event_name":"Nest","player_choice":"Joined the Cult","floor":25,"damage_taken":0},{"event_name":"Vampires","player_choice":"Became a vampire","floor":29,"damage_taken":0},{"event_name":"Match and Keep!","player_choice":"0 cards matched","floor":37,"damage_taken":0},{"event_name":"MindBloom","player_choice":"Fight","floor":39,"damage_taken":0},{"event_name":"The Moai Head","player_choice":"Gave Idol","floor":44,"damage_taken":0},{"event_name":"Mysterious Sphere","player_choice":"Ignore","floor":45,"damage_taken":0},{"event_name":"SensoryStone","player_choice":"Memory 1","floor":47,"damage_taken":0},{"event_name":"Winding Halls","player_choice":"Embrace Madness","floor":48,"damage_taken":0}],"boss_relics":[{"not_picked":["Black Star","White Beast Statue"],"picked":"Pandora\u0027s Box"},{"not_picked":["Calling Bell","Fusion Hammer"],"picked":"Sozu"}],"items_purged_floors":[],"is_endless":false,"potions_floor_spawned":[7,11,12,16,21,28,31,36,40],"ascension_level":1}