{"gold_per_floor":[361,26,45,62,72,72,72,72,95,95,95,95,57,57,57,130,130,146,146,56,75,90,90,90,290,338,338,353,353,353],"floor_reached":30,"playtime":1027,"items_purged":[],"score":425,"play_id":"87713a40-0070-4f64-a46f-b51e793a35a9","local_time":"20190207212346","is_ascension_mode":true,"campfire_choices":[{"data":"Footwork","floor":6.0,"key":"SMITH"},{"data":"Neutralize","floor":8.0,"key":"SMITH"},{"data":"Caltrops","floor":10.0,"key":"SMITH"},{"data":"Cloak And Dagger","floor":12.0,"key":"SMITH"},{"data":"Endless Agony","floor":15.0,"key":"SMITH"},{"data":"Malaise","floor":23.0,"key":"SMITH"},{"data":"Flash of Steel","floor":27,"key":"SMITH"},{"floor":29,"key":"REST"}],"neow_cost":"TEN_PERCENT_HP_LOSS","seed_source_timestamp":506985372911608,"circlet_count":0,"master_deck":["AscendersBane","Defend_G","Defend_G","Defend_G","Defend_G","Defend_G","Strike_G","Strike_G","Strike_G","Strike_G","Survivor","Neutralize+1","Dash","Caltrops+1","Cloak And Dagger+1","Skewer+1","Footwork+1","Poisoned Stab","Endless Agony+1","Adrenaline","Acrobatics+1","Flash of Steel+1","Blur","Malaise+1","RitualDagger"],"special_seed":0,"relics":["Ring of the Serpent","TwistedFunnel","Pen Nib","Boot"],"potions_floor_usage":[30,30],"damage_taken":[{"damage":26.0,"enemies":"Jaw Worm","floor":1.0,"turns":7.0},{"damage":0.0,"enemies":"2 Louse","floor":3.0,"turns":2.0},{"damage":0.0,"enemies":"Cultist","floor":4.0,"turns":3.0},{"damage":0.0,"enemies":"Blue Slaver","floor":5.0,"turns":4.0},{"damage":9.0,"enemies":"The Guardian","floor":16.0,"turns":10.0},{"damage":2.0,"enemies":"Spheric Guardian","floor":18.0,"turns":5.0},{"damage":0.0,"enemies":"3 Byrds","floor":19.0,"turns":2.0},{"damage":9.0,"enemies":"Cultist and Chosen","floor":21.0,"turns":5.0},{"damage":5.0,"enemies":"Centurion and Healer","floor":22.0,"turns":6.0},{"damage":14,"enemies":"Snake Plant","floor":28,"turns":4},{"damage":51,"enemies":"Gremlin Leader","floor":30,"turns":9}],"seed_played":"-6766109528424604019","potions_obtained":[{"floor":1.0,"key":"SmokeBomb"},{"floor":3.0,"key":"Block Potion"},{"floor":21.0,"key":"LiquidBronze"},{"floor":28,"key":"AttackPotion"}],"is_trial":false,"path_per_floor":["M","$","M","M","M","R","?","R","T","R","?","R","?","?","R","B",null,"M","M","$","M","M","R","?","?","T","R","M","R","E"],"character_chosen":"THE_SILENT","items_purchased":["TwistedFunnel","Caltrops","Cloak And Dagger","Flash of Steel"],"campfire_rested":1,"item_purchase_floors":[2,2,2,20],"current_hp_per_floor":[33,33,33,33,33,33,33,33,33,33,53,53,53,53,53,44,56,54,54,54,45,40,40,34,34,34,34,20,38,0],"gold":353,"neow_bonus":"TWO_FIFTY_GOLD","is_prod":false,"is_daily":false,"chose_seed":false,"campfire_upgraded":7,"win_rate":0,"timestamp":1549574626,"path_taken":["M","$","M","M","M","R","?","R","T","R","?","R","?","?","R","BOSS","M","M","$","M","M","R","?","?","T","R","?","R","E"],"build_version":"2019-01-23","purchased_purges":0,"victory":false,"max_hp_per_floor":[60,60,60,60,60,60,60,60,60,60,60,60,60,60,60,60,60,60,60,60,60,60,60,60,60,60,60,60,60,60],"card_choices":[{"not_picked":["Reflex","Backstab"],"picked":"Dash","floor":1.0},{"not_picked":["Finisher","Expertise"],"picked":"Skewer","floor":3.0},{"not_picked":["Deflect","Acrobatics"],"picked":"Footwork","floor":4.0},{"not_picked":["Calculated Gamble","Outmaneuver"],"picked":"Poisoned Stab","floor":5.0},{"not_picked":["Glass Knife","Grand Finale"],"picked":"Adrenaline","floor":16.0},{"not_picked":["Quick Slash","Endless Agony"],"picked":"Acrobatics+1","floor":18.0},{"not_picked":["Quick Slash","PiercingWail"],"picked":"Blur","floor":21.0},{"not_picked":["Expertise+1","Well Laid Plans"],"picked":"Malaise","floor":22.0},{"not_picked":["Concentrate","Choke","Heel Hook"],"picked":"SKIP","floor":28}],"player_experience":1277569,"relics_obtained":[{"floor":9.0,"key":"Pen Nib"},{"floor":26,"key":"Boot"}],"event_choices":[{"damage_healed":0.0,"max_hp_gain":0.0,"max_hp_loss":0.0,"gold_gain":0.0,"event_name":"Living Wall","player_choice":"Grow","floor":7.0,"gold_loss":0.0,"damage_taken":0.0,"cards_upgraded":["Skewer"]},{"damage_healed":20.0,"max_hp_gain":0.0,"max_hp_loss":0.0,"gold_gain":0.0,"event_name":"Big Fish","player_choice":"Banana","floor":11.0,"gold_loss":0.0,"damage_taken":0.0},{"damage_healed":0.0,"max_hp_gain":0.0,"max_hp_loss":0.0,"gold_gain":0.0,"event_name":"World of Goop","player_choice":"Left Gold","floor":13.0,"gold_loss":38.0,"damage_taken":0.0},{"damage_healed":0.0,"max_hp_gain":0.0,"max_hp_loss":0.0,"gold_gain":0.0,"cards_transformed":["Strike_G"],"event_name":"Transmorgrifier","player_choice":"Transformed","floor":14.0,"gold_loss":0.0,"damage_taken":0.0,"cards_obtained":["Endless Agony"]},{"damage_healed":0.0,"max_hp_gain":0.0,"max_hp_loss":0.0,"gold_gain":0.0,"event_name":"Nest","player_choice":"Joined the Cult","floor":24.0,"gold_loss":0.0,"damage_taken":6.0,"cards_obtained":["RitualDagger"]},{"damage_healed":0,"gold_gain":250,"player_choice":"Bet on Owner","damage_taken":0,"max_hp_gain":0,"max_hp_loss":0,"event_name":"The Joust","floor":25,"gold_loss":50}],"is_beta":false,"boss_relics":[{"not_picked":["Lizard Tail","Black Star"],"picked":"Ring of the Serpent"}],"items_purged_floors":[],"is_endless":false,"potions_floor_spawned":[1,3,19,21,28],"killed_by":"Gremlin Leader","ascension_level":19}