{"gold_per_floor":[219,219,287,301,77,95,122,202,202,202,252,325,325,12,12,114,114,130,144,194,207,288,319,337,337,337,369,419,448,464,484,484,581,581,601,88,102,2,71,71,97,147,196,246,246,246],"floor_reached":46,"playtime":3001,"items_purged":["Strike_B","Strike_B"],"score":793,"play_id":"83278564-1e18-44c1-a326-4bebe7cf6627","local_time":"20190119120300","is_ascension_mode":true,"campfire_choices":[{"floor":10,"key":"REST"},{"floor":13,"key":"RECALL"},{"data":"Zap","floor":15,"key":"SMITH"},{"floor":25,"key":"REST"},{"data":"Echo Form","floor":32,"key":"SMITH"},{"data":"Electrodynamics","floor":40,"key":"SMITH"},{"data":"Defend_B","floor":45,"key":"PURGE"}],"neow_cost":"NONE","seed_source_timestamp":4123877173842,"circlet_count":0,"master_deck":["Defend_B","Defend_B","Defend_B","Zap+1","Dualcast","Steam","Rip and Tear","Double Energy","Electrodynamics+1","Self Repair","Genetic Algorithm","Capacitor","Echo Form+1","Reinforced Body","Ghostly","Ghostly","Ghostly","Ghostly","Ghostly","Static Discharge","Tempest+1","Static Discharge","Amplify","Rainbow","Coolheaded+1","Magnetism","Compile Driver","Reinforced Body","Flash of Steel"],"relics":["Cracked Core","SsserpentHead","Bronze Scales","Omamori","Meat on the Bone","Sozu","Red Mask","Bottled Tornado","Cables","Orichalcum","Blood Vial","Mango","Velvet Choker","Runic Capacitor","Pear","Peace Pipe","Anchor"],"potions_floor_usage":[16,16],"damage_taken":[{"damage":10,"enemies":"Small Slimes","floor":1,"turns":4},{"damage":0,"enemies":"Cultist","floor":3,"turns":3},{"damage":2,"enemies":"2 Louse","floor":4,"turns":2},{"damage":0,"enemies":"Blue Slaver","floor":6,"turns":3},{"damage":37,"enemies":"Gremlin Nob","floor":7,"turns":5},{"damage":34,"enemies":"The Guardian","floor":16,"turns":11},{"damage":22,"enemies":"Chosen","floor":18,"turns":5},{"damage":17,"enemies":"2 Thieves","floor":19,"turns":4},{"damage":19,"enemies":"Shelled Parasite and Fungi","floor":21,"turns":10},{"damage":4,"enemies":"Masked Bandits","floor":22,"turns":2},{"damage":19,"enemies":"Book of Stabbing","floor":23,"turns":7},{"damage":1,"enemies":"Snecko","floor":24,"turns":6},{"damage":23,"enemies":"Slavers","floor":27,"turns":3},{"damage":0,"enemies":"Gremlin Leader","floor":29,"turns":7},{"damage":0,"enemies":"Snake Plant","floor":30,"turns":5},{"damage":4,"enemies":"Centurion and Healer","floor":31,"turns":5},{"damage":15,"enemies":"Collector","floor":33,"turns":9},{"damage":0,"enemies":"3 Shapes","floor":35,"turns":5},{"damage":2,"enemies":"Orb Walker","floor":37,"turns":4},{"damage":10,"enemies":"3 Darklings","floor":39,"turns":4},{"damage":20,"enemies":"Nemesis","floor":41,"turns":11},{"damage":60,"enemies":"Giant Head","floor":46,"turns":11}],"seed_played":"1105170774152389065","potions_obtained":[{"floor":3,"key":"Weak Potion"},{"floor":7,"key":"LiquidBronze"}],"is_trial":false,"path_per_floor":["M","?","M","M","$","M","E","?","T","R","?","T","R","$","R","B",null,"M","M","?","M","?","E","M","R","T","E","?","E","M","M","R","B",null,"M","$","M","?","M","R","E","?","T","?","R","E"],"character_chosen":"DEFECT","items_purchased":["Electrodynamics","Meat on the Bone","Capacitor","Runic Capacitor","Magnetism","Compile Driver"],"campfire_rested":2,"item_purchase_floors":[5,14,14,36,36,36],"current_hp_per_floor":[58,58,58,56,56,56,26,26,26,48,41,41,41,41,41,26,63,48,50,37,37,33,37,37,37,37,26,26,49,51,51,51,50,51,51,51,51,61,61,61,51,51,51,51,51,0],"gold":246,"neow_bonus":"HUNDRED_GOLD","is_prod":false,"is_daily":false,"chose_seed":false,"campfire_upgraded":3,"win_rate":0,"timestamp":1547877780,"path_taken":["M","?","?","M","$","M","E","?","T","R","?","?","R","$","R","BOSS","M","M","?","M","?","E","M","R","T","E","?","E","M","M","R","BOSS","M","$","M","?","?","R","E","?","T","?","R","E"],"build_version":"2019-01-17v2","purchased_purges":2,"victory":false,"max_hp_per_floor":[75,75,75,75,75,75,75,75,75,75,75,75,75,75,75,75,75,75,75,37,37,37,37,37,37,37,37,37,51,51,51,51,51,51,51,51,51,61,61,61,61,61,61,61,61,61],"card_choices":[{"not_picked":["Gash","Redo"],"picked":"Steam","floor":1},{"not_picked":["Compile Driver","Coolheaded"],"picked":"Rip and Tear","floor":3},{"not_picked":["Undo","BootSequence"],"picked":"Double Energy","floor":4},{"not_picked":["Steam","Turbo"],"picked":"Self Repair","floor":6},{"not_picked":["Conserve Battery","Machine Learning"],"picked":"Genetic Algorithm","floor":7},{"not_picked":["Electrodynamics","Amplify"],"picked":"Echo Form","floor":16},{"not_picked":["Streamline+1","Aggregate+1"],"picked":"Reinforced Body","floor":18},{"not_picked":["Barrage+1","Turbo","Streamline"],"picked":"SKIP","floor":19},{"not_picked":["Conserve Battery+1","Scrape"],"picked":"Static Discharge","floor":21},{"not_picked":["Cold Snap","Go for the Eyes"],"picked":"Tempest+1","floor":22},{"not_picked":["Storm","Barrage","Recycle"],"picked":"SKIP","floor":23},{"not_picked":["Leap","Gash+1"],"picked":"Static Discharge","floor":24},{"not_picked":["Barrage","Capacitor"],"picked":"Amplify","floor":27},{"not_picked":["Go for the Eyes","Gash","Steam Power"],"picked":"SKIP","floor":29},{"not_picked":["Gash","Blizzard","Go for the Eyes"],"picked":"SKIP","floor":30},{"not_picked":["Steam Power","Redo","Rebound+1"],"picked":"SKIP","floor":31},{"not_picked":["Machine Learning","Meteor Strike"],"picked":"Rainbow","floor":33},{"not_picked":["Go for the Eyes+1","Hologram+1"],"picked":"Coolheaded+1","floor":35},{"not_picked":["Aggregate","Genetic Algorithm+1","Turbo"],"picked":"SKIP","floor":37},{"not_picked":["Reinforced Body","Beam Cell","Conserve Battery+1"],"picked":"SKIP","floor":39},{"not_picked":["Reinforced Body","Beam Cell","Conserve Battery+1"],"picked":"SKIP","floor":39},{"not_picked":["Hologram+1","Darkness+1"],"picked":"Reinforced Body","floor":41},{"not_picked":["Discovery","Forethought"],"picked":"Flash of Steel","floor":44}],"player_experience":596785,"relics_obtained":[{"floor":7,"key":"Bronze Scales"},{"floor":9,"key":"Omamori"},{"floor":22,"key":"Red Mask"},{"floor":23,"key":"Bottled Tornado"},{"floor":26,"key":"Cables"},{"floor":27,"key":"Orichalcum"},{"floor":29,"key":"Mango"},{"floor":41,"key":"Peace Pipe"},{"floor":43,"key":"Anchor"}],"event_choices":[{"damage_healed":0,"gold_gain":0,"player_choice":"Trade","damage_taken":0,"relics_obtained":["SsserpentHead"],"max_hp_gain":0,"max_hp_loss":0,"event_name":"FaceTrader","floor":2,"gold_loss":0},{"damage_healed":0,"gold_gain":30,"player_choice":"Searched \u00271\u0027 times","damage_taken":0,"max_hp_gain":0,"max_hp_loss":0,"event_name":"Dead Adventurer","floor":8,"gold_loss":0},{"cards_removed":["Strike_B"],"damage_healed":0,"gold_gain":0,"player_choice":"Card Removal","damage_taken":7,"max_hp_gain":0,"max_hp_loss":0,"event_name":"Golden Wing","floor":11,"gold_loss":0},{"damage_healed":0,"gold_gain":0,"player_choice":"Became a Ghost","damage_taken":0,"max_hp_gain":0,"max_hp_loss":38,"event_name":"Ghosts","floor":20,"gold_loss":0,"cards_obtained":["Ghostly","Ghostly","Ghostly","Ghostly","Ghostly"]},{"damage_healed":0,"gold_gain":0,"player_choice":"Fought Bandits","damage_taken":0,"max_hp_gain":0,"max_hp_loss":0,"event_name":"Masked Bandits","floor":22,"gold_loss":0},{"damage_healed":0,"gold_gain":0,"player_choice":"Stole Relic","damage_taken":0,"relics_obtained":["Blood Vial"],"max_hp_gain":0,"max_hp_loss":0,"event_name":"Addict","floor":28,"gold_loss":0,"cards_obtained":["Shame"]},{"damage_healed":0,"gold_gain":0,"player_choice":"Paid Gold","damage_taken":0,"relics_obtained":["Pear"],"max_hp_gain":0,"max_hp_loss":0,"event_name":"WeMeetAgain","floor":38,"gold_loss":150},{"cards_removed":["Strike_B"],"damage_healed":0,"gold_gain":0,"player_choice":"Removed Attack","damage_taken":0,"max_hp_gain":0,"max_hp_loss":0,"event_name":"Falling","floor":42,"gold_loss":0},{"damage_healed":0,"gold_gain":0,"player_choice":"Memory 1","damage_taken":0,"max_hp_gain":0,"max_hp_loss":0,"event_name":"SensoryStone","floor":44,"gold_loss":0}],"is_beta":false,"boss_relics":[{"not_picked":["Busted Crown","Philosopher\u0027s Stone"],"picked":"Sozu"},{"not_picked":["White Beast Statue","Inserter"],"picked":"Velvet Choker"}],"items_purged_floors":[5,36],"is_endless":false,"potions_floor_spawned":[3,7,21,22,24,27,30,37,41],"killed_by":"Giant Head","ascension_level":8}