{"gold_per_floor":[20,20,33,48,60,86,86,98,98,112,112,126,126,139,139,139],"floor_reached":16,"playtime":754,"items_purged":[],"score":106,"play_id":"4f10b60f-5182-4b62-9117-62dcbf3049d4","local_time":"20190128211945","is_ascension_mode":false,"campfire_choices":[{"data":"True Grit","floor":7,"key":"SMITH"},{"floor":11,"key":"RECALL"},{"data":"Corruption","floor":13,"key":"SMITH"},{"data":"Offering","floor":15,"key":"SMITH"}],"neow_cost":"NO_GOLD","seed_source_timestamp":173441427919689,"circlet_count":0,"master_deck":["Strike_R","Strike_R","Strike_R","Strike_R","Defend_R","Defend_R","Defend_R","Defend_R","Bash","Disarm","Immolate","Iron Wave","True Grit+1","Offering+1","Corruption+1","Immolate"],"relics":["Burning Blood","Peace Pipe","Omamori","Matryoshka"],"potions_floor_usage":[6,16,16,16],"damage_taken":[{"damage":6,"enemies":"Jaw Worm","floor":1,"turns":3},{"damage":0,"enemies":"Cultist","floor":3,"turns":2},{"damage":0,"enemies":"2 Louse","floor":4,"turns":1},{"damage":11,"enemies":"Looter","floor":5,"turns":3},{"damage":34,"enemies":"Lagavulin","floor":6,"turns":8},{"damage":5,"enemies":"Exordium Wildlife","floor":8,"turns":3},{"damage":8,"enemies":"Large Slime","floor":10,"turns":5},{"damage":4,"enemies":"Gremlin Gang","floor":12,"turns":2},{"damage":8,"enemies":"Lots of Slimes","floor":14,"turns":2},{"damage":47,"enemies":"The Guardian","floor":16,"turns":9}],"seed_played":"324268879294897279","potions_obtained":[{"floor":4,"key":"Fire Potion"},{"floor":5,"key":"Weak Potion"},{"floor":6,"key":"LiquidBronze"},{"floor":8,"key":"Strength Potion"},{"floor":12,"key":"Dexterity Potion"}],"is_trial":false,"path_per_floor":["M","?","M","M","M","E","R","M","T","M","R","M","R","M","R","B"],"character_chosen":"IRONCLAD","items_purchased":[],"campfire_rested":0,"item_purchase_floors":[],"current_hp_per_floor":[80,80,80,80,75,47,47,48,48,46,46,48,48,46,46,0],"gold":139,"neow_bonus":"ONE_RARE_RELIC","is_prod":false,"is_daily":false,"chose_seed":false,"campfire_upgraded":3,"win_rate":0,"timestamp":1548739185,"path_taken":["M","?","M","M","M","E","R","M","T","M","R","M","R","M","R","BOSS"],"build_version":"2019-01-23","purchased_purges":0,"victory":false,"max_hp_per_floor":[80,80,80,80,80,80,80,80,80,80,80,80,80,80,80,80],"card_choices":[{"not_picked":["Heavy Blade","Clash"],"picked":"Disarm","floor":1},{"not_picked":["Heavy Blade","Wild Strike","Warcry"],"picked":"SKIP","floor":3},{"not_picked":["Clash","Heavy Blade"],"picked":"Iron Wave","floor":4},{"not_picked":["Reckless Charge","Iron Wave"],"picked":"True Grit","floor":5},{"not_picked":["Dropkick","Clothesline"],"picked":"Offering","floor":6},{"not_picked":["Flex","Clash","Havoc"],"picked":"SKIP","floor":8},{"not_picked":["Rupture","Flex","Sword Boomerang"],"picked":"SKIP","floor":10},{"not_picked":["Perfected Strike","Hemokinesis"],"picked":"Corruption","floor":12},{"not_picked":["Clothesline","Fire Breathing"],"picked":"Immolate","floor":14}],"player_experience":189353,"relics_obtained":[{"floor":6,"key":"Omamori"},{"floor":9,"key":"Matryoshka"}],"event_choices":[{"damage_healed":0,"gold_gain":0,"cards_transformed":["Strike_R"],"player_choice":"Change","damage_taken":0,"max_hp_gain":0,"max_hp_loss":0,"event_name":"Living Wall","floor":2,"gold_loss":0,"cards_obtained":["Immolate"]}],"is_beta":false,"boss_relics":[],"items_purged_floors":[],"is_endless":false,"potions_floor_spawned":[4,5,6,8,12],"killed_by":"The Guardian","ascension_level":0}