{"gold_per_floor":[119,129,140,155,155,155,194,194,194,194,215,215,269,283,283,382,382,362,377,125,150,164,164,180,180,180,192],"floor_reached":27,"playtime":1230,"items_purged":[],"score":423,"play_id":"3332cca2-b55f-42ef-8bf8-619caa17d14f","local_time":"20190207164903","is_ascension_mode":true,"campfire_choices":[{"data":"Zap","floor":6,"key":"SMITH"},{"floor":10,"key":"REST"},{"floor":12,"key":"REST"},{"data":"Reinforced Body","floor":15,"key":"SMITH"},{"floor":23,"key":"REST"},{"floor":25,"key":"REST"}],"neow_cost":"NONE","seed_source_timestamp":490446819083742,"circlet_count":0,"master_deck":["AscendersBane","Strike_B","Strike_B","Strike_B","Strike_B","Defend_B","Defend_B","Defend_B","Defend_B+1","Zap+1","Dualcast","Core Surge","Streamline+1","Capacitor","Conserve Battery+1","Ball Lightning","Coolheaded","Reinforced Body+1","Rainbow","Buffer+1","Go for the Eyes","BootSequence","Defragment+1","Glacier","FTL","Ball Lightning+1","Echo Form+1","Melter"],"relics":["Cracked Core","Golden Idol","Frozen Egg 2","Matryoshka","Lantern","War Paint","Inserter","MawBank","The Courier"],"potions_floor_usage":[1,11,22,24,27],"damage_taken":[{"damage":1,"enemies":"Cultist","floor":1,"turns":3},{"damage":10,"enemies":"Small Slimes","floor":2,"turns":3},{"damage":3,"enemies":"2 Louse","floor":3,"turns":2},{"damage":11,"enemies":"Blue Slaver","floor":4,"turns":3},{"damage":27,"enemies":"Gremlin Nob","floor":7,"turns":4},{"damage":18,"enemies":"Exordium Wildlife","floor":11,"turns":5},{"damage":1,"enemies":"Looter","floor":14,"turns":3},{"damage":37,"enemies":"Hexaghost","floor":16,"turns":10},{"damage":12,"enemies":"2 Thieves","floor":18,"turns":4},{"damage":8,"enemies":"Spheric Guardian","floor":19,"turns":6},{"damage":3,"enemies":"Centurion and Healer","floor":21,"turns":12},{"damage":32,"enemies":"3 Cultists","floor":22,"turns":7},{"damage":9,"enemies":"Cultist and Chosen","floor":24,"turns":8},{"damage":62,"enemies":"Slavers","floor":27,"turns":5}],"seed_played":"-7104362325468088706","potions_obtained":[{"floor":1,"key":"Fruit Juice"},{"floor":2,"key":"FairyPotion"},{"floor":4,"key":"SkillPotion"},{"floor":16,"key":"Swift Potion"},{"floor":22,"key":"Regen Potion"},{"floor":24,"key":"Energy Potion"}],"is_trial":false,"path_per_floor":["M","M","M","M","?","R","E","?","T","R","M","R","T","M","R","B",null,"M","M","$","M","M","R","M","R","T","E"],"character_chosen":"DEFECT","items_purchased":["Defragment+1","Glacier","FTL"],"campfire_rested":4,"item_purchase_floors":[20,20,20],"current_hp_per_floor":[68,58,55,44,44,44,17,17,17,37,19,39,39,38,38,1,52,40,32,32,29,6,26,32,52,52,0],"gold":192,"neow_bonus":"ONE_RANDOM_RARE_CARD","is_prod":false,"is_daily":false,"chose_seed":false,"campfire_upgraded":2,"win_rate":0,"timestamp":1549558143,"path_taken":["M","?","M","M","?","R","E","?","T","R","M","R","?","M","R","BOSS","M","M","$","M","M","R","M","R","T","E"],"build_version":"2019-01-23","purchased_purges":0,"victory":false,"max_hp_per_floor":[76,76,76,76,69,69,69,69,69,69,69,69,69,69,69,69,69,69,69,69,69,69,69,69,69,69,69],"card_choices":[{"not_picked":["BootSequence","Hologram"],"picked":"Streamline","floor":1},{"not_picked":["Rebound","Hologram"],"picked":"Capacitor","floor":2},{"not_picked":["Capacitor","Sweeping Beam"],"picked":"Conserve Battery","floor":3},{"not_picked":["Steam Power","Coolheaded"],"picked":"Ball Lightning","floor":4},{"not_picked":["Chaos","Rebound"],"picked":"Coolheaded","floor":7},{"not_picked":["Turbo","Barrage"],"picked":"Reinforced Body","floor":11},{"not_picked":["Undo","Coolheaded"],"picked":"Rainbow","floor":14},{"not_picked":["Reboot","Seek"],"picked":"Buffer+1","floor":16},{"not_picked":["Double Energy","Capacitor+1"],"picked":"Go for the Eyes","floor":18},{"not_picked":["Streamline","Turbo"],"picked":"BootSequence","floor":19},{"not_picked":["Streamline","Scrape"],"picked":"Ball Lightning+1","floor":21},{"not_picked":["Gash","Leap"],"picked":"Echo Form+1","floor":22},{"not_picked":["Scrape","Coolheaded"],"picked":"Melter","floor":24}],"player_experience":1276339,"relics_obtained":[{"floor":7,"key":"Frozen Egg 2"},{"floor":9,"key":"Matryoshka"},{"floor":13,"key":"Lantern"},{"floor":13,"key":"War Paint"},{"floor":26,"key":"MawBank"},{"floor":26,"key":"The Courier"}],"event_choices":[{"damage_healed":0,"gold_gain":0,"player_choice":"Lose Max HP","damage_taken":0,"relics_obtained":["Golden Idol"],"max_hp_gain":0,"max_hp_loss":7,"event_name":"Golden Idol","floor":5,"gold_loss":0},{"damage_healed":0,"gold_gain":0,"player_choice":"Grow","damage_taken":0,"max_hp_gain":0,"max_hp_loss":0,"event_name":"Living Wall","floor":8,"gold_loss":0,"cards_upgraded":["Streamline"]}],"is_beta":false,"boss_relics":[{"not_picked":["Fusion Hammer","Runic Pyramid"],"picked":"Inserter"}],"items_purged_floors":[],"is_endless":false,"potions_floor_spawned":[1,2,4,16,22,24],"killed_by":"Slavers","ascension_level":19}