{"gold_per_floor":[119,67,67,67,80,123,123,138,138,171,201],"floor_reached":11,"playtime":5026,"items_purged":[],"score":81,"play_id":"2aaa9c36-e035-401e-a4a7-be0052a07f88","local_time":"20190125170134","is_ascension_mode":false,"campfire_choices":[{"data":"True Grit","floor":7,"key":"SMITH"}],"neow_cost":"TEN_PERCENT_HP_LOSS","seed_source_timestamp":363234290282708,"circlet_count":0,"master_deck":["Strike_R","Strike_R","Strike_R","Defend_R","Defend_R","Defend_R","Bash","True Grit","True Grit+1","Shrug It Off","Metallicize","Inflame+1"],"relics":["Burning Blood","Golden Idol","Ornamental Fan","Sundial","Frozen Egg 2"],"potions_floor_usage":[6],"damage_taken":[{"damage":4,"enemies":"2 Louse","floor":1,"turns":4},{"damage":8,"enemies":"Jaw Worm","floor":5,"turns":3},{"damage":27,"enemies":"Gremlin Nob","floor":6,"turns":5},{"damage":0,"enemies":"Cultist","floor":8,"turns":4},{"damage":11,"enemies":"Lagavulin","floor":10,"turns":11},{"damage":39,"enemies":"Lagavulin Event","floor":11,"turns":9}],"seed_played":"-5298118668558085581","potions_obtained":[{"floor":5,"key":"Fire Potion"}],"is_trial":false,"path_per_floor":["M","$","?","?","M","E","R","M","T","E","?"],"character_chosen":"IRONCLAD","items_purchased":["True Grit"],"campfire_rested":0,"item_purchase_floors":[2],"current_hp_per_floor":[72,72,72,54,52,31,31,37,37,32,0],"gold":201,"neow_bonus":"REMOVE_TWO","is_prod":false,"is_daily":false,"chose_seed":false,"campfire_upgraded":1,"win_rate":0,"timestamp":1548464494,"path_taken":["M","$","?","?","M","E","R","M","T","E","?"],"build_version":"2019-01-23","purchased_purges":0,"victory":false,"max_hp_per_floor":[72,72,72,72,72,72,72,72,72,72,72],"card_choices":[{"not_picked":["Clash","Sever Soul"],"picked":"True Grit","floor":1},{"not_picked":["Headbutt","Twin Strike","Rampage"],"picked":"SKIP","floor":5},{"not_picked":["Bloodletting","Inflame"],"picked":"Shrug It Off","floor":6},{"not_picked":["Shrug It Off","Flex"],"picked":"Metallicize","floor":8},{"not_picked":["Anger","Armaments"],"picked":"Inflame","floor":10}],"player_experience":144105,"relics_obtained":[{"floor":6,"key":"Ornamental Fan"},{"floor":9,"key":"Sundial"},{"floor":10,"key":"Frozen Egg 2"}],"event_choices":[{"cards_removed":["Defend_R"],"damage_healed":0,"gold_gain":0,"player_choice":"Forget","damage_taken":0,"max_hp_gain":0,"max_hp_loss":0,"event_name":"Living Wall","floor":3,"gold_loss":0},{"damage_healed":0,"gold_gain":0,"player_choice":"Take Damage","damage_taken":18,"relics_obtained":["Golden Idol"],"max_hp_gain":0,"max_hp_loss":0,"event_name":"Golden Idol","floor":4,"gold_loss":0},{"damage_healed":0,"gold_gain":30,"player_choice":"Searched \u00273\u0027 times","damage_taken":0,"max_hp_gain":0,"max_hp_loss":0,"event_name":"Dead Adventurer","floor":11,"gold_loss":0}],"is_beta":false,"boss_relics":[],"items_purged_floors":[],"is_endless":false,"potions_floor_spawned":[5],"killed_by":"Lagavulin Event","ascension_level":0}