{"gold_per_floor":[111,122,140,215,215,241,241,257,305,317,351,64,64,79,79,174,174,186,204,53,53,73,73],"floor_reached":23,"playtime":1085,"items_purged":["Regret"],"score":228,"play_id":"4c1945b3-920e-4d5b-bffe-a84bba382609","local_time":"20190119111246","is_ascension_mode":false,"campfire_choices":[{"data":"True Grit","floor":7,"key":"SMITH"},{"floor":15,"key":"REST"}],"neow_cost":"NONE","seed_source_timestamp":3026280231946,"circlet_count":0,"master_deck":["Strike_R","Strike_R","Strike_R","Strike_R","Strike_R","Defend_R","Defend_R","Defend_R","Defend_R","Bash","Wild Strike","Sword Boomerang","Clothesline","True Grit+1","Blood for Blood","Power Through","Immolate","Clothesline","Headbutt","True Grit","Feel No Pain","Ghostly","Ghostly","Ghostly","Ghostly","Ghostly","True Grit"],"relics":["Burning Blood","NeowsBlessing","Self Forming Clay","Regal Pillow","Pen Nib","Dead Branch","CultistMask","Runic Cube"],"potions_floor_usage":[6,10,19,23],"damage_taken":[{"damage":0,"enemies":"Small Slimes","floor":1,"turns":1},{"damage":0,"enemies":"2 Louse","floor":2,"turns":1},{"damage":0,"enemies":"Jaw Worm","floor":3,"turns":1},{"damage":36,"enemies":"Lagavulin","floor":6,"turns":6},{"damage":10,"enemies":"Blue Slaver","floor":8,"turns":4},{"damage":2,"enemies":"Red Slaver","floor":10,"turns":3},{"damage":17,"enemies":"Gremlin Nob","floor":11,"turns":4},{"damage":4,"enemies":"2 Fungi Beasts","floor":14,"turns":4},{"damage":35,"enemies":"Hexaghost","floor":16,"turns":12},{"damage":22,"enemies":"Spheric Guardian","floor":18,"turns":6},{"damage":16,"enemies":"3 Byrds","floor":19,"turns":6},{"damage":4,"enemies":"Snecko","floor":22,"turns":7},{"damage":48,"enemies":"Gremlin Leader","floor":23,"turns":7}],"seed_played":"-4238950904475282828","potions_obtained":[{"floor":1,"key":"FearPotion"},{"floor":6,"key":"FearPotion"},{"floor":10,"key":"Dexterity Potion"},{"floor":22,"key":"Regen Potion"}],"is_trial":false,"path_per_floor":["M","M","M","?","?","E","R","M","T","M","E","$","?","M","R","B",null,"M","M","$","?","M","E"],"character_chosen":"IRONCLAD","items_purchased":["Dead Branch","Feel No Pain"],"campfire_rested":1,"item_purchase_floors":[12,20],"current_hp_per_floor":[80,80,80,69,69,39,39,35,35,39,28,28,28,30,69,40,80,64,54,54,40,40,0],"gold":73,"neow_bonus":"THREE_ENEMY_KILL","is_prod":false,"is_daily":false,"chose_seed":false,"campfire_upgraded":1,"win_rate":0,"timestamp":1547874766,"path_taken":["M","M","M","?","?","E","R","M","T","?","E","$","?","M","R","BOSS","M","M","$","?","M","E"],"build_version":"2019-01-17v2","purchased_purges":1,"victory":false,"max_hp_per_floor":[80,80,80,80,80,80,80,80,80,80,80,80,80,80,80,80,80,80,80,80,40,40,40],"card_choices":[{"not_picked":["Sentinel","Rupture"],"picked":"Wild Strike","floor":1},{"not_picked":["Rupture","Evolve"],"picked":"Sword Boomerang","floor":2},{"not_picked":["Ghostly Armor","Sever Soul"],"picked":"Clothesline","floor":3},{"not_picked":["Flex","Heavy Blade"],"picked":"True Grit","floor":6},{"not_picked":["Flex","Cleave"],"picked":"Blood for Blood","floor":8},{"not_picked":["Sword Boomerang","Second Wind"],"picked":"Power Through","floor":10},{"not_picked":["Armaments","Spot Weakness"],"picked":"Immolate","floor":11},{"not_picked":["Searing Blow","Flex"],"picked":"Clothesline","floor":14},{"not_picked":["Blood for Blood","Dual Wield"],"picked":"Headbutt","floor":18},{"not_picked":["Warcry","Body Slam"],"picked":"True Grit","floor":19},{"not_picked":["Metallicize+1","Double Tap"],"picked":"True Grit","floor":22}],"player_experience":595700,"relics_obtained":[{"floor":6,"key":"Regal Pillow"},{"floor":11,"key":"Pen Nib"}],"event_choices":[{"damage_healed":0,"gold_gain":75,"player_choice":"Gather Gold","damage_taken":11,"max_hp_gain":0,"max_hp_loss":0,"event_name":"World of Goop","floor":4,"gold_loss":0},{"damage_healed":0,"gold_gain":0,"player_choice":"Box","damage_taken":0,"relics_obtained":["Self Forming Clay"],"max_hp_gain":0,"max_hp_loss":0,"event_name":"Big Fish","floor":5,"gold_loss":0,"cards_obtained":["Regret"]},{"damage_healed":0,"gold_gain":0,"player_choice":"Trade","damage_taken":0,"relics_obtained":["CultistMask"],"max_hp_gain":0,"max_hp_loss":0,"event_name":"FaceTrader","floor":13,"gold_loss":0},{"damage_healed":0,"gold_gain":0,"player_choice":"Became a Ghost","damage_taken":0,"max_hp_gain":0,"max_hp_loss":40,"event_name":"Ghosts","floor":21,"gold_loss":0,"cards_obtained":["Ghostly","Ghostly","Ghostly","Ghostly","Ghostly"]}],"is_beta":false,"boss_relics":[{"not_picked":["Fusion Hammer","Philosopher\u0027s Stone"],"picked":"Runic Cube"}],"items_purged_floors":[20],"is_endless":false,"potions_floor_spawned":[1,6,10,22],"killed_by":"Gremlin Leader","ascension_level":0}