{"gold_per_floor":[110,57,72,72,87,115,115,127,127,143,143,159,159],"floor_reached":13,"playtime":494,"items_purged":[],"score":170,"play_id":"dfe2e553-bca2-4d0c-a54f-8d06ad20d2eb","local_time":"20190204231548","is_ascension_mode":true,"campfire_choices":[{"data":"Neutralize","floor":7,"key":"SMITH"},{"data":"Sucker Punch","floor":11,"key":"SMITH"}],"neow_cost":"NONE","seed_source_timestamp":255158803249298,"circlet_count":0,"master_deck":["AscendersBane","Defend_G","Defend_G","Defend_G","Defend_G","Defend_G","Strike_G","Strike_G","Strike_G","Strike_G","Strike_G","Survivor","Neutralize+1","Quick Slash","Deadly Poison","Sucker Punch+1","Corpse Explosion","Slice","Deflect","PiercingWail"],"special_seed":0,"relics":["White Beast Statue","Pantograph","Kunai"],"potions_floor_usage":[6,6,10,13,13],"damage_taken":[{"damage":4.0,"enemies":"Cultist","floor":1.0,"turns":5.0},{"damage":1.0,"enemies":"Small Slimes","floor":3.0,"turns":4.0},{"damage":0.0,"enemies":"Jaw Worm","floor":5.0,"turns":3.0},{"damage":32,"enemies":"Lagavulin","floor":6,"turns":6},{"damage":0,"enemies":"Exordium Thugs","floor":8,"turns":4},{"damage":3,"enemies":"3 Louse","floor":10,"turns":3},{"damage":9,"enemies":"Blue Slaver","floor":12,"turns":5},{"damage":32,"enemies":"Gremlin Nob","floor":13,"turns":4}],"seed_played":"265037406291869106","potions_obtained":[{"floor":1.0,"key":"GamblersBrew"},{"floor":3.0,"key":"FearPotion"},{"floor":5.0,"key":"Regen Potion"},{"floor":6,"key":"Block Potion"},{"floor":8,"key":"SteroidPotion"},{"floor":10,"key":"SpeedPotion"}],"is_trial":false,"path_per_floor":["M","$","M","?","M","E","R","M","T","M","R","M","E"],"character_chosen":"THE_SILENT","items_purchased":["Deadly Poison"],"campfire_rested":0,"item_purchase_floors":[2],"current_hp_per_floor":[55,55,54,54,54,37,37,37,37,34,34,25,0],"gold":159,"neow_bonus":"BOSS_RELIC","is_prod":false,"is_daily":false,"chose_seed":false,"campfire_upgraded":2,"win_rate":0,"timestamp":1549322148,"path_taken":["M","$","?","?","M","E","R","M","T","M","R","M","E"],"build_version":"2019-01-23","purchased_purges":0,"victory":false,"max_hp_per_floor":[66,66,66,66,66,66,66,66,66,66,66,66,66],"card_choices":[{"not_picked":["Bane","Slice"],"picked":"Quick Slash","floor":1.0},{"not_picked":["Expertise","Poisoned Stab"],"picked":"Sucker Punch","floor":3.0},{"not_picked":["Escape Plan","Deflect"],"picked":"Corpse Explosion","floor":5.0},{"not_picked":["Accuracy","Bane"],"picked":"Slice","floor":6},{"not_picked":["Blade Dance","PiercingWail"],"picked":"Deflect","floor":8},{"not_picked":["Quick Slash","Tactician"],"picked":"PiercingWail","floor":10},{"not_picked":["Tactician","Underhanded Strike","Acrobatics"],"picked":"SKIP","floor":12}],"player_experience":1266962,"relics_obtained":[{"floor":6,"key":"Pantograph"},{"floor":9,"key":"Kunai"}],"event_choices":[{"damage_healed":0.0,"max_hp_gain":0.0,"max_hp_loss":0.0,"gold_gain":0.0,"event_name":"Liars Game","player_choice":"Ignored","floor":4.0,"gold_loss":0.0,"damage_taken":0.0}],"is_beta":false,"boss_relics":[],"items_purged_floors":[],"is_endless":false,"potions_floor_spawned":[1,3,5,6,8,10,12],"killed_by":"Gremlin Nob","ascension_level":19}