{"gold_per_floor":[14,28,47,47,71,71,109,109,134,159,190,190,190,210,210,331,331,356,271,284,52,52,70,70,84,111,150,171,171],"floor_reached":29,"playtime":1788,"items_purged":[],"score":257,"play_id":"4d5d3062-8d59-4ba2-9280-50244170f53a","local_time":"20190130230956","is_ascension_mode":false,"campfire_choices":[{"data":"Flame Barrier","floor":6,"key":"SMITH"},{"data":"Shrug It Off","floor":8,"key":"SMITH"},{"floor":12,"key":"REST"},{"data":"True Grit","floor":15,"key":"SMITH"},{"floor":24,"key":"RECALL"}],"neow_cost":"NO_GOLD","seed_source_timestamp":96973108837929,"circlet_count":0,"master_deck":["Strike_R","Strike_R","Strike_R","Strike_R","Strike_R","Defend_R","Defend_R","Defend_R","Defend_R","Bash","Demon Form","Metallicize","Feel No Pain","Shockwave","Flame Barrier+1","Shrug It Off+1","Body Slam","True Grit+1","Juggernaut","Pummel","Flame Barrier","Ghostly Armor","Pommel Strike+1","Inflame+1","Apotheosis","Battle Trance","Shrug It Off","Dark Embrace"],"relics":["Burning Blood","Golden Idol","Strawberry","Art of War","Anchor","Orrery","Happy Flower","Orichalcum","Red Skull"],"potions_floor_usage":[11,16,23,27,27,28,29],"damage_taken":[{"damage":0,"enemies":"Small Slimes","floor":1,"turns":3},{"damage":7,"enemies":"Jaw Worm","floor":2,"turns":5},{"damage":2,"enemies":"2 Louse","floor":3,"turns":4},{"damage":10,"enemies":"Red Slaver","floor":5,"turns":4},{"damage":26,"enemies":"3 Sentries","floor":7,"turns":13},{"damage":11,"enemies":"Blue Slaver","floor":10,"turns":4},{"damage":43,"enemies":"Gremlin Nob","floor":11,"turns":6},{"damage":0,"enemies":"3 Louse","floor":14,"turns":4},{"damage":25,"enemies":"Slime Boss","floor":16,"turns":13},{"damage":21,"enemies":"3 Byrds","floor":18,"turns":5},{"damage":0,"enemies":"Shell Parasite","floor":20,"turns":7},{"damage":12,"enemies":"Centurion and Healer","floor":23,"turns":6},{"damage":0,"enemies":"Snecko","floor":25,"turns":5},{"damage":47,"enemies":"Slavers","floor":27,"turns":7},{"damage":19,"enemies":"Cultist and Chosen","floor":28,"turns":8},{"damage":39,"enemies":"Book of Stabbing","floor":29,"turns":7}],"seed_played":"-6884841987630333150","potions_obtained":[{"floor":1,"key":"SneckoOil"},{"floor":3,"key":"Fire Potion"},{"floor":10,"key":"Strength Potion"},{"floor":16,"key":"Weak Potion"},{"floor":20,"key":"Explosive Potion"},{"floor":22,"key":"Regen Potion"},{"floor":22,"key":"PowerPotion"},{"floor":25,"key":"Dexterity Potion"},{"floor":28,"key":"Ancient Potion"}],"is_trial":false,"path_per_floor":["M","M","M","?","M","R","E","R","T","M","E","R","?","M","R","B",null,"M","?","M","$","?","M","R","M","T","E","M","E"],"character_chosen":"IRONCLAD","items_purchased":["Apotheosis","Battle Trance"],"campfire_rested":1,"item_purchase_floors":[21,21],"current_hp_per_floor":[80,79,80,74,70,70,57,57,57,52,15,39,44,50,50,31,86,71,71,77,77,77,71,71,77,77,51,38,0],"gold":171,"neow_bonus":"THREE_RARE_CARDS","is_prod":false,"is_daily":false,"chose_seed":false,"campfire_upgraded":3,"win_rate":0,"timestamp":1548918596,"path_taken":["M","M","M","?","M","R","E","R","T","M","E","R","?","M","R","BOSS","M","?","M","$","?","?","R","M","T","E","M","E"],"build_version":"2019-01-23","purchased_purges":0,"victory":false,"max_hp_per_floor":[80,80,80,74,74,74,81,81,81,81,81,81,86,86,86,86,86,86,86,86,86,86,86,86,86,86,86,86,86],"card_choices":[{"not_picked":["Fiend Fire","Juggernaut"],"picked":"Demon Form","floor":0},{"not_picked":["Blood for Blood","Uppercut"],"picked":"Metallicize","floor":1},{"not_picked":["Corruption","Wild Strike"],"picked":"Feel No Pain","floor":2},{"not_picked":["Ghostly Armor","Blood for Blood"],"picked":"Shockwave","floor":3},{"not_picked":["Pummel","Sentinel"],"picked":"Flame Barrier","floor":5},{"not_picked":["Thunderclap","Clash"],"picked":"Shrug It Off","floor":7},{"not_picked":["Cleave","Flex"],"picked":"Body Slam","floor":10},{"not_picked":["Headbutt","Seeing Red","Clash"],"picked":"SKIP","floor":11},{"not_picked":["Cleave","Thunderclap"],"picked":"True Grit","floor":14},{"not_picked":["Double Tap","Fiend Fire"],"picked":"Juggernaut","floor":16},{"not_picked":["Dropkick","Twin Strike"],"picked":"Pummel","floor":17},{"not_picked":["Warcry","Thunderclap"],"picked":"Flame Barrier","floor":17},{"not_picked":["Fire Breathing","Spot Weakness"],"picked":"Ghostly Armor","floor":17},{"not_picked":["Inflame","Second Wind"],"picked":"Pommel Strike+1","floor":18},{"not_picked":["Warcry+1","Carnage"],"picked":"Inflame+1","floor":20},{"not_picked":["Perfected Strike","Blood for Blood"],"picked":"Shrug It Off","floor":23},{"not_picked":["Fire Breathing","Warcry","Feel No Pain"],"picked":"SKIP","floor":25},{"not_picked":["Battle Trance","Pommel Strike+1"],"picked":"Dark Embrace","floor":27},{"not_picked":["Burning Pact","Sentinel","Body Slam"],"picked":"SKIP","floor":28}],"player_experience":207657,"relics_obtained":[{"floor":7,"key":"Strawberry"},{"floor":9,"key":"Art of War"},{"floor":11,"key":"Anchor"},{"floor":26,"key":"Orichalcum"},{"floor":27,"key":"Red Skull"}],"event_choices":[{"damage_healed":0,"gold_gain":0,"player_choice":"Lose Max HP","damage_taken":0,"relics_obtained":["Golden Idol"],"max_hp_gain":0,"max_hp_loss":6,"event_name":"Golden Idol","floor":4,"gold_loss":0},{"damage_healed":0,"gold_gain":0,"player_choice":"Donut","damage_taken":0,"max_hp_gain":5,"max_hp_loss":0,"event_name":"Big Fish","floor":13,"gold_loss":0},{"damage_healed":0,"gold_gain":0,"player_choice":"Obtained Relic","damage_taken":0,"relics_obtained":["Happy Flower"],"max_hp_gain":0,"max_hp_loss":0,"event_name":"Addict","floor":19,"gold_loss":85},{"damage_healed":0,"gold_gain":0,"player_choice":"Got Potions","damage_taken":0,"max_hp_gain":0,"max_hp_loss":0,"event_name":"Lab","floor":22,"gold_loss":0}],"is_beta":false,"boss_relics":[{"not_picked":["Black Blood","Tiny House"],"picked":"Orrery"}],"items_purged_floors":[],"is_endless":false,"potions_floor_spawned":[1,3,10,16,20,25,28],"killed_by":"Book of Stabbing","ascension_level":0}