{"gold_per_floor":[143,68,88,62,62,62,77,77,77,110,110,129,129,144,144,215,215,231,231,251,301,53,53,53,64,64,14,14,34,53,66,66,66],"floor_reached":33,"playtime":1353,"items_purged":[],"score":482,"play_id":"3fa10506-d0f5-496e-9aac-f30da2f75d30","local_time":"20190208163108","is_ascension_mode":true,"campfire_choices":[{"data":"Zap","floor":6,"key":"SMITH"},{"data":"Go for the Eyes","floor":8,"key":"SMITH"},{"floor":11,"key":"REST"},{"floor":15,"key":"REST"},{"data":"Rainbow","floor":23,"key":"SMITH"},{"floor":28,"key":"REST"},{"floor":32,"key":"REST"}],"neow_cost":"NONE","seed_source_timestamp":575648336087567,"circlet_count":0,"master_deck":["AscendersBane","Strike_B","Strike_B","Strike_B","Defend_B","Defend_B","Defend_B","Defend_B","Zap+1","Dualcast","Streamline","Ball Lightning","Go for the Eyes+1","Beam Cell","Undo","Cold Snap","Rainbow+1","Capacitor","Cold Snap","Panacea","FTL","Conserve Battery","Leap","Chaos","Go for the Eyes"],"relics":["Cracked Core","Tiny Chest","Cables","Darkstone Periapt","Mercury Hourglass","Strawberry","Philosopher\u0027s Stone","Question Card","Vajra","Lantern"],"potions_floor_usage":[16,16,30],"damage_taken":[{"damage":0,"enemies":"2 Louse","floor":1,"turns":3},{"damage":2,"enemies":"Jaw Worm","floor":3,"turns":3},{"damage":0,"enemies":"Cultist","floor":7,"turns":2},{"damage":35,"enemies":"3 Sentries","floor":10,"turns":5},{"damage":29,"enemies":"Gremlin Gang","floor":12,"turns":3},{"damage":0,"enemies":"Looter","floor":14,"turns":3},{"damage":24,"enemies":"Hexaghost","floor":16,"turns":7},{"damage":11,"enemies":"3 Byrds","floor":18,"turns":3},{"damage":0,"enemies":"Chosen","floor":20,"turns":2},{"damage":20,"enemies":"Colosseum Slavers","floor":24,"turns":4},{"damage":13,"enemies":"Snecko","floor":25,"turns":4},{"damage":25,"enemies":"Shelled Parasite and Fungi","floor":29,"turns":5},{"damage":18,"enemies":"Snake Plant","floor":30,"turns":4},{"damage":10,"enemies":"Snecko","floor":31,"turns":6},{"damage":29,"enemies":"Champ","floor":33,"turns":10}],"seed_played":"-8215251302541495370","potions_obtained":[{"floor":3,"key":"Strength Potion"},{"floor":10,"key":"LiquidBronze"},{"floor":29,"key":"Regen Potion"}],"is_trial":false,"path_per_floor":["M","?","M","$","?","R","M","R","T","E","R","M","T","M","R","B",null,"M","T","M","?","$","R","?","M","T","?","R","M","M","M","R","B"],"character_chosen":"DEFECT","items_purchased":["Go for the Eyes","Panacea","FTL","Conserve Battery"],"campfire_rested":4,"item_purchase_floors":[4,22,22,22],"current_hp_per_floor":[64,64,62,62,57,57,57,57,57,22,43,14,21,21,44,20,64,53,53,53,53,53,53,33,20,20,20,43,18,12,2,25,0],"gold":66,"neow_bonus":"RANDOM_COMMON_RELIC","is_prod":false,"is_daily":false,"chose_seed":false,"campfire_upgraded":3,"win_rate":0,"timestamp":1549643468,"path_taken":["M","?","M","$","?","R","M","R","T","E","R","M","?","M","R","BOSS","M","?","?","?","?","R","?","M","T","?","R","M","?","M","R","BOSS"],"build_version":"2019-01-23","purchased_purges":0,"victory":false,"max_hp_per_floor":[71,71,71,71,71,71,71,71,71,71,71,71,78,78,78,78,78,78,78,78,78,78,78,78,78,78,78,78,78,78,78,78,78],"card_choices":[{"not_picked":["Tempest","Stack"],"picked":"Streamline","floor":1},{"not_picked":["Sunder","Darkness"],"picked":"Ball Lightning","floor":3},{"not_picked":["Ball Lightning","Gash"],"picked":"Beam Cell","floor":7},{"not_picked":["Steam","Redo"],"picked":"Undo","floor":10},{"not_picked":["Scrape","Redo"],"picked":"Cold Snap","floor":12},{"not_picked":["Ball Lightning","Barrage","Stack"],"picked":"SKIP","floor":14},{"not_picked":["Creative AI","Thunder Strike"],"picked":"Rainbow","floor":16},{"not_picked":["Genetic Algorithm","Conserve Battery"],"picked":"Capacitor","floor":18},{"not_picked":["Steam","Capacitor","Skim"],"picked":"Cold Snap","floor":20},{"not_picked":["Storm","Coolheaded","Sweeping Beam"],"picked":"Leap","floor":25},{"not_picked":["Lockon","Capacitor+1","Melter"],"picked":"Chaos","floor":29},{"not_picked":["Recycle","Heatsinks","FTL"],"picked":"Go for the Eyes","floor":30},{"not_picked":["Steam","Storm","Steam Power","Go for the Eyes"],"picked":"SKIP","floor":31}],"player_experience":1280761,"relics_obtained":[{"floor":9,"key":"Darkstone Periapt"},{"floor":10,"key":"Mercury Hourglass"},{"floor":13,"key":"Strawberry"},{"floor":19,"key":"Question Card"},{"floor":26,"key":"Vajra"}],"event_choices":[{"cards_removed":["Strike_B"],"damage_healed":0,"gold_gain":0,"player_choice":"Card Removal","damage_taken":0,"max_hp_gain":0,"max_hp_loss":0,"event_name":"The Cleric","floor":2,"gold_loss":75},{"damage_healed":0,"gold_gain":0,"player_choice":"Success","damage_taken":5,"relics_obtained":["Cables"],"max_hp_gain":0,"max_hp_loss":0,"event_name":"Scrap Ooze","floor":5,"gold_loss":0},{"damage_healed":0,"gold_gain":50,"player_choice":"Stole From Cult","damage_taken":0,"max_hp_gain":0,"max_hp_loss":0,"event_name":"Nest","floor":21,"gold_loss":0},{"damage_healed":0,"gold_gain":0,"player_choice":"Fight","damage_taken":0,"max_hp_gain":0,"max_hp_loss":0,"event_name":"Colosseum","floor":24,"gold_loss":0},{"damage_healed":0,"gold_gain":0,"player_choice":"Fled From Nobs","damage_taken":0,"max_hp_gain":0,"max_hp_loss":0,"event_name":"Colosseum","floor":24,"gold_loss":0},{"damage_healed":0,"gold_gain":0,"player_choice":"Paid Gold","damage_taken":0,"relics_obtained":["Lantern"],"max_hp_gain":0,"max_hp_loss":0,"event_name":"WeMeetAgain","floor":27,"gold_loss":50}],"is_beta":false,"boss_relics":[{"not_picked":["White Beast Statue","Coffee Dripper"],"picked":"Philosopher\u0027s Stone"}],"items_purged_floors":[],"is_endless":false,"potions_floor_spawned":[3,10,14,29],"killed_by":"Champ","ascension_level":19}