{"gold_per_floor":[110,80,97,18,37,67,67,85,111,121,156,174,206,206,206,206],"floor_reached":16,"playtime":1032,"items_purged":[],"score":122,"play_id":"bd40b29c-832f-4963-ba0e-efddb49d66eb","local_time":"20190131204543","is_ascension_mode":false,"campfire_choices":[{"floor":7,"key":"RECALL"},{"data":"Madness","floor":15,"key":"SMITH"}],"neow_cost":"NONE","seed_source_timestamp":166764360095928,"circlet_count":0,"master_deck":["Strike_R","Strike_R","Strike_R","Strike_R","Strike_R","Defend_R","Defend_R","Defend_R","Defend_R","Bash","Madness+1","Pommel Strike","Feel No Pain","Havoc","Pommel Strike","Spot Weakness","True Grit","Armaments"],"relics":["Burning Blood","Red Skull","Centennial Puzzle","Strawberry","Omamori"],"potions_floor_usage":[6,11,11,13,16],"damage_taken":[{"damage":5,"enemies":"Cultist","floor":1,"turns":4},{"damage":8,"enemies":"2 Louse","floor":3,"turns":2},{"damage":5,"enemies":"Small Slimes","floor":5,"turns":3},{"damage":17,"enemies":"3 Sentries","floor":6,"turns":8},{"damage":8,"enemies":"3 Louse","floor":8,"turns":4},{"damage":14,"enemies":"Blue Slaver","floor":10,"turns":4},{"damage":22,"enemies":"Gremlin Nob","floor":11,"turns":4},{"damage":10,"enemies":"2 Fungi Beasts","floor":12,"turns":4},{"damage":23,"enemies":"Lagavulin","floor":13,"turns":7},{"damage":50,"enemies":"The Guardian","floor":16,"turns":10}],"seed_played":"6414947650698933099","potions_obtained":[{"floor":1,"key":"PowerPotion"},{"floor":2,"key":"Poison Potion"},{"floor":2,"key":"AttackPotion"},{"floor":10,"key":"Swift Potion"},{"floor":12,"key":"GamblersBrew"}],"is_trial":false,"path_per_floor":["M","?","M","$","M","E","R","M","T","M","E","M","E","?","R","B"],"character_chosen":"IRONCLAD","items_purchased":["Feel No Pain"],"campfire_rested":0,"item_purchase_floors":[4],"current_hp_per_floor":[80,80,78,78,79,68,68,66,66,58,49,45,28,49,49,0],"gold":206,"neow_bonus":"RANDOM_COLORLESS","is_prod":false,"is_daily":false,"chose_seed":false,"campfire_upgraded":1,"win_rate":0,"timestamp":1548996343,"path_taken":["M","?","M","$","M","E","R","M","T","M","E","?","E","?","R","BOSS"],"build_version":"2019-01-23","purchased_purges":0,"victory":false,"max_hp_per_floor":[80,80,80,80,80,80,80,80,80,80,87,87,87,87,87,87],"card_choices":[{"not_picked":["Armaments","Seeing Red"],"picked":"Pommel Strike","floor":1},{"not_picked":["Blood for Blood","Perfected Strike","Sword Boomerang"],"picked":"SKIP","floor":3},{"not_picked":["Headbutt","Warcry"],"picked":"Havoc","floor":5},{"not_picked":["Carnage","Double Tap"],"picked":"Pommel Strike","floor":6},{"not_picked":["Infernal Blade","Iron Wave","Second Wind"],"picked":"SKIP","floor":8},{"not_picked":["Warcry","Flex"],"picked":"Spot Weakness","floor":10},{"not_picked":["Iron Wave","Wild Strike"],"picked":"True Grit","floor":11},{"not_picked":["Perfected Strike","Headbutt"],"picked":"Armaments","floor":12},{"not_picked":["Heavy Blade","Rupture","Warcry"],"picked":"SKIP","floor":13}],"player_experience":213626,"relics_obtained":[{"floor":6,"key":"Red Skull"},{"floor":9,"key":"Centennial Puzzle"},{"floor":11,"key":"Strawberry"},{"floor":13,"key":"Omamori"}],"event_choices":[{"damage_healed":0,"gold_gain":0,"player_choice":"Bought 2 Potions","damage_taken":0,"max_hp_gain":0,"max_hp_loss":0,"event_name":"The Woman in Blue","floor":2,"gold_loss":0},{"damage_healed":21,"gold_gain":0,"player_choice":"Healed and dodged fight","damage_taken":0,"max_hp_gain":0,"max_hp_loss":0,"event_name":"Mushrooms","floor":14,"gold_loss":0,"cards_obtained":["Parasite"]}],"is_beta":false,"boss_relics":[],"items_purged_floors":[],"is_endless":false,"potions_floor_spawned":[1,10,12],"killed_by":"The Guardian","ascension_level":0}