{"gold_per_floor":[114,189,189,205,175,207,227,254,278,26,38,70,136,36,36,141,141,151,170,95,108,35,35,46,80,149,149,163,174,201,201,201,296,296,312,312,312,3,17,42,42,62,62,96,96],"floor_reached":45,"playtime":2717,"items_purged":["Pain","Strike_R"],"score":634,"play_id":"98b783ac-f6a4-4926-847c-f4c698338df2","local_time":"20190206143056","is_ascension_mode":true,"campfire_choices":[{"floor":15.0,"key":"REST"},{"floor":23.0,"key":"REST"},{"floor":32,"key":"RECALL"},{"data":"Juggernaut","floor":41,"key":"SMITH"}],"neow_cost":"TEN_PERCENT_HP_LOSS","seed_source_timestamp":0,"circlet_count":0,"master_deck":["Defend_R+1","Juggernaut+1","Shrug It Off","Heavy Blade","Havoc","Dark Embrace","Inflame","Pommel Strike","Feed","Juggernaut+1","Warcry+1","Burning Pact+1","Shrug It Off","Disarm+1","Ghostly Armor","True Grit+1","Seeing Red","Havoc","Disarm","Demon Form","Heavy Blade+1","Madness","Madness","Inflame","Dual Wield+1"],"special_seed":0,"relics":["Burning Blood","WarpedTongs","Lantern","Bronze Scales","Red Skull","Incense Burner","Astrolabe","War Paint","Paper Frog","Anchor","Empty Cage","Strawberry","Oddly Smooth Stone","Happy Flower","Calipers","Pear"],"potions_floor_usage":[30,30,42,42,44],"damage_taken":[{"damage":11.0,"enemies":"Jaw Worm","floor":1.0,"turns":3.0},{"damage":8.0,"enemies":"Cultist","floor":4.0,"turns":3.0},{"damage":40.0,"enemies":"Gremlin Nob","floor":6.0,"turns":5.0},{"damage":3.0,"enemies":"Small Slimes","floor":7.0,"turns":3.0},{"damage":8.0,"enemies":"3 Sentries","floor":8.0,"turns":5.0},{"damage":7.0,"enemies":"Blue Slaver","floor":11.0,"turns":2.0},{"damage":18.0,"enemies":"Lagavulin","floor":12.0,"turns":5.0},{"damage":23.0,"enemies":"Hexaghost","floor":16.0,"turns":7.0},{"damage":31.0,"enemies":"3 Byrds","floor":18.0,"turns":4.0},{"damage":20.0,"enemies":"Spheric Guardian","floor":19.0,"turns":4.0},{"damage":18.0,"enemies":"3 Cultists","floor":21.0,"turns":6.0},{"damage":15.0,"enemies":"Snake Plant","floor":24.0,"turns":5.0},{"damage":14.0,"enemies":"Gremlin Leader","floor":25.0,"turns":6.0},{"damage":21.0,"enemies":"Shelled Parasite and Fungi","floor":28.0,"turns":5.0},{"damage":7,"enemies":"Snecko","floor":29,"turns":4},{"damage":2,"enemies":"Book of Stabbing","floor":30,"turns":5},{"damage":45,"enemies":"Collector","floor":33,"turns":12},{"damage":5,"enemies":"Orb Walker","floor":35,"turns":6},{"damage":5,"enemies":"3 Shapes","floor":39,"turns":5},{"damage":15,"enemies":"Giant Head","floor":40,"turns":9},{"damage":9,"enemies":"3 Darklings","floor":42,"turns":5},{"damage":69,"enemies":"Reptomancer","floor":44,"turns":8},{"damage":32,"enemies":"Spire Growth","floor":45,"turns":3}],"seed_played":"-4711573511132910802","potions_obtained":[{"floor":1.0,"key":"Strength Potion"},{"floor":5.0,"key":"AttackPotion"},{"floor":5.0,"key":"Explosive Potion"},{"floor":7.0,"key":"Weak Potion"},{"floor":11.0,"key":"FearPotion"},{"floor":18.0,"key":"Energy Potion"},{"floor":24.0,"key":"Ancient Potion"},{"floor":28,"key":"Poison Potion"},{"floor":29,"key":"Poison Potion"},{"floor":33,"key":"Weak Potion"},{"floor":35,"key":"EssenceOfSteel"},{"floor":42,"key":"SteroidPotion"}],"is_trial":false,"path_per_floor":["M","?","?","M","?","E","M","E","T","$","M","E","?","$","R","B",null,"M","M","?","M","$","R","M","E","T","?","M","M","E","?","R","B",null,"M","?","?","$","M","E","R","M","T","E","M"],"character_chosen":"IRONCLAD","items_purchased":["Red Skull","Inflame","Ghostly Armor","Strawberry","Oddly Smooth Stone"],"campfire_rested":2,"item_purchase_floors":[10,10,22,38,38],"current_hp_per_floor":[67,56,56,54,54,20,23,21,21,21,20,8,8,8,29,12,72,47,33,33,24,24,46,37,33,33,33,22,21,25,83,83,48,87,91,80,80,87,92,83,83,80,80,27,0],"gold":96,"neow_bonus":"THREE_RARE_CARDS","is_prod":false,"is_daily":false,"chose_seed":false,"campfire_upgraded":1,"win_rate":0,"timestamp":1549492256,"path_taken":["M","?","?","?","?","E","?","E","T","$","M","E","?","?","R","BOSS","M","M","?","M","$","R","M","E","T","?","M","M","E","?","R","BOSS","M","?","?","$","?","E","R","?","T","E","M"],"build_version":"2019-01-23","purchased_purges":2,"victory":false,"max_hp_per_floor":[72,72,72,72,72,72,72,72,72,72,72,72,72,72,72,72,72,72,72,72,75,75,75,75,79,79,79,83,83,83,83,83,87,87,91,91,91,98,102,102,102,102,102,112,112],"card_choices":[{"not_picked":["Immolate","Double Tap"],"picked":"Juggernaut","floor":0.0},{"not_picked":["Sever Soul","Perfected Strike","Clash"],"picked":"SKIP","floor":1.0},{"not_picked":["Inflame","Spot Weakness"],"picked":"Shrug It Off","floor":4.0},{"not_picked":["Rampage","Sentinel"],"picked":"Heavy Blade","floor":6.0},{"not_picked":["Wild Strike","Rupture"],"picked":"Havoc","floor":7.0},{"not_picked":["Warcry","Sword Boomerang"],"picked":"Dark Embrace","floor":8.0},{"not_picked":["Flex","Sword Boomerang","Dropkick"],"picked":"SKIP","floor":11.0},{"not_picked":["Cleave","Rampage"],"picked":"Pommel Strike","floor":12.0},{"not_picked":["Brutality","Juggernaut"],"picked":"Feed","floor":16.0},{"not_picked":["Intimidate","Iron Wave"],"picked":"Shrug It Off","floor":18.0},{"not_picked":["Fire Breathing","Flex","Anger+1"],"picked":"SKIP","floor":19.0},{"not_picked":["Iron Wave","Fire Breathing"],"picked":"Disarm","floor":21.0},{"not_picked":["Headbutt","Pummel"],"picked":"True Grit+1","floor":24.0},{"not_picked":["Second Wind","Blood for Blood"],"picked":"Seeing Red","floor":25.0},{"not_picked":["Clash+1","Entrench"],"picked":"Havoc","floor":28},{"not_picked":["Iron Wave","Body Slam"],"picked":"Disarm","floor":29},{"not_picked":["Power Through","Corruption+1","Armaments"],"picked":"SKIP","floor":30},{"not_picked":["Impervious","Exhume"],"picked":"Demon Form","floor":33},{"not_picked":["Carnage+1","Twin Strike+1"],"picked":"Heavy Blade+1","floor":35},{"not_picked":["Anger+1","Thunderclap+1","True Grit"],"picked":"SKIP","floor":39},{"not_picked":["Sword Boomerang","Cleave+1"],"picked":"Inflame","floor":40},{"not_picked":["Rupture","Sever Soul+1","Sword Boomerang+1"],"picked":"SKIP","floor":42},{"not_picked":["Armaments","Wild Strike+1"],"picked":"Dual Wield+1","floor":44}],"player_experience":287334,"relics_obtained":[{"floor":6.0,"key":"Lantern"},{"floor":8.0,"key":"Bronze Scales"},{"floor":12.0,"key":"Incense Burner"},{"floor":25.0,"key":"War Paint"},{"floor":26.0,"key":"Paper Frog"},{"floor":30,"key":"Anchor"},{"floor":40,"key":"Happy Flower"},{"floor":43,"key":"Calipers"},{"floor":44,"key":"Pear"}],"event_choices":[{"damage_healed":0.0,"max_hp_gain":0.0,"max_hp_loss":0.0,"gold_gain":75.0,"event_name":"World of Goop","player_choice":"Gather Gold","floor":2.0,"gold_loss":0.0,"damage_taken":11.0},{"damage_healed":0.0,"max_hp_gain":0.0,"max_hp_loss":0.0,"gold_gain":0.0,"event_name":"Accursed Blacksmith","player_choice":"Rummage","floor":3.0,"gold_loss":0.0,"damage_taken":0.0,"relics_obtained":["WarpedTongs"],"cards_obtained":["Pain"]},{"damage_healed":0.0,"max_hp_gain":0.0,"max_hp_loss":0.0,"gold_gain":0.0,"event_name":"The Woman in Blue","player_choice":"Bought 2 Potions","floor":5.0,"gold_loss":0.0,"damage_taken":0.0},{"damage_healed":0.0,"max_hp_gain":0.0,"max_hp_loss":0.0,"gold_gain":66.0,"event_name":"Golden Wing","player_choice":"Gained Gold","floor":13.0,"gold_loss":0.0,"damage_taken":0.0},{"cards_removed":["Strike_R"],"damage_healed":0.0,"max_hp_gain":0.0,"max_hp_loss":0.0,"gold_gain":0.0,"event_name":"Beggar","player_choice":"Gave Gold","floor":20.0,"gold_loss":75.0,"damage_taken":0.0},{"cards_removed":["Strike_R"],"damage_healed":0.0,"max_hp_gain":0.0,"max_hp_loss":0.0,"gold_gain":0.0,"event_name":"Back to Basics","player_choice":"Elegance","floor":27.0,"gold_loss":0.0,"damage_taken":0.0},{"damage_healed":58,"gold_gain":0,"player_choice":"Full Heal","damage_taken":0,"max_hp_gain":0,"max_hp_loss":0,"event_name":"Wheel of Change","floor":31,"gold_loss":0},{"damage_healed":0,"gold_gain":0,"player_choice":"Embrace Madness","damage_taken":11,"max_hp_gain":0,"max_hp_loss":0,"event_name":"Winding Halls","floor":36,"gold_loss":0,"cards_obtained":["Madness","Madness"]},{"cards_removed":["Defend_R"],"damage_healed":0,"gold_gain":0,"player_choice":"Card Removal","damage_taken":0,"max_hp_gain":0,"max_hp_loss":0,"event_name":"Wheel of Change","floor":37,"gold_loss":0}],"is_beta":false,"boss_relics":[{"not_picked":["Eternal Feather","Busted Crown"],"picked":"Astrolabe"},{"not_picked":["Runic Dome","Black Blood"],"picked":"Empty Cage"}],"items_purged_floors":[10,14],"is_endless":false,"potions_floor_spawned":[1,7,11,18,24,28,29,33,35,40,42],"killed_by":"Spire Growth","ascension_level":1}