{"gold_per_floor":[211,211,34,209,219,247,247,279,279,279,295,315,344,407,407,504,504,521,20,120,134,148,148,160,160,160,194,194,109,109,124,124,228,228,246,246,73,90,103,136,136,163,214,214,214,6,35,35,35,35,35,35,35,61,61],"floor_reached":55,"playtime":3650,"items_purged":["Regret","Doubt","Pain"],"score":905,"play_id":"fde4621c-5e19-4423-9205-bc96f2d9572c","local_time":"20190205212446","is_ascension_mode":true,"campfire_choices":[{"floor":7,"key":"REST"},{"floor":10,"key":"REST"},{"floor":15,"key":"REST"},{"data":"Apotheosis","floor":23,"key":"SMITH"},{"data":"Secret Weapon","floor":25,"key":"SMITH"},{"data":"Seeing Red","floor":28,"key":"SMITH"},{"floor":30,"key":"RECALL"},{"floor":32,"key":"REST"},{"data":"Barricade","floor":41,"key":"SMITH"},{"floor":45,"key":"REST"},{"floor":49,"key":"REST"},{"data":"Evolve","floor":52,"key":"SMITH"}],"neow_cost":"NONE","seed_source_timestamp":210478157560903,"circlet_count":0,"master_deck":["Strike_R","Strike_R","Strike_R","Strike_R","Strike_R","Defend_R","Defend_R","Defend_R","Defend_R","Bash","Apotheosis+1","Body Slam","Evolve+1","Carnage","Entrench","Heavy Blade","Reaper","Seeing Red+1","Secret Weapon+1","Havoc","Reaper","Shrug It Off","Battle Trance","True Grit","Barricade+1","Shockwave","Flame Barrier","Immolate","Juggernaut","Panache","Finesse","Havoc","Madness","Madness","Pommel Strike"],"relics":["Burning Blood","Charon\u0027s Ashes","Oddly Smooth Stone","Red Skull","Du-Vu Doll","Dodecahedron","Black Star","Toolbox","Bird Faced Urn","Meat on the Bone","Bottled Tornado","Mercury Hourglass","Bottled Lightning","Centennial Puzzle","Mark of Pain","WarpedTongs","Ornamental Fan","PreservedInsect","Gambling Chip","Art of War","Shuriken","Smiling Mask","Blood Vial","Happy Flower"],"potions_floor_usage":[12,20,20,21,22,35,40,40,47],"damage_taken":[{"damage":6,"enemies":"Jaw Worm","floor":1,"turns":4},{"damage":8,"enemies":"2 Louse","floor":5,"turns":3},{"damage":52,"enemies":"Gremlin Nob","floor":6,"turns":5},{"damage":33,"enemies":"Lagavulin","floor":8,"turns":7},{"damage":4,"enemies":"Small Slimes","floor":11,"turns":4},{"damage":17,"enemies":"Exordium Wildlife","floor":12,"turns":4},{"damage":23,"enemies":"Gremlin Nob","floor":13,"turns":4},{"damage":43,"enemies":"Hexaghost","floor":16,"turns":8},{"damage":49,"enemies":"Shell Parasite","floor":18,"turns":6},{"damage":24,"enemies":"Colosseum Slavers","floor":20,"turns":3},{"damage":31,"enemies":"Colosseum Nobs","floor":20,"turns":4},{"damage":11,"enemies":"2 Thieves","floor":21,"turns":2},{"damage":28,"enemies":"Snake Plant","floor":22,"turns":3},{"damage":26,"enemies":"Centurion and Healer","floor":24,"turns":6},{"damage":90,"enemies":"Slavers","floor":27,"turns":6},{"damage":9,"enemies":"3 Cultists","floor":31,"turns":3},{"damage":9,"enemies":"Collector","floor":33,"turns":6},{"damage":9,"enemies":"3 Shapes","floor":35,"turns":2},{"damage":15,"enemies":"3 Darklings","floor":38,"turns":3},{"damage":12,"enemies":"Jaw Worm Horde","floor":39,"turns":4},{"damage":11,"enemies":"Reptomancer","floor":40,"turns":4},{"damage":36,"enemies":"Nemesis","floor":42,"turns":8},{"damage":26,"enemies":"Reptomancer","floor":47,"turns":4},{"damage":32,"enemies":"Time Eater","floor":50,"turns":10},{"damage":30,"enemies":"Shield and Spear","floor":54,"turns":3},{"damage":94,"enemies":"The Heart","floor":55,"turns":3}],"seed_played":"5265489568780753784","potions_obtained":[{"floor":6,"key":"LiquidBronze"},{"floor":12,"key":"Fruit Juice"},{"floor":16,"key":"Fire Potion"},{"floor":18,"key":"Explosive Potion"},{"floor":20,"key":"Energy Potion"},{"floor":27,"key":"Explosive Potion"},{"floor":31,"key":"GamblersBrew"},{"floor":33,"key":"Dexterity Potion"},{"floor":38,"key":"Regen Potion"},{"floor":54,"key":"Fire Potion"}],"is_trial":false,"path_per_floor":["M","?","$","?","M","E","R","E","T","R","M","M","E","?","R","B",null,"M","$","?","M","M","R","M","R","T","E","R","?","R","M","R","B",null,"M","?","$","M","M","E","R","E","T","?","R","$","E","?","R","B",null,"R","$","E","B"],"character_chosen":"IRONCLAD","items_purchased":["Apotheosis","Toolbox","Seeing Red","Secret Weapon","Shockwave","Finesse"],"campfire_rested":6,"item_purchase_floors":[3,19,19,19,37,46],"current_hp_per_floor":[80,80,80,80,78,32,56,29,29,53,55,49,32,32,57,20,85,42,42,15,42,40,40,58,58,58,30,30,30,30,59,84,85,85,85,85,85,85,85,85,85,67,67,67,85,85,74,63,85,68,85,85,85,61,0],"gold":61,"neow_bonus":"HUNDRED_GOLD","is_prod":false,"is_daily":false,"chose_seed":false,"campfire_upgraded":5,"win_rate":0,"timestamp":1549430686,"path_taken":["M","?","$","?","M","E","R","E","T","R","M","?","E","?","R","BOSS","M","$","?","M","M","R","M","R","T","E","R","?","R","M","R","BOSS","M","?","$","?","M","E","R","E","T","?","R","?","E","?","R","BOSS","R","$","E","BOSS"],"build_version":"2019-01-23","purchased_purges":3,"victory":false,"max_hp_per_floor":[80,80,80,80,80,80,80,80,80,80,80,85,85,85,85,85,85,85,85,85,85,85,85,85,85,85,85,85,85,85,85,85,85,85,85,85,85,85,85,85,85,85,85,85,85,85,85,85,85,85,85,85,85,85,85],"card_choices":[{"not_picked":["Sword Boomerang","Clothesline","Twin Strike"],"picked":"SKIP","floor":1},{"not_picked":["Perfected Strike","Dual Wield","Iron Wave"],"picked":"SKIP","floor":5},{"not_picked":["Berserk","Rampage"],"picked":"Body Slam","floor":6},{"not_picked":["Clash","Rupture"],"picked":"Evolve","floor":8},{"not_picked":["Clothesline","Cleave"],"picked":"Carnage","floor":11},{"not_picked":["Twin Strike","Thunderclap"],"picked":"Entrench","floor":12},{"not_picked":["Sword Boomerang","Twin Strike"],"picked":"Heavy Blade","floor":13},{"not_picked":["Brutality","Berserk"],"picked":"Reaper","floor":16},{"not_picked":["Cleave","Wild Strike+1","Sword Boomerang"],"picked":"SKIP","floor":18},{"not_picked":["Iron Wave+1","Flex"],"picked":"Havoc","floor":20},{"not_picked":["Headbutt","Burning Pact+1"],"picked":"Reaper","floor":21},{"not_picked":["Armaments","Wild Strike+1"],"picked":"Shrug It Off","floor":22},{"not_picked":["Body Slam","Clash","Dual Wield+1"],"picked":"SKIP","floor":24},{"not_picked":["Burning Pact","Dropkick"],"picked":"Battle Trance","floor":27},{"not_picked":["Warcry","Clash"],"picked":"True Grit","floor":31},{"not_picked":["Double Tap","Dark Embrace"],"picked":"Barricade","floor":33},{"not_picked":["Heavy Blade+1","Cleave","Combust"],"picked":"SKIP","floor":35},{"not_picked":["Headbutt+1","Feel No Pain+1"],"picked":"Flame Barrier","floor":38},{"not_picked":["Second Wind+1","Anger"],"picked":"Immolate","floor":39},{"not_picked":["Second Wind+1","Power Through+1","Dual Wield+1"],"picked":"SKIP","floor":40},{"not_picked":["Fiend Fire","Twin Strike"],"picked":"Juggernaut","floor":42},{"not_picked":["Panacea","Mind Blast"],"picked":"Panache","floor":44},{"not_picked":["Intimidate","Body Slam"],"picked":"Havoc","floor":47},{"not_picked":["Sword Boomerang+1","Reaper"],"picked":"Pommel Strike","floor":54}],"player_experience":283684,"relics_obtained":[{"floor":6,"key":"Oddly Smooth Stone"},{"floor":8,"key":"Red Skull"},{"floor":9,"key":"Du-Vu Doll"},{"floor":13,"key":"Dodecahedron"},{"floor":20,"key":"Bird Faced Urn"},{"floor":20,"key":"Meat on the Bone"},{"floor":26,"key":"Bottled Tornado"},{"floor":27,"key":"Mercury Hourglass"},{"floor":27,"key":"Bottled Lightning"},{"floor":40,"key":"Ornamental Fan"},{"floor":40,"key":"PreservedInsect"},{"floor":42,"key":"Gambling Chip"},{"floor":42,"key":"Art of War"},{"floor":47,"key":"Shuriken"},{"floor":47,"key":"Smiling Mask"},{"floor":54,"key":"Blood Vial"},{"floor":54,"key":"Happy Flower"}],"event_choices":[{"damage_healed":0,"gold_gain":0,"player_choice":"Box","damage_taken":0,"relics_obtained":["Charon\u0027s Ashes"],"max_hp_gain":0,"max_hp_loss":0,"event_name":"Big Fish","floor":2,"gold_loss":0,"cards_obtained":["Regret"]},{"damage_healed":0,"gold_gain":175,"player_choice":"AGREE","damage_taken":0,"max_hp_gain":0,"max_hp_loss":0,"event_name":"Liars Game","floor":4,"gold_loss":0,"cards_obtained":["Doubt"]},{"damage_healed":0,"gold_gain":63,"player_choice":"Gained Gold","damage_taken":0,"max_hp_gain":0,"max_hp_loss":0,"event_name":"Golden Wing","floor":14,"gold_loss":0},{"damage_healed":0,"gold_gain":0,"player_choice":"Fight","damage_taken":0,"max_hp_gain":0,"max_hp_loss":0,"event_name":"Colosseum","floor":20,"gold_loss":0},{"damage_healed":0,"gold_gain":0,"player_choice":"Fought Nobs","damage_taken":0,"max_hp_gain":0,"max_hp_loss":0,"event_name":"Colosseum","floor":20,"gold_loss":0},{"damage_healed":0,"gold_gain":0,"player_choice":"Obtained Relic","damage_taken":0,"relics_obtained":["Centennial Puzzle"],"max_hp_gain":0,"max_hp_loss":0,"event_name":"Addict","floor":29,"gold_loss":85},{"damage_healed":0,"gold_gain":0,"player_choice":"Rummage","damage_taken":0,"relics_obtained":["WarpedTongs"],"max_hp_gain":0,"max_hp_loss":0,"event_name":"Accursed Blacksmith","floor":36,"gold_loss":0,"cards_obtained":["Pain"]},{"damage_healed":0,"gold_gain":0,"player_choice":"Memory 1","damage_taken":0,"max_hp_gain":0,"max_hp_loss":0,"event_name":"SensoryStone","floor":44,"gold_loss":0},{"damage_healed":0,"gold_gain":0,"player_choice":"Embrace Madness","damage_taken":11,"max_hp_gain":0,"max_hp_loss":0,"event_name":"Winding Halls","floor":48,"gold_loss":0,"cards_obtained":["Madness","Madness"]}],"is_beta":false,"boss_relics":[{"not_picked":["Calling Bell","Velvet Choker"],"picked":"Black Star"},{"not_picked":["Lizard Tail","Coffee Dripper"],"picked":"Mark of Pain"}],"items_purged_floors":[19,37,46],"is_endless":false,"potions_floor_spawned":[6,12,16,18,20,27,31,33,38,39,54],"killed_by":"The Heart","ascension_level":1}