{"gold_per_floor":[118,154,79,79,354,383,395,448,516,554,131,168,168,185,185,185],"floor_reached":16,"playtime":739,"items_purged":["Doubt","Regret"],"score":118,"play_id":"c59c1a84-e5d4-43fc-8538-6575d7a7344c","local_time":"20190126105255","is_ascension_mode":true,"campfire_choices":[{"floor":15,"key":"REST"}],"neow_cost":"CURSE","seed_source_timestamp":389829827994,"circlet_count":0,"master_deck":["Strike_R+1","Strike_R","Strike_R","Strike_R","Strike_R","Defend_R+1","Defend_R","Defend_R","Defend_R","Bash","Discovery","HandOfGreed","Thunderclap","Iron Wave","Hemokinesis","Rupture","Cleave","Offering","Dropkick","Warcry"],"relics":["Burning Blood","Ginger","PreservedInsect","Paper Frog","Gremlin Horn","Ancient Tea Set"],"potions_floor_usage":[6,10,10],"damage_taken":[{"damage":0,"enemies":"Small Slimes","floor":1,"turns":3},{"damage":7,"enemies":"2 Louse","floor":2,"turns":2},{"damage":31,"enemies":"Gremlin Nob","floor":6,"turns":4},{"damage":0,"enemies":"Cultist","floor":7,"turns":2},{"damage":33,"enemies":"3 Sentries","floor":8,"turns":6},{"damage":2,"enemies":"Gremlin Gang","floor":10,"turns":5},{"damage":3,"enemies":"Looter","floor":12,"turns":3},{"damage":7,"enemies":"Blue Slaver","floor":14,"turns":3},{"damage":48,"enemies":"The Guardian","floor":16,"turns":6}],"seed_played":"-8056415215689937659","potions_obtained":[{"floor":2,"key":"SteroidPotion"},{"floor":7,"key":"Swift Potion"},{"floor":8,"key":"EssenceOfSteel"}],"is_trial":false,"path_per_floor":["M","M","$","?","?","E","M","E","T","M","$","M","?","M","R","B"],"character_chosen":"IRONCLAD","items_purchased":["Gremlin Horn","Dropkick"],"campfire_rested":1,"item_purchase_floors":[11,11],"current_hp_per_floor":[80,79,79,63,63,38,44,17,17,21,21,24,17,16,40,0],"gold":185,"neow_bonus":"RANDOM_COLORLESS_2","is_prod":false,"is_daily":false,"chose_seed":false,"campfire_upgraded":0,"win_rate":0,"timestamp":1548478375,"path_taken":["M","M","$","?","?","E","?","E","T","?","$","M","?","M","R","BOSS"],"build_version":"2019-01-23","purchased_purges":2,"victory":false,"max_hp_per_floor":[80,80,80,80,80,80,80,80,80,80,80,80,80,80,80,80],"card_choices":[{"not_picked":["Clash","Flex"],"picked":"Thunderclap","floor":1},{"not_picked":["Searing Blow","Flame Barrier"],"picked":"Iron Wave","floor":2},{"not_picked":["Whirlwind","Rampage"],"picked":"Hemokinesis","floor":6},{"not_picked":["True Grit","Flex"],"picked":"Rupture","floor":7},{"not_picked":["Burning Pact","Flame Barrier"],"picked":"Cleave","floor":8},{"not_picked":["Spot Weakness","Second Wind"],"picked":"Offering","floor":10},{"not_picked":["Intimidate","Cleave"],"picked":"Warcry","floor":12},{"not_picked":["Metallicize","Perfected Strike","Warcry"],"picked":"SKIP","floor":14}],"player_experience":658696,"relics_obtained":[{"floor":6,"key":"Ginger"},{"floor":8,"key":"PreservedInsect"},{"floor":9,"key":"Paper Frog"}],"event_choices":[{"damage_healed":0,"gold_gain":0,"player_choice":"Entered Light","damage_taken":16,"max_hp_gain":0,"max_hp_loss":0,"event_name":"Shining Light","floor":4,"gold_loss":0,"cards_upgraded":["Strike_R","Defend_R"]},{"damage_healed":0,"gold_gain":275,"player_choice":"Desecrate","damage_taken":0,"max_hp_gain":0,"max_hp_loss":0,"event_name":"Golden Shrine","floor":5,"gold_loss":0,"cards_obtained":["Regret"]},{"damage_healed":0,"gold_gain":0,"player_choice":"Success","damage_taken":7,"relics_obtained":["Ancient Tea Set"],"max_hp_gain":0,"max_hp_loss":0,"event_name":"Scrap Ooze","floor":13,"gold_loss":0}],"is_beta":false,"boss_relics":[],"items_purged_floors":[3,11],"is_endless":false,"potions_floor_spawned":[2,7,8],"killed_by":"The Guardian","ascension_level":1}