{"gold_per_floor":[117,133,133,146,3,3,17,44,44,56,67,17,17,34,34,135,135,100,100,100,114,126,126,138,167,167,179,179],"floor_reached":28,"playtime":2273,"items_purged":[],"score":244,"play_id":"add9d27e-e679-4fd8-b2c0-a38a09e1245c","local_time":"20190208132336","is_ascension_mode":false,"campfire_choices":[{"data":"True Grit","floor":6,"key":"SMITH"},{"data":"True Grit","floor":15,"key":"SMITH"},{"data":"Juggernaut","floor":23,"key":"SMITH"}],"neow_cost":"TEN_PERCENT_HP_LOSS","seed_source_timestamp":354850219948022,"circlet_count":0,"master_deck":["Strike_R","Strike_R","Strike_R","Strike_R","Defend_R","Defend_R","Defend_R","Defend_R","Bash","Purity","True Grit+1","Evolve","Sword Boomerang","Hemokinesis","Juggernaut+1","Havoc","True Grit+1","Fiend Fire","Shrug It Off","Anger","Iron Wave","Iron Wave","Armaments","Metallicize+1","Anger"],"relics":["Burning Blood","FossilizedHelix","Orichalcum","Gambling Chip","Champion Belt","Orrery","Omamori","StoneCalendar"],"potions_floor_usage":[8,11,16,16,27,28,28],"damage_taken":[{"damage":4,"enemies":"2 Louse","floor":1,"turns":4},{"damage":13,"enemies":"Cultist","floor":2,"turns":7},{"damage":0,"enemies":"Small Slimes","floor":4,"turns":4},{"damage":0,"enemies":"2 Fungi Beasts","floor":7,"turns":3},{"damage":30,"enemies":"Gremlin Nob","floor":8,"turns":6},{"damage":0,"enemies":"Exordium Wildlife","floor":10,"turns":4},{"damage":21,"enemies":"Gremlin Gang","floor":11,"turns":7},{"damage":15,"enemies":"Lots of Slimes","floor":14,"turns":4},{"damage":14,"enemies":"The Guardian","floor":16,"turns":13},{"damage":15,"enemies":"2 Thieves","floor":18,"turns":5},{"damage":0,"enemies":"Chosen","floor":21,"turns":5},{"damage":8,"enemies":"Shelled Parasite and Fungi","floor":22,"turns":9},{"damage":20,"enemies":"Sentry and Sphere","floor":24,"turns":6},{"damage":11,"enemies":"Book of Stabbing","floor":25,"turns":7},{"damage":10,"enemies":"Snake Plant","floor":27,"turns":5},{"damage":62,"enemies":"Gremlin Leader","floor":28,"turns":7}],"seed_played":"4805128983623646050","potions_obtained":[{"floor":7,"key":"SkillPotion"},{"floor":8,"key":"Swift Potion"},{"floor":11,"key":"Fire Potion"},{"floor":14,"key":"LiquidBronze"},{"floor":22,"key":"EssenceOfSteel"},{"floor":25,"key":"Swift Potion"},{"floor":27,"key":"BloodPotion"}],"is_trial":false,"path_per_floor":["M","M","?","M","$","R","M","E","T","M","M","?","$","M","R","B",null,"M","?","?","M","M","R","M","E","T","M","E"],"character_chosen":"IRONCLAD","items_purchased":["Orichalcum"],"campfire_rested":0,"item_purchase_floors":[5],"current_hp_per_floor":[72,65,65,71,71,71,72,48,48,54,39,39,39,30,30,22,72,63,63,63,69,67,67,53,48,48,44,0],"gold":179,"neow_bonus":"RANDOM_COLORLESS_2","is_prod":false,"is_daily":false,"chose_seed":false,"campfire_upgraded":3,"win_rate":0,"timestamp":1549610616,"path_taken":["M","M","?","M","$","R","M","E","T","?","?","?","$","M","R","BOSS","M","?","?","M","M","R","M","E","T","?","E"],"build_version":"2019-01-23","purchased_purges":0,"victory":false,"max_hp_per_floor":[72,72,72,72,72,72,72,72,72,72,72,72,72,72,72,72,72,72,72,72,72,72,72,72,72,72,72,72],"card_choices":[{"not_picked":["Flame Barrier","Sword Boomerang"],"picked":"True Grit","floor":1},{"not_picked":["Headbutt","Rupture"],"picked":"Evolve","floor":2},{"not_picked":["Warcry","Heavy Blade"],"picked":"Sword Boomerang","floor":4},{"not_picked":["Bloodletting","Cleave"],"picked":"Hemokinesis","floor":7},{"not_picked":["True Grit","Armaments"],"picked":"Juggernaut","floor":8},{"not_picked":["Clash","Body Slam","Inflame"],"picked":"SKIP","floor":10},{"not_picked":["Headbutt","Inflame"],"picked":"Havoc","floor":11},{"not_picked":["Sword Boomerang","Twin Strike"],"picked":"True Grit","floor":14},{"not_picked":["Limit Break","Impervious"],"picked":"Fiend Fire","floor":16},{"not_picked":["Havoc","Sever Soul"],"picked":"Shrug It Off","floor":17},{"not_picked":["Fire Breathing","Cleave"],"picked":"Anger","floor":17},{"not_picked":["Dropkick","Sever Soul"],"picked":"Iron Wave","floor":17},{"not_picked":["Armaments","Limit Break"],"picked":"Iron Wave","floor":17},{"not_picked":["True Grit","Thunderclap"],"picked":"Armaments","floor":17},{"not_picked":["Cleave","Clothesline"],"picked":"Metallicize+1","floor":18},{"not_picked":["Body Slam","Clash","Warcry"],"picked":"SKIP","floor":21},{"not_picked":["Heavy Blade","Shockwave+1","Hemokinesis"],"picked":"SKIP","floor":22},{"not_picked":["Entrench+1","Double Tap","True Grit"],"picked":"SKIP","floor":24},{"not_picked":["Cleave+1","Headbutt","Berserk"],"picked":"SKIP","floor":25},{"not_picked":["Warcry","Whirlwind"],"picked":"Anger","floor":27}],"player_experience":751843,"relics_obtained":[{"floor":8,"key":"Gambling Chip"},{"floor":9,"key":"Champion Belt"},{"floor":25,"key":"StoneCalendar"}],"event_choices":[{"cards_removed":["Apotheosis"],"damage_healed":0,"gold_gain":0,"player_choice":"Gave Card","damage_taken":0,"relics_obtained":["FossilizedHelix"],"max_hp_gain":0,"max_hp_loss":0,"event_name":"WeMeetAgain","floor":3,"gold_loss":0},{"cards_removed":["Strike_R"],"damage_healed":0,"gold_gain":0,"player_choice":"Card Removal","damage_taken":0,"max_hp_gain":0,"max_hp_loss":0,"event_name":"The Cleric","floor":12,"gold_loss":50},{"damage_healed":0,"gold_gain":0,"player_choice":"Opened","damage_taken":0,"relics_obtained":["Omamori"],"max_hp_gain":0,"max_hp_loss":0,"event_name":"The Mausoleum","floor":19,"gold_loss":0},{"damage_healed":0,"gold_gain":0,"player_choice":"Ignored","damage_taken":0,"max_hp_gain":0,"max_hp_loss":0,"event_name":"NoteForYourself","floor":20,"gold_loss":0}],"is_beta":false,"boss_relics":[{"not_picked":["White Beast Statue","Sozu"],"picked":"Orrery"}],"items_purged_floors":[],"is_endless":false,"potions_floor_spawned":[7,8,11,14,22,25,27],"killed_by":"Gremlin Leader","ascension_level":0}