{"gold_per_floor":[115,115,290,307,321,348,361,61,87,121,121,121,121,148,148,252,252,264,281,196,121,46,71,71,81,108,108,108,142,142,168,168,266,266,285,333,349,349,349,349,377,377,377,599,614,614,633,118,118,118,118,118,31,66,66],"floor_reached":55,"playtime":3338,"items_purged":["Strike_R","Strike_R"],"score":796,"play_id":"06bcfe5c-5e7f-4f98-9928-a6dac31613b8","local_time":"20190119205608","is_ascension_mode":false,"campfire_choices":[{"floor":11,"key":"REST"},{"floor":15,"key":"RECALL"},{"data":"Bludgeon","floor":24,"key":"SMITH"},{"floor":28,"key":"REST"},{"floor":30,"key":"REST"},{"floor":32,"key":"REST"},{"data":"Bash","floor":40,"key":"SMITH"},{"floor":42,"key":"REST"},{"data":"Writhe","floor":49,"key":"PURGE"},{"data":"Havoc","floor":52,"key":"SMITH"}],"neow_cost":"CURSE","seed_source_timestamp":35772440452635,"circlet_count":0,"master_deck":["Strike_R","Strike_R","Defend_R","Defend_R","Defend_R","Defend_R","Bash+1","Bludgeon+1","Headbutt","Anger","True Grit","Havoc+1","Burning Pact","Double Tap","True Grit","Clothesline","Impervious","Flash of Steel","Violence","Warcry","Blind"],"relics":["Burning Blood","Bag of Preparation","Potion Belt","WingedGreaves","Pen Nib","PreservedInsect","Spirit Poop","Bag of Marbles","Busted Crown","Peace Pipe","Matryoshka","Bronze Scales","Strawberry","Singing Bowl","Red Mask","Velvet Choker","Dead Branch","Orichalcum","Pantograph","Art of War"],"potions_floor_usage":[6,14,16,29,33,50,50,50,50],"damage_taken":[{"damage":6,"enemies":"Jaw Worm","floor":1,"turns":2},{"damage":5,"enemies":"Small Slimes","floor":4,"turns":2},{"damage":3,"enemies":"2 Louse","floor":5,"turns":2},{"damage":26,"enemies":"3 Sentries","floor":6,"turns":6},{"damage":13,"enemies":"Gremlin Gang","floor":7,"turns":6},{"damage":36,"enemies":"Lagavulin","floor":10,"turns":6},{"damage":11,"enemies":"Gremlin Nob","floor":14,"turns":3},{"damage":31,"enemies":"Hexaghost","floor":16,"turns":7},{"damage":8,"enemies":"2 Thieves","floor":18,"turns":4},{"damage":3,"enemies":"Spheric Guardian","floor":19,"turns":3},{"damage":13,"enemies":"Gremlin Leader","floor":23,"turns":2},{"damage":34,"enemies":"3 Cultists","floor":25,"turns":5},{"damage":31,"enemies":"Slavers","floor":29,"turns":6},{"damage":11,"enemies":"Masked Bandits","floor":31,"turns":4},{"damage":72,"enemies":"Champ","floor":33,"turns":8},{"damage":18,"enemies":"3 Darklings","floor":35,"turns":6},{"damage":49,"enemies":"2 Orb Walkers","floor":36,"turns":5},{"damage":5,"enemies":"3 Shapes","floor":37,"turns":7},{"damage":30,"enemies":"Reptomancer","floor":41,"turns":4},{"damage":5,"enemies":"Spire Growth","floor":45,"turns":3},{"damage":8,"enemies":"Transient","floor":47,"turns":5},{"damage":89,"enemies":"Donu and Deca","floor":50,"turns":9},{"damage":28,"enemies":"Shield and Spear","floor":54,"turns":4},{"damage":116,"enemies":"The Heart","floor":55,"turns":8}],"seed_played":"9001347642182617009","potions_obtained":[{"floor":5,"key":"PowerPotion"},{"floor":6,"key":"PowerPotion"},{"floor":14,"key":"PowerPotion"},{"floor":23,"key":"Block Potion"},{"floor":31,"key":"GamblersBrew"},{"floor":33,"key":"Dexterity Potion"},{"floor":35,"key":"LiquidBronze"},{"floor":41,"key":"EssenceOfSteel"},{"floor":45,"key":"LiquidBronze"},{"floor":54,"key":"SteroidPotion"}],"is_trial":false,"path_per_floor":["M","?","?","M","M","E","M","$","T","E","R","?","?","E","R","B",null,"M","M","?","?","$","E","R","M","T","?","R","E","R","?","R","B",null,"M","?","M","?","?","R","E","R","T","?","M","?","M","$","R","B",null,"R","$","E","B"],"character_chosen":"IRONCLAD","items_purchased":["WingedGreaves","FairyPotion","SneckoOil","Violence","Warcry","Blind"],"campfire_rested":5,"item_purchase_floors":[8,48,48,48,48,53],"current_hp_per_floor":[80,73,73,74,77,57,50,50,50,20,44,44,44,39,39,14,80,78,80,80,80,80,73,73,45,52,36,62,39,65,62,89,23,91,81,40,43,43,43,43,21,50,50,50,53,78,78,78,78,20,103,103,103,83,0],"gold":66,"neow_bonus":"THREE_RARE_CARDS","is_prod":false,"is_daily":false,"chose_seed":false,"campfire_upgraded":3,"win_rate":0,"timestamp":1547909768,"path_taken":["M","?","?","?","M","E","M","$","T","E","R","?","?","E","R","BOSS","M","?","?","?","$","E","R","M","T","?","R","E","R","?","R","BOSS","M","?","M","?","?","R","E","R","T","?","M","?","M","?","R","BOSS","R","$","E","BOSS"],"build_version":"2019-01-17v2","purchased_purges":2,"victory":false,"max_hp_per_floor":[80,80,80,80,80,80,80,80,80,80,80,80,80,80,80,80,80,80,80,80,80,80,80,80,80,87,87,87,89,89,91,91,91,91,93,95,97,97,97,97,99,99,99,99,101,101,103,103,103,103,103,103,103,105,105],"card_choices":[{"not_picked":["Berserk","Brutality"],"picked":"Bludgeon","floor":0},{"not_picked":["Pommel Strike","Shrug It Off"],"picked":"Cleave","floor":1},{"not_picked":["Iron Wave","Whirlwind"],"picked":"Headbutt","floor":4},{"not_picked":["Sword Boomerang","Combust"],"picked":"Anger","floor":5},{"not_picked":["Clothesline","Fiend Fire"],"picked":"True Grit","floor":6},{"not_picked":["Shrug It Off","Iron Wave"],"picked":"Havoc","floor":7},{"not_picked":["Warcry","Hemokinesis","Body Slam"],"picked":"SKIP","floor":10},{"not_picked":["Clash","Rage"],"picked":"Burning Pact","floor":14},{"not_picked":["Dark Embrace","Demon Form"],"picked":"Double Tap","floor":16},{"not_picked":[],"picked":"True Grit","floor":18},{"not_picked":["Pommel Strike"],"picked":"SKIP","floor":19},{"not_picked":["Shrug It Off"],"picked":"SKIP","floor":23},{"not_picked":[],"picked":"Clothesline","floor":25},{"not_picked":["Whirlwind"],"picked":"Singing Bowl","floor":29},{"not_picked":["Twin Strike"],"picked":"Singing Bowl","floor":31},{"not_picked":[],"picked":"Impervious","floor":33},{"not_picked":["Clothesline"],"picked":"Singing Bowl","floor":35},{"not_picked":["Twin Strike+1"],"picked":"Singing Bowl","floor":36},{"not_picked":["Sever Soul+1"],"picked":"Singing Bowl","floor":37},{"not_picked":[],"picked":"Flash of Steel","floor":39},{"not_picked":["Pommel Strike"],"picked":"Singing Bowl","floor":41},{"not_picked":["Heavy Blade"],"picked":"Singing Bowl","floor":45},{"not_picked":["Iron Wave+1"],"picked":"Singing Bowl","floor":47},{"not_picked":["Immolate"],"picked":"Singing Bowl","floor":54}],"player_experience":602767,"relics_obtained":[{"floor":6,"key":"Potion Belt"},{"floor":9,"key":"Pen Nib"},{"floor":10,"key":"PreservedInsect"},{"floor":14,"key":"Bag of Marbles"},{"floor":23,"key":"Matryoshka"},{"floor":26,"key":"Bronze Scales"},{"floor":26,"key":"Strawberry"},{"floor":29,"key":"Singing Bowl"},{"floor":31,"key":"Red Mask"},{"floor":36,"key":"Dead Branch"},{"floor":41,"key":"Orichalcum"},{"floor":43,"key":"Pantograph"},{"floor":54,"key":"Art of War"}],"event_choices":[{"damage_healed":0,"gold_gain":0,"player_choice":"Success","damage_taken":7,"relics_obtained":["Bag of Preparation"],"max_hp_gain":0,"max_hp_loss":0,"event_name":"Scrap Ooze","floor":2,"gold_loss":0},{"damage_healed":0,"gold_gain":175,"player_choice":"AGREE","damage_taken":0,"max_hp_gain":0,"max_hp_loss":0,"event_name":"Liars Game","floor":3,"gold_loss":0,"cards_obtained":["Doubt"]},{"cards_removed":["Doubt"],"damage_healed":0,"gold_gain":0,"player_choice":"Forget","damage_taken":0,"max_hp_gain":0,"max_hp_loss":0,"event_name":"Living Wall","floor":12,"gold_loss":0},{"cards_removed":["Shame"],"damage_healed":0,"gold_gain":0,"player_choice":"Offered Curse","damage_taken":0,"relics_obtained":["Spirit Poop"],"max_hp_gain":0,"max_hp_loss":0,"event_name":"Bonfire Elementals","floor":13,"gold_loss":0},{"damage_healed":0,"gold_gain":0,"player_choice":"Obtained Relic","damage_taken":0,"relics_obtained":["Peace Pipe"],"max_hp_gain":0,"max_hp_loss":0,"event_name":"Addict","floor":20,"gold_loss":85},{"cards_removed":["Strike_R"],"damage_healed":0,"gold_gain":0,"player_choice":"Gave Gold","damage_taken":0,"max_hp_gain":0,"max_hp_loss":0,"event_name":"Beggar","floor":21,"gold_loss":75},{"damage_healed":0,"gold_gain":0,"player_choice":"Obtained Book","damage_taken":16,"max_hp_gain":0,"max_hp_loss":0,"event_name":"Cursed Tome","floor":27,"gold_loss":0},{"damage_healed":0,"gold_gain":0,"player_choice":"Fought Bandits","damage_taken":0,"max_hp_gain":0,"max_hp_loss":0,"event_name":"Masked Bandits","floor":31,"gold_loss":0},{"damage_healed":0,"gold_gain":0,"player_choice":"Fight","damage_taken":0,"max_hp_gain":0,"max_hp_loss":0,"event_name":"Mysterious Sphere","floor":36,"gold_loss":0},{"cards_removed":["Cleave"],"damage_healed":0,"gold_gain":0,"player_choice":"Removed Attack","damage_taken":0,"max_hp_gain":0,"max_hp_loss":0,"event_name":"Falling","floor":38,"gold_loss":0},{"damage_healed":0,"gold_gain":0,"player_choice":"Memory 1","damage_taken":0,"max_hp_gain":0,"max_hp_loss":0,"event_name":"SensoryStone","floor":39,"gold_loss":0},{"damage_healed":0,"gold_gain":222,"player_choice":"Wore Mask","damage_taken":0,"max_hp_gain":0,"max_hp_loss":0,"event_name":"Tomb of Lord Red Mask","floor":44,"gold_loss":0},{"damage_healed":25,"gold_gain":0,"player_choice":"Writhe","damage_taken":0,"max_hp_gain":0,"max_hp_loss":0,"event_name":"Winding Halls","floor":46,"gold_loss":0,"cards_obtained":["Writhe"]}],"is_beta":false,"boss_relics":[{"not_picked":["Orrery","Runic Pyramid"],"picked":"Busted Crown"},{"not_picked":["Empty Cage","Eternal Feather"],"picked":"Velvet Choker"}],"items_purged_floors":[22,48],"is_endless":false,"potions_floor_spawned":[5,6,14,23,31,33,35,41,45,54],"killed_by":"The Heart","ascension_level":0}