{"gold_per_floor":[219,219,234,244,122,156,168,192,231,243,286,298,310,337,349,459,471,502,514,526,556,584,596,622,477,477,195,207,224,239,239,239,336,336,348,69,69,69,2,2],"floor_reached":40,"playtime":3750,"items_purged":["Strike_G","Decay","Strike_G"],"score":540,"play_id":"8edaed00-5bee-4f0c-9622-195e9d9fc813","local_time":"20190206183231","is_ascension_mode":true,"campfire_choices":[{"data":"Infinite Blades","floor":7,"key":"SMITH"},{"data":"Infinite Blades","floor":10,"key":"SMITH"},{"floor":12,"key":"REST"},{"floor":15,"key":"REST"},{"data":"Terror","floor":23,"key":"SMITH"},{"floor":32,"key":"REST"}],"neow_cost":"NONE","seed_source_timestamp":625155751336600,"circlet_count":0,"master_deck":["Defend_G","Defend_G","Defend_G","Defend_G","Defend_G","Strike_G","Strike_G","Survivor","Neutralize","Masterful Stab","Cloak And Dagger","Dodge and Roll","Poisoned Stab","Infinite Blades+1","All Out Attack","Infinite Blades+1","Acrobatics","Dash","Die Die Die","Leg Sweep","PiercingWail","Backflip","PiercingWail","After Image","Swift Strike","Neutralize","Terror+1","Blur+1","Footwork","Noxious Fumes","Escape Plan","Finisher","Leg Sweep","Accuracy+1","Glass Knife","Accuracy","Madness","Madness","Blur"],"relics":["Ring of the Snake","Vajra","MawBank","Bag of Marbles","Snake Skull","Orrery","Paper Crane","WristBlade","Lantern"],"potions_floor_usage":[6,16,24,30,33,35],"damage_taken":[{"damage":4,"enemies":"Small Slimes","floor":1,"turns":6},{"damage":0,"enemies":"Cultist","floor":3,"turns":3},{"damage":0,"enemies":"2 Louse","floor":4,"turns":2},{"damage":8,"enemies":"3 Sentries","floor":6,"turns":8},{"damage":0,"enemies":"Red Slaver","floor":8,"turns":3},{"damage":6,"enemies":"Lagavulin","floor":11,"turns":5},{"damage":8,"enemies":"Looter","floor":14,"turns":2},{"damage":3,"enemies":"Hexaghost","floor":16,"turns":10},{"damage":8,"enemies":"Chosen","floor":18,"turns":4},{"damage":10,"enemies":"2 Thieves","floor":21,"turns":4},{"damage":21,"enemies":"Snake Plant","floor":22,"turns":6},{"damage":4,"enemies":"3 Cultists","floor":24,"turns":4},{"damage":8,"enemies":"Snecko","floor":28,"turns":5},{"damage":0,"enemies":"Snake Plant","floor":29,"turns":5},{"damage":0,"enemies":"3 Cultists","floor":30,"turns":5},{"damage":14,"enemies":"Collector","floor":33,"turns":10},{"damage":34,"enemies":"3 Darklings","floor":35,"turns":6},{"damage":57,"enemies":"Giant Head","floor":40,"turns":7}],"seed_played":"-1631501521601298828","potions_obtained":[{"floor":1,"key":"Fire Potion"},{"floor":4,"key":"Dexterity Potion"},{"floor":14,"key":"SteroidPotion"},{"floor":21,"key":"PowerPotion"},{"floor":22,"key":"SteroidPotion"},{"floor":28,"key":"Block Potion"},{"floor":33,"key":"Dexterity Potion"}],"is_trial":false,"path_per_floor":["M","?","M","M","$","E","R","M","T","R","E","R","?","M","R","B",null,"M","?","?","M","M","R","M","$","T","$","M","M","M","?","R","B",null,"M","$","?","?","$","E"],"character_chosen":"THE_SILENT","items_purchased":["Poisoned Stab","Infinite Blades","Footwork","Noxious Fumes","Escape Plan","Finisher","Lantern","Blur"],"campfire_rested":3,"item_purchase_floors":[5,5,25,27,27,27,36,39],"current_hp_per_floor":[59,26,26,26,26,18,18,18,18,18,12,33,33,25,46,43,63,55,55,55,45,24,24,20,20,20,20,12,12,12,12,33,19,57,23,23,61,53,53,0],"gold":2,"neow_bonus":"HUNDRED_GOLD","is_prod":false,"is_daily":false,"chose_seed":false,"campfire_upgraded":3,"win_rate":0,"timestamp":1549449151,"path_taken":["M","?","M","M","$","E","R","M","T","R","E","R","?","M","R","BOSS","M","?","?","?","M","R","M","$","T","$","M","M","M","?","R","BOSS","M","$","?","?","$","E"],"build_version":"2019-01-23","purchased_purges":3,"victory":false,"max_hp_per_floor":[70,70,70,70,70,70,70,70,70,70,70,70,70,70,70,70,70,70,70,70,70,70,70,70,70,70,70,70,70,70,70,70,70,70,70,70,61,61,61,61],"card_choices":[{"not_picked":["Choke","Reflex"],"picked":"Masterful Stab","floor":1},{"not_picked":["Heel Hook","Setup"],"picked":"Cloak And Dagger","floor":3},{"not_picked":["Bouncing Flask","Acrobatics"],"picked":"Dodge and Roll","floor":4},{"not_picked":["Escape Plan","Catalyst"],"picked":"All Out Attack","floor":6},{"not_picked":["Blur","Masterful Stab"],"picked":"Infinite Blades","floor":8},{"not_picked":["Prepared","Flying Knee"],"picked":"Acrobatics","floor":11},{"not_picked":["Sucker Punch","Riddle With Holes"],"picked":"Dash","floor":14},{"not_picked":["Grand Finale","Storm of Steel"],"picked":"Die Die Die","floor":16},{"not_picked":["PiercingWail","Flying Knee"],"picked":"Leg Sweep","floor":17},{"not_picked":["Reflex","Tools of the Trade"],"picked":"PiercingWail","floor":17},{"not_picked":["Backstab","Flechettes"],"picked":"Backflip","floor":17},{"not_picked":["Cloak And Dagger","Quick Slash"],"picked":"PiercingWail","floor":17},{"not_picked":["Flying Knee","Dodge and Roll"],"picked":"After Image","floor":18},{"not_picked":["Dagger Spray","Blade Dance","Bane"],"picked":"SKIP","floor":21},{"not_picked":["Acrobatics","Backflip"],"picked":"Terror","floor":22},{"not_picked":["Bouncing Flask","Dodge and Roll+1"],"picked":"Blur+1","floor":24},{"not_picked":["All Out Attack","Flying Knee+1"],"picked":"Leg Sweep","floor":28},{"not_picked":["Terror","Dagger Throw","Predator"],"picked":"SKIP","floor":29},{"not_picked":["Corpse Explosion","Dagger Throw"],"picked":"Accuracy+1","floor":30},{"not_picked":["Storm of Steel","Bullet Time"],"picked":"Glass Knife","floor":33},{"not_picked":["Predator","Flying Knee+1"],"picked":"Accuracy","floor":35}],"player_experience":335184,"relics_obtained":[{"floor":6,"key":"MawBank"},{"floor":9,"key":"Bag of Marbles"},{"floor":11,"key":"Snake Skull"},{"floor":26,"key":"Paper Crane"}],"event_choices":[{"damage_healed":0,"gold_gain":0,"player_choice":"Success","damage_taken":33,"relics_obtained":["Vajra"],"max_hp_gain":0,"max_hp_loss":0,"event_name":"Scrap Ooze","floor":2,"gold_loss":0},{"damage_healed":0,"gold_gain":0,"player_choice":"Cursed","damage_taken":0,"max_hp_gain":0,"max_hp_loss":0,"event_name":"Wheel of Change","floor":13,"gold_loss":0,"cards_obtained":["Decay"]},{"damage_healed":0,"gold_gain":0,"player_choice":"Ignored","damage_taken":0,"max_hp_gain":0,"max_hp_loss":0,"event_name":"Cursed Tome","floor":19,"gold_loss":0},{"damage_healed":0,"gold_gain":0,"player_choice":"2 cards matched","damage_taken":0,"max_hp_gain":0,"max_hp_loss":0,"event_name":"Match and Keep!","floor":20,"gold_loss":0,"cards_obtained":["Swift Strike","Neutralize"]},{"cards_removed":["Strike_G"],"damage_healed":0,"gold_gain":0,"player_choice":"Elegance","damage_taken":0,"max_hp_gain":0,"max_hp_loss":0,"event_name":"Back to Basics","floor":31,"gold_loss":0},{"damage_healed":61,"gold_gain":0,"player_choice":"Heal","damage_taken":0,"max_hp_gain":0,"max_hp_loss":9,"event_name":"The Moai Head","floor":37,"gold_loss":0},{"damage_healed":0,"gold_gain":0,"player_choice":"Embrace Madness","damage_taken":8,"max_hp_gain":0,"max_hp_loss":0,"event_name":"Winding Halls","floor":38,"gold_loss":0,"cards_obtained":["Madness","Madness"]}],"is_beta":false,"boss_relics":[{"not_picked":["Empty Cage","Busted Crown"],"picked":"Orrery"},{"not_picked":["Pandora\u0027s Box","Coffee Dripper"],"picked":"WristBlade"}],"items_purged_floors":[25,27,36],"is_endless":false,"potions_floor_spawned":[1,4,14,21,22,28,33],"killed_by":"Giant Head","ascension_level":6}