{"gold_per_floor":[20,20,20,31,48,75,75,104,157,332,332,347,365,365,365,464,464,483,52,65,65,75,107,107,7,30,30,44,61,92,23,23,124,124,138,154,29,49,0,28,28],"floor_reached":41,"playtime":3130,"items_purged":["Doubt","Strike_R","Strike_R"],"score":496,"play_id":"59934ac6-96a4-4b0d-8d11-1fb0179830f5","local_time":"20190128193041","is_ascension_mode":false,"campfire_choices":[{"data":"Demon Form","floor":7.0,"key":"SMITH"},{"floor":11.0,"key":"REST"},{"data":"Impervious","floor":15.0,"key":"SMITH"},{"floor":24.0,"key":"REST"},{"floor":32,"key":"REST"}],"neow_cost":"NO_GOLD","seed_source_timestamp":0,"circlet_count":0,"master_deck":["Strike_R+1","Strike_R+1","Defend_R+1","Defend_R+1","Defend_R+1","Defend_R+1","Bash","Body Slam","Shockwave","Demon Form+1","Impervious+1","Cleave","Offering","Shrug It Off","Shrug It Off","Flex+1","Armaments+1","Whirlwind","Metallicize","Limit Break","Spot Weakness","Flex+1"],"special_seed":0,"relics":["Burning Blood","Unceasing Top","Singing Bowl","Vajra","StoneCalendar","War Paint","Philosopher\u0027s Stone","FossilizedHelix","Nilry\u0027s Codex","Whetstone","Du-Vu Doll","Eternal Feather","Red Mask","Calipers"],"potions_floor_usage":[38],"damage_taken":[{"damage":0.0,"enemies":"2 Louse","floor":1.0,"turns":3.0},{"damage":0.0,"enemies":"Small Slimes","floor":4.0,"turns":3.0},{"damage":1.0,"enemies":"Cultist","floor":5.0,"turns":4.0},{"damage":33.0,"enemies":"Lagavulin","floor":6.0,"turns":7.0},{"damage":31.0,"enemies":"Gremlin Nob","floor":8.0,"turns":5.0},{"damage":0.0,"enemies":"Blue Slaver","floor":12.0,"turns":3.0},{"damage":13.0,"enemies":"Exordium Wildlife","floor":13.0,"turns":4.0},{"damage":34.0,"enemies":"Hexaghost","floor":16.0,"turns":8.0},{"damage":4.0,"enemies":"Chosen","floor":18.0,"turns":4.0},{"damage":31.0,"enemies":"3 Byrds","floor":20.0,"turns":5.0},{"damage":1.0,"enemies":"Centurion and Healer","floor":22.0,"turns":6.0},{"damage":34.0,"enemies":"Book of Stabbing","floor":23.0,"turns":6.0},{"damage":35.0,"enemies":"Sentry and Sphere","floor":28.0,"turns":7.0},{"damage":12.0,"enemies":"Snake Plant","floor":29.0,"turns":6.0},{"damage":0.0,"enemies":"Gremlin Leader","floor":30.0,"turns":6.0},{"damage":24,"enemies":"Champ","floor":33,"turns":8},{"damage":1,"enemies":"3 Darklings","floor":35,"turns":5},{"damage":6,"enemies":"Orb Walker","floor":36,"turns":4},{"damage":30,"enemies":"Transient","floor":38,"turns":5},{"damage":39,"enemies":"Nemesis","floor":40,"turns":11},{"damage":60,"enemies":"4 Shapes","floor":41,"turns":3}],"seed_played":"1720472766045479405","potions_obtained":[{"floor":4.0,"key":"Fire Potion"},{"floor":8.0,"key":"EssenceOfSteel"},{"floor":13.0,"key":"LiquidBronze"},{"floor":16.0,"key":"FearPotion"},{"floor":18.0,"key":"Fire Potion"},{"floor":22.0,"key":"AttackPotion"},{"floor":23.0,"key":"SteroidPotion"},{"floor":29.0,"key":"FearPotion"},{"floor":33,"key":"Block Potion"},{"floor":35,"key":"Dexterity Potion"},{"floor":36,"key":"Energy Potion"}],"is_trial":false,"path_per_floor":["M","?","?","M","M","E","R","E","T","?","R","M","M","?","R","B",null,"M","$","M","?","M","E","R","$","T","?","M","M","E","$","R","B",null,"M","M","$","M","?","E","M"],"character_chosen":"IRONCLAD","items_purchased":["Shrug It Off","FossilizedHelix","Spot Weakness"],"campfire_rested":3,"item_purchase_floors":[19,19,31],"current_hp_per_floor":[80,64,57,65,70,43,43,18,18,18,42,50,43,43,43,15,84,84,84,59,43,48,20,45,45,45,73,46,40,46,46,71,55,88,88,90,90,68,68,37,0],"gold":28,"neow_bonus":"ONE_RARE_RELIC","is_prod":false,"is_daily":false,"chose_seed":false,"campfire_upgraded":2,"win_rate":0,"timestamp":1548732641,"path_taken":["M","?","?","M","M","E","R","E","T","?","R","M","M","?","R","BOSS","M","$","M","?","M","E","R","$","T","?","M","M","E","?","R","BOSS","M","M","$","M","?","E","M"],"build_version":"2019-01-23","purchased_purges":3,"victory":false,"max_hp_per_floor":[80,80,80,82,82,82,82,82,82,82,82,84,84,84,84,84,84,84,84,84,84,84,84,84,84,84,84,86,86,86,86,86,88,88,88,90,90,92,92,94,94],"card_choices":[{"not_picked":["Anger","Twin Strike"],"picked":"Body Slam","floor":1.0},{"not_picked":["Twin Strike","Blood for Blood","Headbutt"],"picked":"Singing Bowl","floor":4.0},{"not_picked":["Flex","Pummel"],"picked":"Shockwave","floor":5.0},{"not_picked":["Infernal Blade","Bloodletting"],"picked":"Demon Form","floor":6.0},{"not_picked":["Double Tap","Feel No Pain"],"picked":"Impervious","floor":8.0},{"not_picked":["Warcry","Power Through","Havoc"],"picked":"Singing Bowl","floor":12.0},{"not_picked":["Headbutt","Flex"],"picked":"Cleave","floor":13.0},{"not_picked":["Exhume","Double Tap"],"picked":"Offering","floor":16.0},{"not_picked":["Whirlwind","Heavy Blade"],"picked":"Shrug It Off","floor":18.0},{"not_picked":["Body Slam","Thunderclap+1"],"picked":"Flex+1","floor":20.0},{"not_picked":["Anger","Heavy Blade"],"picked":"Armaments+1","floor":22.0},{"not_picked":["Headbutt","Perfected Strike"],"picked":"Whirlwind","floor":23.0},{"not_picked":["Disarm","Pummel+1","True Grit"],"picked":"Singing Bowl","floor":28.0},{"not_picked":["True Grit+1","Cleave"],"picked":"Metallicize","floor":29.0},{"not_picked":["Flame Barrier","Pommel Strike"],"picked":"Limit Break","floor":30.0},{"not_picked":["Feed","Exhume","Impervious"],"picked":"Singing Bowl","floor":33},{"not_picked":["Dropkick","Battle Trance"],"picked":"Flex+1","floor":35},{"not_picked":["Infernal Blade","Dropkick+1","Havoc"],"picked":"Singing Bowl","floor":36},{"not_picked":["Flex","Clash","Perfected Strike+1"],"picked":"Singing Bowl","floor":38},{"not_picked":["Anger+1","Blood for Blood+1","Wild Strike+1"],"picked":"Singing Bowl","floor":40}],"player_experience":185207,"relics_obtained":[{"floor":6.0,"key":"Vajra"},{"floor":8.0,"key":"StoneCalendar"},{"floor":9.0,"key":"War Paint"},{"floor":21.0,"key":"Nilry\u0027s Codex"},{"floor":23.0,"key":"Whetstone"},{"floor":30.0,"key":"Du-Vu Doll"},{"floor":40,"key":"Calipers"}],"event_choices":[{"damage_healed":0.0,"max_hp_gain":0.0,"max_hp_loss":0.0,"gold_gain":0.0,"event_name":"Shining Light","player_choice":"Entered Light","floor":2.0,"gold_loss":0.0,"damage_taken":16.0,"cards_upgraded":["Defend_R","Defend_R"]},{"damage_healed":0.0,"max_hp_gain":0.0,"max_hp_loss":0.0,"gold_gain":0.0,"event_name":"Scrap Ooze","player_choice":"Success","floor":3.0,"gold_loss":0.0,"damage_taken":7.0,"relics_obtained":["Singing Bowl"]},{"damage_healed":0.0,"max_hp_gain":0.0,"max_hp_loss":0.0,"gold_gain":175.0,"event_name":"Liars Game","player_choice":"AGREE","floor":10.0,"gold_loss":0.0,"damage_taken":0.0,"cards_obtained":["Doubt"]},{"cards_removed":["Strike_R"],"damage_healed":0.0,"max_hp_gain":0.0,"max_hp_loss":0.0,"gold_gain":0.0,"event_name":"Purifier","player_choice":"Purged","floor":14.0,"gold_loss":0.0,"damage_taken":0.0},{"damage_healed":0.0,"max_hp_gain":0.0,"max_hp_loss":0.0,"gold_gain":0.0,"event_name":"Cursed Tome","player_choice":"Obtained Book","floor":21.0,"gold_loss":0.0,"damage_taken":16.0},{"damage_healed":28.0,"max_hp_gain":0.0,"max_hp_loss":0.0,"gold_gain":0.0,"event_name":"The Library","player_choice":"Heal","floor":27.0,"gold_loss":0.0,"damage_taken":0.0},{"damage_healed":0,"gold_gain":0,"player_choice":"Paid","damage_taken":0,"relics_obtained":["Red Mask"],"max_hp_gain":0,"max_hp_loss":0,"event_name":"Tomb of Lord Red Mask","floor":39,"gold_loss":49}],"is_beta":false,"boss_relics":[{"not_picked":["Mark of Pain","Orrery"],"picked":"Philosopher\u0027s Stone"},{"not_picked":["Snecko Eye","Fusion Hammer"],"picked":"Eternal Feather"}],"items_purged_floors":[19,25,37],"is_endless":false,"potions_floor_spawned":[4,8,13,16,18,22,23,29,33,35,36],"killed_by":"4 Shapes","ascension_level":0}