{"gold_per_floor":[111,111,124,124,1,22,90,41,66,82,96,96,96,111,111,230,230,245,245,263,41,41,41],"floor_reached":23,"playtime":1410,"items_purged":["Strike_B"],"score":296,"play_id":"7c9e8443-0b20-4f35-9e86-6f437ef9327b","local_time":"20190208161407","is_ascension_mode":true,"campfire_choices":[{"floor":13,"key":"REST"},{"floor":15,"key":"REST"}],"neow_cost":"NONE","seed_source_timestamp":365945595812123,"circlet_count":0,"master_deck":["AscendersBane","Strike_B","Strike_B","Strike_B+1","Defend_B","Defend_B","Defend_B","Defend_B+1","Zap","Dualcast","Self Repair","Glacier","Doom and Gloom","Redo","Chill+1","Go for the Eyes","Ball Lightning","Buffer","BootSequence"],"relics":["FrozenCore","Golden Idol","Tiny Chest","Pen Nib","Oddly Smooth Stone"],"potions_floor_usage":[7,16,16],"damage_taken":[{"damage":0,"enemies":"Small Slimes","floor":1,"turns":3},{"damage":3,"enemies":"2 Louse","floor":3,"turns":3},{"damage":7,"enemies":"Jaw Worm","floor":6,"turns":3},{"damage":26,"enemies":"3 Sentries","floor":7,"turns":7},{"damage":8,"enemies":"Blue Slaver","floor":10,"turns":4},{"damage":6,"enemies":"2 Fungi Beasts","floor":11,"turns":4},{"damage":0,"enemies":"Gremlin Gang","floor":14,"turns":3},{"damage":55,"enemies":"Slime Boss","floor":16,"turns":12},{"damage":25,"enemies":"3 Byrds","floor":18,"turns":9},{"damage":13,"enemies":"Spheric Guardian","floor":20,"turns":6},{"damage":28,"enemies":"Colosseum Slavers","floor":22,"turns":8},{"damage":33,"enemies":"Slavers","floor":23,"turns":3}],"seed_played":"6380998162469523737","potions_obtained":[{"floor":1,"key":"Energy Potion"},{"floor":7,"key":"SpeedPotion"},{"floor":10,"key":"Energy Potion"},{"floor":20,"key":"GamblersBrew"}],"is_trial":false,"path_per_floor":["M","?","M","?","$","M","E","?","T","M","M","?","R","M","R","B",null,"M","?","M","$","?","E"],"character_chosen":"DEFECT","items_purchased":["Glacier","Doom and Gloom","Oddly Smooth Stone"],"campfire_rested":2,"item_purchase_floors":[5,5,21],"current_hp_per_floor":[75,59,63,43,43,43,17,17,17,16,17,17,41,48,72,24,68,50,50,44,44,23,0],"gold":41,"neow_bonus":"TEN_PERCENT_HP_BONUS","is_prod":false,"is_daily":false,"chose_seed":false,"campfire_upgraded":0,"win_rate":0,"timestamp":1549620847,"path_taken":["M","?","M","?","$","M","E","?","T","M","M","?","R","M","R","BOSS","M","?","M","$","?","E"],"build_version":"2019-01-23","purchased_purges":1,"victory":false,"max_hp_per_floor":[82,82,82,82,82,82,82,82,82,82,82,82,82,82,82,82,82,82,82,82,82,82,82],"card_choices":[{"not_picked":["Stack","Hologram"],"picked":"Self Repair","floor":1},{"not_picked":["Beam Cell","Turbo","Aggregate"],"picked":"SKIP","floor":3},{"not_picked":["Rebound","Steam"],"picked":"Redo","floor":6},{"not_picked":["Ball Lightning","Scrape","Capacitor"],"picked":"SKIP","floor":7},{"not_picked":["Melter","Loop"],"picked":"Chill","floor":10},{"not_picked":["Defragment","Undo"],"picked":"Go for the Eyes","floor":11},{"not_picked":["Doom and Gloom","Streamline"],"picked":"Ball Lightning","floor":14},{"not_picked":["Amplify","All For One"],"picked":"Buffer","floor":16},{"not_picked":["Self Repair","Tempest+1"],"picked":"BootSequence","floor":18},{"not_picked":["Barrage","Gash+1","Streamline"],"picked":"SKIP","floor":20}],"player_experience":760691,"relics_obtained":[{"floor":7,"key":"Tiny Chest"},{"floor":9,"key":"Pen Nib"}],"event_choices":[{"damage_healed":0,"gold_gain":0,"player_choice":"Entered Light","damage_taken":16,"max_hp_gain":0,"max_hp_loss":0,"event_name":"Shining Light","floor":2,"gold_loss":0,"cards_upgraded":["Defend_B","Strike_B"]},{"damage_healed":0,"gold_gain":0,"player_choice":"Take Damage","damage_taken":20,"relics_obtained":["Golden Idol"],"max_hp_gain":0,"max_hp_loss":0,"event_name":"Golden Idol","floor":4,"gold_loss":0},{"damage_healed":0,"gold_gain":0,"player_choice":"Left Gold","damage_taken":0,"max_hp_gain":0,"max_hp_loss":0,"event_name":"World of Goop","floor":8,"gold_loss":49},{"damage_healed":0,"gold_gain":0,"player_choice":"Grow","damage_taken":0,"max_hp_gain":0,"max_hp_loss":0,"event_name":"Living Wall","floor":12,"gold_loss":0,"cards_upgraded":["Chill"]},{"damage_healed":0,"gold_gain":0,"player_choice":"Ignored","damage_taken":0,"max_hp_gain":0,"max_hp_loss":0,"event_name":"Vampires","floor":19,"gold_loss":0},{"damage_healed":0,"gold_gain":0,"player_choice":"Fight","damage_taken":0,"max_hp_gain":0,"max_hp_loss":0,"event_name":"Colosseum","floor":22,"gold_loss":0},{"damage_healed":0,"gold_gain":0,"player_choice":"Fled From Nobs","damage_taken":0,"max_hp_gain":0,"max_hp_loss":0,"event_name":"Colosseum","floor":22,"gold_loss":0}],"is_beta":false,"boss_relics":[{"not_picked":["Ectoplasm","Velvet Choker"],"picked":"FrozenCore"}],"items_purged_floors":[21],"is_endless":false,"potions_floor_spawned":[1,7,10,20,22],"killed_by":"Slavers","ascension_level":11}