{"gold_per_floor":[109,126,150,168,182,202,213,246,246,246],"floor_reached":10,"playtime":554,"items_purged":[],"score":72,"play_id":"428293a0-3853-493b-a6a7-cb9c5c6b497b","local_time":"20190201155747","is_ascension_mode":false,"campfire_choices":[],"neow_cost":"PERCENT_DAMAGE","seed_source_timestamp":15670509136734,"circlet_count":0,"master_deck":["Strike_R","Strike_R","Strike_R","Strike_R","Strike_R","Defend_R","Defend_R","Defend_R","Defend_R","Bash","Demon Form","Seeing Red","Havoc","Entrench","Pommel Strike","True Grit"],"relics":["Burning Blood","Lantern","Potion Belt","Gremlin Horn"],"potions_floor_usage":[6,8],"damage_taken":[{"damage":6,"enemies":"Cultist","floor":1,"turns":4},{"damage":0,"enemies":"2 Louse","floor":2,"turns":3},{"damage":11,"enemies":"Jaw Worm","floor":4,"turns":2},{"damage":0,"enemies":"Large Slime","floor":5,"turns":5},{"damage":15,"enemies":"Gremlin Gang","floor":6,"turns":5},{"damage":9,"enemies":"2 Fungi Beasts","floor":7,"turns":3},{"damage":48,"enemies":"Gremlin Nob","floor":8,"turns":5},{"damage":10,"enemies":"Red Slaver","floor":10,"turns":3}],"seed_played":"3151870469190620276","potions_obtained":[{"floor":2,"key":"Fire Potion"},{"floor":7,"key":"Swift Potion"}],"is_trial":false,"path_per_floor":["M","M","T","M","M","M","M","E","T","M"],"character_chosen":"IRONCLAD","items_purchased":[],"campfire_rested":0,"item_purchase_floors":[],"current_hp_per_floor":[56,62,62,57,63,54,51,9,9,0],"gold":246,"neow_bonus":"THREE_RARE_CARDS","is_prod":false,"is_daily":false,"chose_seed":false,"campfire_upgraded":0,"win_rate":0,"timestamp":1549065467,"path_taken":["M","M","?","M","?","M","M","E","T","M"],"build_version":"2019-01-23","purchased_purges":0,"victory":false,"max_hp_per_floor":[80,80,80,80,80,80,80,80,80,80],"card_choices":[{"not_picked":["Berserk","Double Tap"],"picked":"Demon Form","floor":0},{"not_picked":["Flex","Thunderclap"],"picked":"Seeing Red","floor":1},{"not_picked":["Warcry","Thunderclap"],"picked":"Havoc","floor":2},{"not_picked":["Clothesline","Rage","Perfected Strike"],"picked":"SKIP","floor":4},{"not_picked":["Havoc","Iron Wave"],"picked":"Entrench","floor":5},{"not_picked":["Iron Wave","Anger"],"picked":"Pommel Strike","floor":6},{"not_picked":["Burning Pact","Double Tap","Armaments"],"picked":"SKIP","floor":7},{"not_picked":["Bloodletting","Blood for Blood"],"picked":"True Grit","floor":8}],"player_experience":230280,"relics_obtained":[{"floor":3,"key":"Lantern"},{"floor":8,"key":"Potion Belt"},{"floor":9,"key":"Gremlin Horn"}],"event_choices":[],"is_beta":false,"boss_relics":[],"items_purged_floors":[],"is_endless":false,"potions_floor_spawned":[2,7],"killed_by":"Red Slaver","ascension_level":0}