{"gold_per_floor":[366,366,541,285,304,335,335,335,335,365,365,395,395,408,408,511,511,527,527,527,627,637,669,688,688,688,80,107,27,76,94,94,196,196,206,219,268,178,193,193,227,227,227,261,278,34,61,61,61,61],"floor_reached":51,"playtime":2981,"items_purged":["Doubt","Writhe","Defend_B"],"score":1392,"play_id":"2a0effc9-8023-49e7-8288-0ca17c77287e","local_time":"20190119194029","is_ascension_mode":true,"campfire_choices":[{"floor":7,"key":"REST"},{"data":"Chill","floor":11,"key":"SMITH"},{"data":"Zap","floor":13,"key":"SMITH"},{"data":"Darkness","floor":15,"key":"SMITH"},{"floor":25,"key":"DIG"},{"floor":32,"key":"DIG"},{"floor":40,"key":"DIG"},{"floor":42,"key":"DIG"},{"floor":49,"key":"DIG"}],"neow_cost":"PERCENT_DAMAGE","seed_source_timestamp":31581470484762,"circlet_count":0,"master_deck":["Defend_B+1","Defend_B","Defend_B","Zap+1","Dualcast","Ball Lightning","Core Surge","Sweeping Beam","Go for the Eyes","Chill+1","Cold Snap","Beam Cell","Consume","Rainbow+1","Darkness+1","Machine Learning","Sweeping Beam","Ghostly","Ghostly","Ghostly","Ghostly","Ghostly","Steam+1","White Noise+1","Chaos+1","Heatsinks+1","Skim+1","Dark Shackles+1","Defragment+1","Capacitor+1","Glacier+1","Stack+1","FTL","Static Discharge","Panache","Writhe"],"relics":["Cracked Core","Orichalcum","Bag of Marbles","PreservedInsect","Darkstone Periapt","Fusion Hammer","Anchor","Gambling Chip","Toxic Egg 2","Shovel","Cables","Letter Opener","Runic Capacitor","Strawberry","Potion Belt","Smiling Mask","Torii","Empty Cage","Emotion Chip","Mercury Hourglass","War Paint","Mummified Hand","Oddly Smooth Stone","Pen Nib","DataDisk","Bottled Lightning"],"potions_floor_usage":[16,21,21,37],"damage_taken":[{"damage":14,"enemies":"2 Louse","floor":1,"turns":3},{"damage":0,"enemies":"Small Slimes","floor":5,"turns":2},{"damage":9,"enemies":"Lagavulin","floor":6,"turns":7},{"damage":16,"enemies":"Gremlin Nob","floor":10,"turns":5},{"damage":12,"enemies":"Lagavulin","floor":12,"turns":5},{"damage":5,"enemies":"Jaw Worm","floor":14,"turns":2},{"damage":25,"enemies":"Hexaghost","floor":16,"turns":9},{"damage":5,"enemies":"Shell Parasite","floor":18,"turns":4},{"damage":0,"enemies":"Colosseum Slavers","floor":21,"turns":3},{"damage":0,"enemies":"Colosseum Nobs","floor":21,"turns":3},{"damage":0,"enemies":"Chosen","floor":22,"turns":4},{"damage":0,"enemies":"Slavers","floor":23,"turns":5},{"damage":0,"enemies":"Centurion and Healer","floor":24,"turns":5},{"damage":0,"enemies":"Book of Stabbing","floor":28,"turns":5},{"damage":0,"enemies":"Shelled Parasite and Fungi","floor":31,"turns":4},{"damage":0,"enemies":"Champ","floor":33,"turns":9},{"damage":0,"enemies":"Orb Walker","floor":35,"turns":4},{"damage":0,"enemies":"3 Shapes","floor":36,"turns":3},{"damage":1,"enemies":"2 Orb Walkers","floor":37,"turns":7},{"damage":0,"enemies":"Transient","floor":39,"turns":5},{"damage":14,"enemies":"Giant Head","floor":41,"turns":8},{"damage":14,"enemies":"Nemesis","floor":44,"turns":7},{"damage":0,"enemies":"4 Shapes","floor":45,"turns":6},{"damage":0,"enemies":"Reptomancer","floor":47,"turns":5},{"damage":30,"enemies":"Time Eater","floor":50,"turns":9}],"seed_played":"7286422698332257543","potions_obtained":[{"floor":6,"key":"FairyPotion"},{"floor":10,"key":"Swift Potion"},{"floor":12,"key":"SkillPotion"},{"floor":18,"key":"Fire Potion"},{"floor":22,"key":"Fire Potion"},{"floor":28,"key":"Strength Potion"},{"floor":31,"key":"LiquidBronze"},{"floor":35,"key":"FearPotion"},{"floor":39,"key":"Ancient Potion"},{"floor":47,"key":"Explosive Potion"}],"is_trial":false,"path_per_floor":["M","?","?","$","M","E","R","?","T","E","R","E","R","M","R","B",null,"M","?","?","?","M","E","M","R","T","$","E","$","T","M","R","B",null,"M","M","?","?","M","R","E","R","T","E","M","$","E","?","R","B",null],"character_chosen":"DEFECT","items_purchased":["Sweeping Beam","Go for the Eyes","Chill","Runic Capacitor","Strawberry","Skim+1","Dark Shackles+1","Defragment","Panache"],"campfire_rested":1,"item_purchase_floors":[4,4,4,27,27,27,27,29,46],"current_hp_per_floor":[36,36,36,36,36,27,49,74,74,58,58,46,46,41,41,16,60,55,37,43,43,43,43,43,43,43,50,50,50,50,50,50,50,50,50,50,49,49,49,49,35,35,35,21,21,21,21,40,40,10],"gold":61,"neow_bonus":"TWO_FIFTY_GOLD","is_prod":false,"is_daily":false,"chose_seed":false,"campfire_upgraded":3,"win_rate":0,"timestamp":1547905229,"path_taken":["M","?","?","$","M","E","R","?","T","E","R","E","R","M","R","BOSS","M","?","?","?","?","E","?","R","T","?","E","$","?","M","R","BOSS","M","M","?","?","?","R","E","R","T","E","M","$","E","?","R","BOSS"],"build_version":"2019-01-17v2","purchased_purges":3,"victory":true,"max_hp_per_floor":[75,75,75,75,75,75,75,75,75,75,75,75,75,75,75,75,75,75,37,43,43,43,43,43,43,43,50,50,50,50,50,50,50,50,50,50,50,50,50,50,50,50,50,50,50,50,50,56,56,56],"card_choices":[{"not_picked":["Hologram","Conserve Battery"],"picked":"Ball Lightning","floor":1},{"not_picked":["Sunder","Reinforced Body"],"picked":"Cold Snap","floor":5},{"not_picked":["BootSequence","Redo"],"picked":"Beam Cell","floor":6},{"not_picked":["Chaos","Compile Driver"],"picked":"Consume","floor":10},{"not_picked":["Sunder","Ball Lightning"],"picked":"Rainbow","floor":12},{"not_picked":["Gash","Coolheaded"],"picked":"Darkness","floor":14},{"not_picked":["Buffer","Biased Cognition"],"picked":"Machine Learning","floor":16},{"not_picked":["Sunder","Ball Lightning"],"picked":"Sweeping Beam","floor":18},{"not_picked":["Go for the Eyes","Barrage"],"picked":"Steam","floor":21},{"not_picked":["Leap+1","Melter"],"picked":"White Noise+1","floor":22},{"not_picked":["Leap+1","Melter+1"],"picked":"Chaos+1","floor":23},{"not_picked":["Cold Snap","Ball Lightning"],"picked":"Heatsinks+1","floor":24},{"not_picked":["Ball Lightning+1","Thunder Strike","Rebound"],"picked":"SKIP","floor":28},{"not_picked":["Steam+1","Compile Driver"],"picked":"Capacitor+1","floor":31},{"not_picked":["Conserve Battery+1","Barrage","Beam Cell"],"picked":"SKIP","floor":35},{"not_picked":["Beam Cell+1","Auto Shields+1"],"picked":"Glacier+1","floor":36},{"not_picked":["Beam Cell","Gash"],"picked":"Stack+1","floor":37},{"not_picked":["Stack+1","Rebound"],"picked":"FTL","floor":39},{"not_picked":["Streamline","Ball Lightning","Melter"],"picked":"SKIP","floor":41},{"not_picked":["Go for the Eyes","Doom and Gloom"],"picked":"Static Discharge","floor":44},{"not_picked":["Reprogram+1","Scrape+1","Auto Shields+1"],"picked":"SKIP","floor":45},{"not_picked":["Rip and Tear+1","Genetic Algorithm+1","Sweeping Beam+1"],"picked":"SKIP","floor":47},{"not_picked":["Rip and Tear+1","Genetic Algorithm+1","Sweeping Beam+1"],"picked":"SKIP","floor":47}],"player_experience":599786,"relics_obtained":[{"floor":6,"key":"Orichalcum"},{"floor":9,"key":"Bag of Marbles"},{"floor":10,"key":"PreservedInsect"},{"floor":12,"key":"Darkstone Periapt"},{"floor":21,"key":"Gambling Chip"},{"floor":21,"key":"Toxic Egg 2"},{"floor":23,"key":"Shovel"},{"floor":25,"key":"Cables"},{"floor":26,"key":"Letter Opener"},{"floor":28,"key":"Potion Belt"},{"floor":30,"key":"Smiling Mask"},{"floor":32,"key":"Torii"},{"floor":37,"key":"Emotion Chip"},{"floor":40,"key":"Mercury Hourglass"},{"floor":41,"key":"War Paint"},{"floor":42,"key":"Mummified Hand"},{"floor":43,"key":"Oddly Smooth Stone"},{"floor":44,"key":"Pen Nib"},{"floor":47,"key":"DataDisk"},{"floor":49,"key":"Bottled Lightning"}],"event_choices":[{"damage_healed":0,"gold_gain":0,"cards_transformed":["Strike_B"],"player_choice":"Change","damage_taken":0,"max_hp_gain":0,"max_hp_loss":0,"event_name":"Living Wall","floor":2,"gold_loss":0,"cards_obtained":["Core Surge"]},{"damage_healed":0,"gold_gain":175,"player_choice":"AGREE","damage_taken":0,"max_hp_gain":0,"max_hp_loss":0,"event_name":"Liars Game","floor":3,"gold_loss":0,"cards_obtained":["Doubt"]},{"damage_healed":25,"gold_gain":0,"player_choice":"Banana","damage_taken":0,"max_hp_gain":0,"max_hp_loss":0,"event_name":"Big Fish","floor":8,"gold_loss":0},{"damage_healed":0,"gold_gain":0,"player_choice":"Became a Ghost","damage_taken":0,"max_hp_gain":0,"max_hp_loss":38,"event_name":"Ghosts","floor":19,"gold_loss":0,"cards_obtained":["Ghostly","Ghostly","Ghostly","Ghostly","Ghostly"]},{"damage_healed":0,"gold_gain":0,"player_choice":"Opened","damage_taken":0,"relics_obtained":["Anchor"],"max_hp_gain":0,"max_hp_loss":0,"event_name":"The Mausoleum","floor":20,"gold_loss":0,"cards_obtained":["Writhe"]},{"damage_healed":0,"gold_gain":0,"player_choice":"Fight","damage_taken":0,"max_hp_gain":0,"max_hp_loss":0,"event_name":"Colosseum","floor":21,"gold_loss":0},{"damage_healed":0,"gold_gain":0,"player_choice":"Fought Nobs","damage_taken":0,"max_hp_gain":0,"max_hp_loss":0,"event_name":"Colosseum","floor":21,"gold_loss":0},{"damage_healed":0,"gold_gain":0,"player_choice":"Fight","damage_taken":0,"max_hp_gain":0,"max_hp_loss":0,"event_name":"Mysterious Sphere","floor":37,"gold_loss":0},{"cards_removed":["Strike_B"],"damage_healed":0,"gold_gain":0,"player_choice":"Upgrade and Remove","damage_taken":0,"max_hp_gain":0,"max_hp_loss":0,"event_name":"Designer","floor":38,"gold_loss":90,"cards_upgraded":["Defragment"]},{"damage_healed":13,"gold_gain":0,"player_choice":"Writhe","damage_taken":0,"max_hp_gain":0,"max_hp_loss":0,"event_name":"Winding Halls","floor":48,"gold_loss":0,"cards_obtained":["Writhe"]}],"is_beta":false,"boss_relics":[{"not_picked":["Lizard Tail","Cursed Key"],"picked":"Fusion Hammer"},{"not_picked":["Velvet Choker","FrozenCore"],"picked":"Empty Cage"}],"items_purged_floors":[4,27,46],"is_endless":false,"potions_floor_spawned":[6,10,12,18,22,28,31,35,39,44,47],"ascension_level":8}