{"gold_per_floor":[113,113,13,13,0,0,14,26,50,66,66,82,82,107,107,184,184,196,196,196,196,209,209,244,244,271,290,290,33,33,50,50,50],"floor_reached":33,"playtime":1349,"items_purged":[],"score":538,"play_id":"6571d60f-c2b9-4820-b49f-26fe6c3fbd92","local_time":"20190207115312","is_ascension_mode":true,"campfire_choices":[{"floor":6.0,"key":"REST"},{"floor":11.0,"key":"REST"},{"floor":15.0,"key":"REST"},{"floor":23,"key":"REST"},{"floor":25,"key":"REST"},{"floor":32,"key":"REST"}],"neow_cost":"NONE","seed_source_timestamp":472557730661956,"circlet_count":0,"master_deck":["AscendersBane","Defend_G+1","Defend_G+1","Defend_G+1","Defend_G+1","Defend_G+1","Survivor","Neutralize","Infinite Blades","Well Laid Plans+1","Cloak And Dagger","Blade Dance","Skewer","Escape Plan","Quick Slash","Die Die Die","Deflect","Accuracy","PiercingWail","Bite","Bite","Bite","Bite","Noxious Fumes","Blade Dance"],"special_seed":0,"relics":["Philosopher\u0027s Stone","Bronze Scales","Bottled Lightning","Shuriken","WristBlade","Bag of Preparation","Juzu Bracelet","Happy Flower"],"potions_floor_usage":[24,33],"damage_taken":[{"damage":10.0,"enemies":"2 Louse","floor":1.0,"turns":4.0},{"damage":9.0,"enemies":"Jaw Worm","floor":7.0,"turns":5.0},{"damage":5.0,"enemies":"Small Slimes","floor":8.0,"turns":3.0},{"damage":5.0,"enemies":"Exordium Thugs","floor":10.0,"turns":4.0},{"damage":3.0,"enemies":"3 Louse","floor":12.0,"turns":4.0},{"damage":45.0,"enemies":"Gremlin Nob","floor":14.0,"turns":5.0},{"damage":1.0,"enemies":"Slime Boss","floor":16.0,"turns":6.0},{"damage":20.0,"enemies":"Chosen","floor":18.0,"turns":5.0},{"damage":7.0,"enemies":"Shell Parasite","floor":22.0,"turns":4.0},{"damage":41,"enemies":"Gremlin Leader","floor":24,"turns":5},{"damage":13,"enemies":"Centurion and Healer","floor":27,"turns":5},{"damage":29,"enemies":"Snake Plant","floor":31,"turns":4},{"damage":47,"enemies":"Collector","floor":33,"turns":5}],"seed_played":"2493349192611114000","potions_obtained":[{"floor":7.0,"key":"Fire Potion"},{"floor":8.0,"key":"SpeedPotion"},{"floor":12.0,"key":"EssenceOfSteel"},{"floor":14.0,"key":"GhostInAJar"},{"floor":22,"key":"SpeedPotion"},{"floor":27,"key":"Strength Potion"}],"is_trial":false,"path_per_floor":["M","?","$","?","?","R","M","M","T","M","R","M","T","E","R","B",null,"M","?","?","?","M","R","E","R","T","M","?","$","?","M","R","B"],"character_chosen":"THE_SILENT","items_purchased":["Well Laid Plans","Cloak And Dagger","Noxious Fumes","Blade Dance","Happy Flower"],"campfire_rested":6,"item_purchase_floors":[3,3,29,29,29],"current_hp_per_floor":[49,54,54,33,33,54,45,40,40,35,56,53,53,8,29,28,60,40,40,40,54,47,68,27,48,48,35,35,35,35,12,26,0],"gold":50,"neow_bonus":"BOSS_RELIC","is_prod":false,"is_daily":false,"chose_seed":false,"campfire_upgraded":0,"win_rate":0,"timestamp":1549540392,"path_taken":["M","?","?","?","?","R","M","M","T","M","R","M","?","E","R","BOSS","M","?","?","?","M","R","E","R","T","M","?","$","?","M","R","BOSS"],"build_version":"2019-01-23","purchased_purges":0,"victory":false,"max_hp_per_floor":[66,71,71,71,71,71,71,71,71,71,71,71,71,71,71,71,71,71,71,71,71,71,71,71,71,71,71,49,49,49,49,49,49],"card_choices":[{"not_picked":["PiercingWail","Flying Knee"],"picked":"Infinite Blades","floor":1.0},{"not_picked":["Riddle With Holes","All Out Attack"],"picked":"Blade Dance","floor":7.0},{"not_picked":["Blade Dance","Flying Knee"],"picked":"Skewer","floor":8.0},{"not_picked":["Bane","Unload","Prepared"],"picked":"SKIP","floor":10.0},{"not_picked":["Blade Dance","Acrobatics"],"picked":"Escape Plan","floor":12.0},{"not_picked":["Skewer","Prepared"],"picked":"Quick Slash","floor":14.0},{"not_picked":["Glass Knife","Corpse Explosion"],"picked":"Die Die Die","floor":16.0},{"not_picked":["Dodge and Roll","Acrobatics"],"picked":"Deflect","floor":18.0},{"not_picked":["Footwork","Acrobatics"],"picked":"Accuracy","floor":22},{"not_picked":["Well Laid Plans","Heel Hook","Flechettes"],"picked":"SKIP","floor":24},{"not_picked":["Acrobatics","Bane"],"picked":"PiercingWail","floor":27},{"not_picked":["Doppelganger","Backflip","Quick Slash"],"picked":"SKIP","floor":31}],"player_experience":1274990,"relics_obtained":[{"floor":9.0,"key":"Bronze Scales"},{"floor":13.0,"key":"Bottled Lightning"},{"floor":14.0,"key":"Shuriken"},{"floor":24,"key":"Bag of Preparation"},{"floor":26,"key":"Juzu Bracelet"}],"event_choices":[{"damage_healed":0.0,"max_hp_gain":5.0,"max_hp_loss":0.0,"gold_gain":0.0,"event_name":"Big Fish","player_choice":"Donut","floor":2.0,"gold_loss":0.0,"damage_taken":0.0},{"damage_healed":0.0,"max_hp_gain":0.0,"max_hp_loss":0.0,"gold_gain":0.0,"event_name":"Shining Light","player_choice":"Entered Light","floor":4.0,"gold_loss":0.0,"damage_taken":21.0,"cards_upgraded":["Defend_G","Well Laid Plans"]},{"damage_healed":0.0,"max_hp_gain":0.0,"max_hp_loss":0.0,"gold_gain":0.0,"event_name":"World of Goop","player_choice":"Left Gold","floor":5.0,"gold_loss":13.0,"damage_taken":0.0},{"damage_healed":0.0,"max_hp_gain":0.0,"max_hp_loss":0.0,"gold_gain":0.0,"event_name":"Back to Basics","player_choice":"Simplicity","floor":19.0,"gold_loss":0.0,"damage_taken":0.0,"cards_upgraded":["Defend_G","Defend_G","Defend_G","Defend_G","Strike_G","Strike_G","Strike_G","Strike_G","Strike_G"]},{"damage_healed":0.0,"max_hp_gain":0.0,"max_hp_loss":0.0,"gold_gain":0.0,"event_name":"Ghosts","player_choice":"Ignored","floor":20.0,"gold_loss":0.0,"damage_taken":0.0},{"damage_healed":14.0,"max_hp_gain":0.0,"max_hp_loss":0.0,"gold_gain":0.0,"event_name":"The Library","player_choice":"Heal","floor":21.0,"gold_loss":0.0,"damage_taken":0.0},{"damage_healed":0,"gold_gain":0,"player_choice":"Became a vampire","damage_taken":0,"max_hp_gain":0,"max_hp_loss":22,"event_name":"Vampires","floor":28,"gold_loss":0,"cards_obtained":["Bite","Bite","Bite","Bite","Bite"]},{"cards_removed":["Bite"],"damage_healed":0,"gold_gain":0,"player_choice":"Purged","damage_taken":0,"max_hp_gain":0,"max_hp_loss":0,"event_name":"Purifier","floor":30,"gold_loss":0}],"is_beta":false,"boss_relics":[{"not_picked":["Runic Dome","Ectoplasm"],"picked":"WristBlade"}],"items_purged_floors":[],"is_endless":false,"potions_floor_spawned":[7,8,12,14,22,27],"killed_by":"Collector","ascension_level":19}