{"gold_per_floor":[114,114,127,46,221,221,221,71,71,91,127,127,77,91,91,211,211,225,248,248],"floor_reached":20,"playtime":1406,"items_purged":["Doubt"],"score":172,"play_id":"8199ed85-0dc8-4325-a624-fbe1fac62890","local_time":"20190124122902","is_ascension_mode":false,"campfire_choices":[{"data":"True Grit","floor":6,"key":"SMITH"},{"floor":15,"key":"REST"}],"neow_cost":"NONE","seed_source_timestamp":318593200668443,"circlet_count":0,"master_deck":["Strike_R","Strike_R","Strike_R","Strike_R","Defend_R","Defend_R","Defend_R","Bash","True Grit+1","Iron Wave","Spot Weakness","Inflame","True Grit","Limit Break","Ghostly Armor","Demon Form","Combust","Heavy Blade"],"relics":["Burning Blood","NeowsBlessing","Golden Idol","The Courier","Bag of Marbles","Black Star"],"potions_floor_usage":[16,16,16,18,20],"damage_taken":[{"damage":0,"enemies":"Small Slimes","floor":1,"turns":1},{"damage":0,"enemies":"Jaw Worm","floor":3,"turns":1},{"damage":0,"enemies":"2 Louse","floor":10,"turns":1},{"damage":30,"enemies":"3 Sentries","floor":11,"turns":9},{"damage":12,"enemies":"Blue Slaver","floor":14,"turns":3},{"damage":40,"enemies":"Hexaghost","floor":16,"turns":11},{"damage":44,"enemies":"3 Byrds","floor":18,"turns":7},{"damage":19,"enemies":"Chosen","floor":19,"turns":6},{"damage":43,"enemies":"Snake Plant","floor":20,"turns":2}],"seed_played":"-3355411327764044484","potions_obtained":[{"floor":1,"key":"SteroidPotion"},{"floor":14,"key":"EntropicBrew"},{"floor":18,"key":"Explosive Potion"},{"floor":19,"key":"LiquidBronze"}],"is_trial":false,"path_per_floor":["M","?","M","$","?","R","T","$","T","M","E","?","?","M","R","B",null,"M","M","M"],"character_chosen":"IRONCLAD","items_purchased":["Spot Weakness","Inflame"],"campfire_rested":1,"item_purchase_floors":[4,8],"current_hp_per_floor":[80,60,66,66,66,66,66,66,66,72,48,41,41,35,59,25,80,51,38,0],"gold":248,"neow_bonus":"THREE_ENEMY_KILL","is_prod":false,"is_daily":false,"chose_seed":false,"campfire_upgraded":1,"win_rate":0,"timestamp":1548361742,"path_taken":["M","?","M","?","?","R","?","?","T","?","E","?","?","M","R","BOSS","M","M","M"],"build_version":"2019-01-23","purchased_purges":1,"victory":false,"max_hp_per_floor":[80,80,80,80,80,80,80,80,80,80,80,80,80,80,80,80,80,80,80,80],"card_choices":[{"not_picked":["Entrench","Combust"],"picked":"True Grit","floor":1},{"not_picked":["Clash","Thunderclap"],"picked":"Iron Wave","floor":3},{"not_picked":["Heavy Blade","Sever Soul"],"picked":"True Grit","floor":10},{"not_picked":["Flame Barrier","Second Wind"],"picked":"Limit Break","floor":11},{"not_picked":["Thunderclap","Warcry"],"picked":"Ghostly Armor","floor":14},{"not_picked":["Fiend Fire","Dark Embrace"],"picked":"Demon Form","floor":16},{"not_picked":["Iron Wave","Clothesline"],"picked":"Combust","floor":18},{"not_picked":["Thunderclap","Combust"],"picked":"Heavy Blade","floor":19}],"player_experience":119271,"relics_obtained":[{"floor":9,"key":"The Courier"},{"floor":11,"key":"Bag of Marbles"}],"event_choices":[{"damage_healed":0,"gold_gain":0,"player_choice":"Take Damage","damage_taken":20,"relics_obtained":["Golden Idol"],"max_hp_gain":0,"max_hp_loss":0,"event_name":"Golden Idol","floor":2,"gold_loss":0},{"damage_healed":0,"gold_gain":175,"player_choice":"AGREE","damage_taken":0,"max_hp_gain":0,"max_hp_loss":0,"event_name":"Liars Game","floor":5,"gold_loss":0,"cards_obtained":["Doubt"]},{"cards_removed":["Strike_R"],"damage_healed":0,"gold_gain":0,"player_choice":"Card Removal","damage_taken":7,"max_hp_gain":0,"max_hp_loss":0,"event_name":"Golden Wing","floor":12,"gold_loss":0},{"cards_removed":["Defend_R"],"damage_healed":0,"gold_gain":0,"player_choice":"Card Removal","damage_taken":0,"max_hp_gain":0,"max_hp_loss":0,"event_name":"The Cleric","floor":13,"gold_loss":50}],"is_beta":false,"boss_relics":[{"not_picked":["Tiny House","Calling Bell"],"picked":"Black Star"}],"items_purged_floors":[8],"is_endless":false,"potions_floor_spawned":[1,14,18,19],"killed_by":"Snake Plant","ascension_level":0}