{"gold_per_floor":[114,132,132,132,132,132,163,179,179,193,193,207,207,237,237,337,337,351,351,351,276,292,292,325,325,325,32,43,143,158,169,169,265,265,283,295,308,308,141,171,183,210,210,210,220,220,57,0,0,0],"floor_reached":51,"playtime":3232,"items_purged":["Strike_R","Strike_R","Strike_R"],"score":1203,"play_id":"072027b3-2b61-4c21-a490-faea983e736d","local_time":"20190206195509","is_ascension_mode":true,"campfire_choices":[{"data":"Iron Wave","floor":6,"key":"SMITH"},{"data":"Blind","floor":11,"key":"SMITH"},{"data":"True Grit","floor":13,"key":"SMITH"},{"data":"Heavy Blade","floor":15,"key":"SMITH"},{"data":"Demon Form","floor":23,"key":"SMITH"},{"data":"Uppercut","floor":25,"key":"SMITH"},{"floor":32,"key":"REST"},{"data":"Armaments","floor":44,"key":"SMITH"},{"data":"Double Tap","floor":46,"key":"SMITH"},{"data":"Metallicize","floor":49,"key":"SMITH"}],"neow_cost":"NONE","seed_source_timestamp":630624522900800,"circlet_count":0,"master_deck":["AscendersBane","Strike_R","Strike_R","Defend_R","Defend_R","Defend_R","Defend_R","Bash+1","Iron Wave+1","Spot Weakness","Blind+1","Uppercut+1","Headbutt","True Grit+1","Heavy Blade+1","Demon Form+1","Battle Trance","Double Tap+1","Feed","Heavy Blade","Metallicize+1","Reaper","Armaments+1","True Grit+1","Mayhem","Dark Embrace","Shrug It Off","Iron Wave+1","Metallicize+1"],"relics":["Black Blood","NeowsBlessing","FossilizedHelix","Mummified Hand","Kunai","Snecko Eye","Sundial","Matryoshka","Paper Frog","Happy Flower","Regal Pillow","Bottled Lightning","Red Mask"],"potions_floor_usage":[10,24,37,50,50],"damage_taken":[{"damage":0,"enemies":"2 Louse","floor":1,"turns":1},{"damage":0,"enemies":"Cultist","floor":2,"turns":1},{"damage":0,"enemies":"Lagavulin","floor":7,"turns":2},{"damage":0,"enemies":"Jaw Worm","floor":8,"turns":3},{"damage":0,"enemies":"Red Slaver","floor":10,"turns":4},{"damage":4,"enemies":"Blue Slaver","floor":12,"turns":4},{"damage":22,"enemies":"3 Sentries","floor":14,"turns":7},{"damage":21,"enemies":"Slime Boss","floor":16,"turns":10},{"damage":9,"enemies":"Shell Parasite","floor":18,"turns":4},{"damage":8,"enemies":"2 Thieves","floor":22,"turns":3},{"damage":21,"enemies":"Slavers","floor":24,"turns":8},{"damage":22,"enemies":"Sentry and Sphere","floor":28,"turns":5},{"damage":0,"enemies":"Chosen and Byrds","floor":30,"turns":3},{"damage":10,"enemies":"Shelled Parasite and Fungi","floor":31,"turns":3},{"damage":28,"enemies":"Automaton","floor":33,"turns":7},{"damage":39,"enemies":"3 Shapes","floor":35,"turns":4},{"damage":0,"enemies":"Orb Walker","floor":36,"turns":3},{"damage":2,"enemies":"Maw","floor":37,"turns":6},{"damage":36,"enemies":"Reptomancer","floor":40,"turns":5},{"damage":0,"enemies":"Transient","floor":41,"turns":5},{"damage":0,"enemies":"Giant Head","floor":42,"turns":6},{"damage":13,"enemies":"Spire Growth","floor":45,"turns":3},{"damage":26,"enemies":"Time Eater","floor":50,"turns":8}],"seed_played":"-6594504551958112361","potions_obtained":[{"floor":2,"key":"Poison Potion"},{"floor":7,"key":"Dexterity Potion"},{"floor":12,"key":"Explosive Potion"},{"floor":14,"key":"LiquidBronze"},{"floor":36,"key":"FearPotion"},{"floor":37,"key":"Swift Potion"}],"is_trial":false,"path_per_floor":["M","M","?","?","$","R","E","M","T","M","R","M","R","E","R","B",null,"M","?","?","$","M","R","E","R","T","$","M","?","M","M","R","B",null,"M","M","M","?","$","E","M","E","T","R","M","R","$","?","R","B",null],"character_chosen":"IRONCLAD","items_purchased":["Feed","Heavy Blade","Mayhem","Metallicize"],"campfire_rested":1,"item_purchase_floors":[27,27,39,47],"current_hp_per_floor":[78,80,80,80,80,80,80,80,80,80,80,80,80,64,64,49,72,69,69,69,69,67,67,52,52,52,52,36,36,42,38,62,40,70,53,67,80,80,80,57,83,83,83,83,80,80,80,80,80,64],"gold":0,"neow_bonus":"THREE_ENEMY_KILL","is_prod":false,"is_daily":false,"chose_seed":false,"campfire_upgraded":9,"win_rate":0,"timestamp":1549454109,"path_taken":["M","M","?","?","$","R","E","?","T","M","R","M","R","E","R","BOSS","M","?","?","$","M","R","E","R","T","?","?","?","M","M","R","BOSS","M","M","?","?","$","E","M","E","T","R","?","R","$","?","R","BOSS"],"build_version":"2019-01-23","purchased_purges":3,"victory":true,"max_hp_per_floor":[80,80,80,80,80,80,80,80,80,80,80,80,80,80,80,80,80,80,80,80,80,80,80,80,80,80,80,80,80,80,80,80,80,80,80,80,80,80,80,83,83,83,83,83,83,83,83,83,83,83],"card_choices":[{"not_picked":["Perfected Strike","Flex"],"picked":"Iron Wave","floor":1},{"not_picked":["Ghostly Armor","Warcry"],"picked":"Spot Weakness","floor":2},{"not_picked":["Armaments","Feel No Pain"],"picked":"Uppercut","floor":7},{"not_picked":["Dropkick","Sever Soul"],"picked":"Headbutt","floor":8},{"not_picked":["Combust","Headbutt","Warcry"],"picked":"SKIP","floor":10},{"not_picked":["Clash","Perfected Strike"],"picked":"True Grit","floor":12},{"not_picked":["Reckless Charge","Dropkick"],"picked":"Heavy Blade","floor":14},{"not_picked":["Berserk","Double Tap"],"picked":"Demon Form","floor":16},{"not_picked":["Perfected Strike","Flex","Clash"],"picked":"SKIP","floor":18},{"not_picked":["Thunderclap+1","Clash"],"picked":"Battle Trance","floor":22},{"not_picked":["Twin Strike","Warcry+1"],"picked":"Double Tap","floor":24},{"not_picked":["Flex","Burning Pact+1","Heavy Blade"],"picked":"SKIP","floor":28},{"not_picked":["Inflame","Hemokinesis+1","Combust+1"],"picked":"SKIP","floor":30},{"not_picked":["Intimidate+1","Cleave+1"],"picked":"Metallicize+1","floor":31},{"not_picked":["Limit Break","Feed"],"picked":"Reaper","floor":33},{"not_picked":["Twin Strike+1","Combust+1"],"picked":"Armaments","floor":35},{"not_picked":["Burning Pact","Pommel Strike+1"],"picked":"True Grit+1","floor":36},{"not_picked":["Flex+1","Headbutt","Thunderclap"],"picked":"SKIP","floor":37},{"not_picked":["Sword Boomerang","Flex"],"picked":"Dark Embrace","floor":40},{"not_picked":["Sword Boomerang","Dropkick+1"],"picked":"Shrug It Off","floor":41},{"not_picked":["Anger","Twin Strike"],"picked":"Iron Wave+1","floor":42},{"not_picked":["Heavy Blade","Seeing Red","Second Wind+1"],"picked":"SKIP","floor":45}],"player_experience":340616,"relics_obtained":[{"floor":7,"key":"FossilizedHelix"},{"floor":9,"key":"Mummified Hand"},{"floor":14,"key":"Kunai"},{"floor":24,"key":"Sundial"},{"floor":26,"key":"Matryoshka"},{"floor":40,"key":"Paper Frog"},{"floor":42,"key":"Happy Flower"},{"floor":43,"key":"Regal Pillow"},{"floor":43,"key":"Bottled Lightning"}],"event_choices":[{"damage_healed":0,"gold_gain":0,"player_choice":"Grow","damage_taken":0,"max_hp_gain":0,"max_hp_loss":0,"event_name":"Living Wall","floor":3,"gold_loss":0,"cards_upgraded":["Bash"]},{"damage_healed":0,"gold_gain":0,"player_choice":"1 cards matched","damage_taken":0,"max_hp_gain":0,"max_hp_loss":0,"event_name":"Match and Keep!","floor":4,"gold_loss":0,"cards_obtained":["Blind"]},{"damage_healed":0,"gold_gain":0,"player_choice":"Ignored","damage_taken":0,"max_hp_gain":0,"max_hp_loss":0,"event_name":"Ghosts","floor":19,"gold_loss":0},{"damage_healed":0,"gold_gain":0,"player_choice":"Ignored","damage_taken":0,"max_hp_gain":0,"max_hp_loss":0,"event_name":"The Mausoleum","floor":20,"gold_loss":0},{"damage_healed":0,"gold_gain":100,"player_choice":"Pray","damage_taken":0,"max_hp_gain":0,"max_hp_loss":0,"event_name":"Golden Shrine","floor":29,"gold_loss":0},{"damage_healed":0,"gold_gain":0,"player_choice":"Bought 0 Potions","damage_taken":0,"max_hp_gain":0,"max_hp_loss":0,"event_name":"The Woman in Blue","floor":38,"gold_loss":0},{"damage_healed":0,"gold_gain":0,"player_choice":"Paid","damage_taken":0,"relics_obtained":["Red Mask"],"max_hp_gain":0,"max_hp_loss":0,"event_name":"Tomb of Lord Red Mask","floor":48,"gold_loss":57}],"is_beta":false,"boss_relics":[{"not_picked":["Runic Dome","Eternal Feather"],"picked":"Snecko Eye"},{"not_picked":["Tiny House","Orrery"],"picked":"Black Blood"}],"items_purged_floors":[21,27,47],"is_endless":false,"potions_floor_spawned":[2,7,12,14,18,22,36,37,41],"ascension_level":11}