{"gold_per_floor":[119,119,119,133,208,243,243,287,287,287,330,351,351,366,366,496,496,519,27,27,25,37,37,37],"floor_reached":24,"playtime":1278,"items_purged":[],"score":225,"play_id":"dd5dbc24-c0cc-478a-877c-2e34d1d91451","local_time":"20190204174501","is_ascension_mode":true,"campfire_choices":[{"data":"Flame Barrier","floor":7,"key":"SMITH"},{"floor":10,"key":"REST"},{"floor":15,"key":"REST"},{"floor":23,"key":"REST"}],"neow_cost":"NONE","seed_source_timestamp":171089891129559,"circlet_count":0,"master_deck":["Strike_R","Strike_R+1","Strike_R","Defend_R","Defend_R+1","Defend_R+1","Defend_R+1","Bash","Disarm","Limit Break","Flame Barrier+1","Dropkick","Shrug It Off","True Grit","Body Slam","Barricade","Armaments","Flash of Steel","Disarm","Ghostly Armor"],"relics":["Burning Blood","Ancient Tea Set","Bloody Idol","Matryoshka","Art of War","Paper Frog","Red Skull","War Paint","Empty Cage","PreservedInsect","HandDrill"],"potions_floor_usage":[6,11,16,22,24],"damage_taken":[{"damage":6,"enemies":"Jaw Worm","floor":1,"turns":3},{"damage":2,"enemies":"Small Slimes","floor":4,"turns":4},{"damage":36,"enemies":"Lagavulin","floor":6,"turns":7},{"damage":32,"enemies":"Gremlin Nob","floor":8,"turns":6},{"damage":9,"enemies":"3 Sentries","floor":11,"turns":11},{"damage":0,"enemies":"Cultist","floor":12,"turns":3},{"damage":0,"enemies":"Large Slime","floor":14,"turns":6},{"damage":25,"enemies":"The Guardian","floor":16,"turns":10},{"damage":11,"enemies":"3 Byrds","floor":18,"turns":5},{"damage":29,"enemies":"2 Thieves","floor":21,"turns":5},{"damage":42,"enemies":"Sentry and Sphere","floor":22,"turns":12},{"damage":48,"enemies":"Slavers","floor":24,"turns":6}],"seed_played":"-1231730590268173112","potions_obtained":[{"floor":1,"key":"Fire Potion"},{"floor":6,"key":"SpeedPotion"},{"floor":12,"key":"Poison Potion"},{"floor":14,"key":"Swift Potion"},{"floor":21,"key":"Energy Potion"}],"is_trial":false,"path_per_floor":["M","?","?","M","?","E","R","E","T","R","E","M","?","M","R","B",null,"M","$","?","M","M","R","E"],"character_chosen":"IRONCLAD","items_purchased":["PreservedInsect","Flash of Steel","HandDrill","Disarm"],"campfire_rested":3,"item_purchase_floors":[19,19,19,19],"current_hp_per_floor":[80,74,74,74,63,33,33,7,7,29,26,32,17,23,45,26,74,69,69,69,56,25,47,0],"gold":37,"neow_bonus":"RANDOM_COMMON_RELIC","is_prod":false,"is_daily":false,"chose_seed":false,"campfire_upgraded":1,"win_rate":0,"timestamp":1549331101,"path_taken":["M","?","?","?","?","E","R","E","T","R","E","M","?","M","R","BOSS","M","$","?","M","M","R","E"],"build_version":"2019-01-23","purchased_purges":0,"victory":false,"max_hp_per_floor":[80,74,74,74,74,74,74,74,74,74,74,74,74,74,74,74,74,74,74,74,74,74,74,74],"card_choices":[{"not_picked":["Rupture","Iron Wave"],"picked":"Disarm","floor":1},{"not_picked":["Thunderclap","Pommel Strike"],"picked":"Flame Barrier","floor":4},{"not_picked":["Clothesline","Second Wind"],"picked":"Dropkick","floor":6},{"not_picked":["Fire Breathing","Twin Strike"],"picked":"Shrug It Off","floor":8},{"not_picked":["Dropkick","Flex"],"picked":"True Grit","floor":11},{"not_picked":["Dropkick","Searing Blow","Carnage"],"picked":"SKIP","floor":12},{"not_picked":["Flex","Clothesline"],"picked":"Body Slam","floor":14},{"not_picked":["Dark Embrace","Berserk"],"picked":"Barricade","floor":16},{"not_picked":["Warcry","Rupture"],"picked":"Armaments","floor":18},{"not_picked":["Sentinel+1","Pummel+1","Sever Soul"],"picked":"SKIP","floor":21},{"not_picked":["Pommel Strike","Clash+1"],"picked":"Ghostly Armor","floor":22}],"player_experience":271018,"relics_obtained":[{"floor":6,"key":"Matryoshka"},{"floor":8,"key":"Art of War"},{"floor":9,"key":"Paper Frog"},{"floor":9,"key":"Red Skull"},{"floor":11,"key":"War Paint"}],"event_choices":[{"damage_healed":0,"gold_gain":0,"player_choice":"Lose Max HP","damage_taken":0,"relics_obtained":["Golden Idol"],"max_hp_gain":0,"max_hp_loss":6,"event_name":"Golden Idol","floor":2,"gold_loss":0},{"damage_healed":0,"gold_gain":0,"player_choice":"1 cards matched","damage_taken":0,"max_hp_gain":0,"max_hp_loss":0,"event_name":"Match and Keep!","floor":3,"gold_loss":0,"cards_obtained":["Limit Break"]},{"damage_healed":0,"gold_gain":75,"player_choice":"Gather Gold","damage_taken":11,"max_hp_gain":0,"max_hp_loss":0,"event_name":"World of Goop","floor":5,"gold_loss":0},{"damage_healed":0,"gold_gain":0,"player_choice":"Entered Light","damage_taken":15,"max_hp_gain":0,"max_hp_loss":0,"event_name":"Shining Light","floor":13,"gold_loss":0,"cards_upgraded":["Strike_R","Defend_R"]},{"damage_healed":0,"gold_gain":0,"player_choice":"Gave Idol","damage_taken":0,"relics_obtained":["Bloody Idol"],"max_hp_gain":0,"max_hp_loss":0,"event_name":"Forgotten Altar","floor":20,"relics_lost":["Golden Idol"],"gold_loss":0}],"is_beta":false,"boss_relics":[{"not_picked":["White Beast Statue","Orrery"],"picked":"Empty Cage"}],"items_purged_floors":[],"is_endless":false,"potions_floor_spawned":[1,6,12,14,21],"killed_by":"Slavers","ascension_level":1}