{"gold_per_floor":[10,10,27,40,60,60,93,93,93,93,106,441,421,437,437,533,533,545,561,576,73,89,89,89,89,89,120,120,40,57,57,57,153,153,170,170,270,290,290,324,324,340,420,437,437,452,477],"floor_reached":47,"playtime":3438,"items_purged":["Defend_R"],"score":562,"play_id":"3d8a4a5c-2898-4f46-9e6b-7d25c8e919a1","local_time":"20190127192752","is_ascension_mode":false,"campfire_choices":[{"data":"Bash","floor":6.0,"key":"SMITH"},{"data":"Flex","floor":8.0,"key":"SMITH"},{"floor":15.0,"key":"REST"},{"floor":23,"key":"REST"},{"floor":25,"key":"RECALL"},{"data":"Transmutation","floor":32,"key":"SMITH"},{"floor":41,"key":"REST"},{"floor":45,"key":"REST"}],"neow_cost":"NO_GOLD","seed_source_timestamp":16350734475133,"circlet_count":0,"master_deck":["Strike_R+1","Strike_R+1","Defend_R","Defend_R","Defend_R","Bash+1","Anger","Pommel Strike","Clothesline","Inflame","Flex+1","Cleave","Fiend Fire","Offering","Whirlwind+1","Headbutt+1","Transmutation+1","RitualDagger","Flame Barrier+1","Juggernaut","Rupture+1","Twin Strike+1","Blood for Blood+1","Doubt","Limit Break","Ghostly Armor","Writhe","Parasite","Battle Trance+1","Disarm"],"special_seed":0,"relics":["Burning Blood","Strawberry","Mercury Hourglass","Old Coin","Cursed Key","Bottled Lightning","Gremlin Horn","Letter Opener","FaceOfCleric","Astrolabe","Pocketwatch","Ancient Tea Set","Ornamental Fan"],"potions_floor_usage":[27,33,38],"damage_taken":[{"damage":6.0,"enemies":"Jaw Worm","floor":1.0,"turns":4.0},{"damage":2.0,"enemies":"Small Slimes","floor":3.0,"turns":4.0},{"damage":5.0,"enemies":"Cultist","floor":4.0,"turns":4.0},{"damage":13.0,"enemies":"Exordium Thugs","floor":5.0,"turns":5.0},{"damage":26.0,"enemies":"3 Sentries","floor":7.0,"turns":8.0},{"damage":5.0,"enemies":"3 Louse","floor":11.0,"turns":2.0},{"damage":26.0,"enemies":"Lagavulin","floor":12.0,"turns":4.0},{"damage":5.0,"enemies":"Blue Slaver","floor":14.0,"turns":2.0},{"damage":15.0,"enemies":"Slime Boss","floor":16.0,"turns":7.0},{"damage":25.0,"enemies":"2 Thieves","floor":18.0,"turns":3.0},{"damage":0.0,"enemies":"Spheric Guardian","floor":19.0,"turns":1.0},{"damage":20.0,"enemies":"Shelled Parasite and Fungi","floor":20.0,"turns":4.0},{"damage":15,"enemies":"Snake Plant","floor":22,"turns":3},{"damage":15,"enemies":"Gremlin Leader","floor":27,"turns":4},{"damage":6,"enemies":"Centurion and Healer","floor":30,"turns":2},{"damage":12,"enemies":"Collector","floor":33,"turns":6},{"damage":20,"enemies":"Orb Walker","floor":35,"turns":3},{"damage":6,"enemies":"Mind Bloom Boss Battle","floor":37,"turns":4},{"damage":8,"enemies":"3 Darklings","floor":38,"turns":2},{"damage":54,"enemies":"Reptomancer","floor":40,"turns":4},{"damage":54,"enemies":"4 Shapes","floor":42,"turns":3},{"damage":15,"enemies":"Writhing Mass","floor":44,"turns":5},{"damage":51,"enemies":"Maw","floor":46,"turns":7},{"damage":14,"enemies":"Sphere and 2 Shapes","floor":47,"turns":4}],"seed_played":"364653283172996548","potions_obtained":[{"floor":3.0,"key":"Dexterity Potion"},{"floor":4.0,"key":"GamblersBrew"},{"floor":12.0,"key":"Weak Potion"},{"floor":13.0,"key":"Block Potion"},{"floor":18.0,"key":"SteroidPotion"},{"floor":20.0,"key":"SteroidPotion"},{"floor":27,"key":"PowerPotion"},{"floor":37,"key":"GamblersBrew"},{"floor":44,"key":"Dexterity Potion"}],"is_trial":false,"path_per_floor":["M","?","M","M","M","R","E","R","T","$","M","E","?","M","R","B",null,"M","M","M","$","M","R","?","R","T","E","?","$","M","?","R","B",null,"M","T","?","M","?","E","R","M","T","M","R","M","M"],"character_chosen":"IRONCLAD","items_purchased":["Transmutation","Bottled Lightning","Corruption"],"campfire_rested":4,"item_purchase_floors":[21,21,29],"current_hp_per_floor":[96,77,81,82,75,75,62,62,62,62,63,43,43,44,74,65,103,84,90,76,76,67,97,91,91,91,82,82,82,82,82,82,77,104,91,91,92,91,91,44,76,29,29,21,54,10,0],"gold":477,"neow_bonus":"TWENTY_PERCENT_HP_BONUS","is_prod":false,"is_daily":false,"chose_seed":false,"campfire_upgraded":3,"win_rate":0,"timestamp":1548595672,"path_taken":["M","?","M","M","M","R","E","R","T","$","M","E","?","M","R","BOSS","M","?","M","$","M","R","?","R","T","E","?","?","?","?","R","BOSS","M","?","?","M","?","E","R","M","T","M","R","M","M"],"build_version":"2019-01-23","purchased_purges":1,"victory":false,"max_hp_per_floor":[96,96,96,96,96,96,103,103,103,103,103,103,103,103,103,103,103,103,103,103,103,103,103,103,103,103,103,103,103,103,103,103,104,104,105,105,106,107,107,108,108,109,109,110,110,111,111],"card_choices":[{"not_picked":["Heavy Blade","Rupture"],"picked":"Anger","floor":1.0},{"not_picked":["Anger","Entrench"],"picked":"Pommel Strike","floor":3.0},{"not_picked":["Heavy Blade","Sword Boomerang"],"picked":"Clothesline","floor":4.0},{"not_picked":["Shrug It Off","Barricade"],"picked":"Inflame","floor":5.0},{"not_picked":["Burning Pact","Wild Strike"],"picked":"Flex","floor":7.0},{"not_picked":["Clothesline","Anger"],"picked":"Cleave","floor":11.0},{"not_picked":["Thunderclap","Bloodletting"],"picked":"Fiend Fire","floor":12.0},{"not_picked":["Wild Strike","Iron Wave","Fire Breathing"],"picked":"SKIP","floor":14.0},{"not_picked":["Juggernaut","Exhume"],"picked":"Offering","floor":16.0},{"not_picked":["Cleave","Anger"],"picked":"Whirlwind+1","floor":18.0},{"not_picked":["Shrug It Off","Thunderclap"],"picked":"Headbutt+1","floor":19.0},{"not_picked":["Hemokinesis","Whirlwind+1","Clothesline"],"picked":"SKIP","floor":20.0},{"not_picked":["Evolve","Inflame","Twin Strike+1"],"picked":"SKIP","floor":22},{"not_picked":["Body Slam","Perfected Strike","Heavy Blade"],"picked":"SKIP","floor":27},{"not_picked":["Body Slam","Perfected Strike","Heavy Blade"],"picked":"SKIP","floor":27},{"not_picked":["Clothesline+1","Dual Wield"],"picked":"Flame Barrier+1","floor":30},{"not_picked":["Exhume","Fiend Fire"],"picked":"Juggernaut","floor":33},{"not_picked":["Cleave+1","Iron Wave","Wild Strike+1"],"picked":"SKIP","floor":35},{"not_picked":["Flame Barrier+1","Clash+1"],"picked":"Limit Break","floor":37},{"not_picked":["Wild Strike+1","Sword Boomerang+1","Pommel Strike"],"picked":"SKIP","floor":38},{"not_picked":["Iron Wave+1","Armaments"],"picked":"Ghostly Armor","floor":40},{"not_picked":["Heavy Blade","Evolve+1","Combust"],"picked":"SKIP","floor":42},{"not_picked":["Havoc","Iron Wave+1"],"picked":"Battle Trance+1","floor":44},{"not_picked":["Warcry","Cleave"],"picked":"Disarm","floor":46}],"player_experience":667884,"relics_obtained":[{"floor":7.0,"key":"Strawberry"},{"floor":9.0,"key":"Mercury Hourglass"},{"floor":12.0,"key":"Old Coin"},{"floor":26,"key":"Gremlin Horn"},{"floor":27,"key":"Letter Opener"},{"floor":37,"key":"Pocketwatch"},{"floor":40,"key":"Ancient Tea Set"},{"floor":43,"key":"Ornamental Fan"}],"event_choices":[{"damage_healed":0.0,"max_hp_gain":0.0,"max_hp_loss":0.0,"gold_gain":0.0,"event_name":"Shining Light","player_choice":"Entered Light","floor":2.0,"gold_loss":0.0,"damage_taken":19.0,"cards_upgraded":["Strike_R","Strike_R"]},{"damage_healed":0.0,"max_hp_gain":0.0,"max_hp_loss":0.0,"gold_gain":0.0,"event_name":"The Woman in Blue","player_choice":"Bought 1 Potion","floor":13.0,"gold_loss":0.0,"damage_taken":0.0},{"damage_healed":0,"gold_gain":0,"player_choice":"Joined the Cult","damage_taken":6,"max_hp_gain":0,"max_hp_loss":0,"event_name":"Nest","floor":24,"gold_loss":0,"cards_obtained":["RitualDagger"]},{"cards_removed":["Decay"],"damage_healed":0,"gold_gain":0,"player_choice":"Elegance","damage_taken":0,"max_hp_gain":0,"max_hp_loss":0,"event_name":"Back to Basics","floor":28,"gold_loss":0},{"damage_healed":0,"gold_gain":0,"player_choice":"Trade","damage_taken":0,"relics_obtained":["FaceOfCleric"],"max_hp_gain":0,"max_hp_loss":0,"event_name":"FaceTrader","floor":31,"gold_loss":0},{"damage_healed":0,"gold_gain":0,"player_choice":"Fight","damage_taken":0,"max_hp_gain":0,"max_hp_loss":0,"event_name":"MindBloom","floor":37,"gold_loss":0},{"cards_removed":["Corruption"],"damage_healed":0,"gold_gain":0,"player_choice":"Removed Power","damage_taken":0,"max_hp_gain":0,"max_hp_loss":0,"event_name":"Falling","floor":39,"gold_loss":0}],"is_beta":false,"boss_relics":[{"not_picked":["Fusion Hammer","Velvet Choker"],"picked":"Cursed Key"},{"not_picked":["Sozu","Empty Cage"],"picked":"Astrolabe"}],"items_purged_floors":[21],"is_endless":false,"potions_floor_spawned":[3,4,12,18,20,27,37,44],"killed_by":"Sphere and 2 Shapes","ascension_level":0}