{"gold_per_floor":[113,113,131,131,96,96,130,150,150,173,188,51,84,99,99,202,202,217,142,142,122,141,141,161,187,260,280,295,320,320,0,0,0],"floor_reached":33,"playtime":1606,"items_purged":[],"score":464,"play_id":"ba96d579-6f6c-444a-9c54-f95615403efc","local_time":"20190204202423","is_ascension_mode":true,"campfire_choices":[{"data":"Darkness","floor":6,"key":"SMITH"},{"data":"Zap","floor":15,"key":"SMITH"},{"data":"Fission","floor":23,"key":"SMITH"},{"floor":32,"key":"REST"}],"neow_cost":"TEN_PERCENT_HP_LOSS","seed_source_timestamp":1102462268836,"circlet_count":0,"master_deck":["Strike_B","Strike_B+1","Strike_B","Defend_B+1","Defend_B","Defend_B","Defend_B","Zap+1","Dualcast+1","Darkness+1","Ball Lightning","Rebound","Steam","Steam","Flash of Steel","Cold Snap","Fission+1","Ball Lightning+1","Coolheaded+1","Sunder","Leap+1","FTL+1","Decay"],"relics":["Cracked Core","Turnip","Cables","Potion Belt","Art of War","DataDisk","Black Star","PreservedInsect","Frozen Egg 2","Shuriken","Blue Candle","Gremlin Horn"],"potions_floor_usage":[7,13,16,16,22,28,29,29,33],"damage_taken":[{"damage":0,"enemies":"Cultist","floor":1,"turns":4},{"damage":1,"enemies":"2 Louse","floor":3,"turns":2},{"damage":7,"enemies":"Lagavulin","floor":7,"turns":5},{"damage":7,"enemies":"Jaw Worm","floor":8,"turns":2},{"damage":0,"enemies":"Blue Slaver","floor":11,"turns":3},{"damage":8,"enemies":"Gremlin Nob","floor":13,"turns":3},{"damage":9,"enemies":"2 Fungi Beasts","floor":14,"turns":3},{"damage":26,"enemies":"Slime Boss","floor":16,"turns":8},{"damage":17,"enemies":"3 Byrds","floor":18,"turns":4},{"damage":9,"enemies":"Shell Parasite","floor":22,"turns":4},{"damage":0,"enemies":"3 Cultists","floor":24,"turns":3},{"damage":31,"enemies":"Book of Stabbing","floor":25,"turns":5},{"damage":12,"enemies":"Cultist and Chosen","floor":27,"turns":5},{"damage":0,"enemies":"Snecko","floor":28,"turns":2},{"damage":0,"enemies":"Gremlin Leader","floor":29,"turns":4},{"damage":57,"enemies":"Champ","floor":33,"turns":10}],"seed_played":"8028505843203573288","potions_obtained":[{"floor":1,"key":"SpeedPotion"},{"floor":7,"key":"PowerPotion"},{"floor":13,"key":"Dexterity Potion"},{"floor":14,"key":"EssenceOfSteel"},{"floor":21,"key":"Poison Potion"},{"floor":24,"key":"FearPotion"},{"floor":25,"key":"Dexterity Potion"},{"floor":27,"key":"Dexterity Potion"},{"floor":29,"key":"SkillPotion"}],"is_trial":false,"path_per_floor":["M","?","M","?","?","R","E","M","T","T","M","$","E","M","R","B",null,"M","?","?","?","M","R","M","E","T","M","M","E","?","?","R","B"],"character_chosen":"DEFECT","items_purchased":["Steam","Flash of Steel"],"campfire_rested":1,"item_purchase_floors":[12,12],"current_hp_per_floor":[68,68,67,53,68,68,61,54,54,54,54,54,46,37,37,11,54,37,37,59,59,50,50,50,19,19,7,7,7,7,7,27,0],"gold":0,"neow_bonus":"ONE_RARE_RELIC","is_prod":false,"is_daily":false,"chose_seed":false,"campfire_upgraded":3,"win_rate":0,"timestamp":1549290263,"path_taken":["M","?","M","?","?","R","E","M","T","?","M","$","E","?","R","BOSS","M","?","?","?","M","R","?","E","T","M","M","E","?","?","R","BOSS"],"build_version":"2019-01-23","purchased_purges":0,"victory":false,"max_hp_per_floor":[68,68,68,68,68,68,68,68,68,68,68,68,68,68,68,68,68,68,68,68,68,68,68,68,68,68,68,68,68,68,68,68,68],"card_choices":[{"not_picked":["Aggregate","Undo"],"picked":"Darkness","floor":1},{"not_picked":["Go for the Eyes","Gash"],"picked":"Ball Lightning","floor":3},{"not_picked":["Tempest","Coolheaded"],"picked":"Rebound","floor":7},{"not_picked":["Loop","Go for the Eyes"],"picked":"Steam","floor":8},{"not_picked":["Streamline","Force Field","Beam Cell"],"picked":"SKIP","floor":11},{"not_picked":["Buffer","Chaos"],"picked":"Cold Snap","floor":13},{"not_picked":["Compile Driver","Double Energy","Sweeping Beam"],"picked":"SKIP","floor":14},{"not_picked":["Biased Cognition","Meteor Strike"],"picked":"Fission","floor":16},{"not_picked":["Force Field","Rebound+1"],"picked":"Ball Lightning+1","floor":18},{"not_picked":["Ball Lightning","Stack"],"picked":"Coolheaded+1","floor":22},{"not_picked":["Go for the Eyes+1","Sweeping Beam"],"picked":"Sunder","floor":24},{"not_picked":["Force Field","Heatsinks","Streamline"],"picked":"SKIP","floor":25},{"not_picked":["Sunder","Capacitor+1"],"picked":"Leap+1","floor":27},{"not_picked":["Rainbow","Barrage+1"],"picked":"FTL+1","floor":28},{"not_picked":["Undo","Stack","Barrage+1"],"picked":"SKIP","floor":29}],"player_experience":724833,"relics_obtained":[{"floor":7,"key":"Cables"},{"floor":9,"key":"Potion Belt"},{"floor":10,"key":"Art of War"},{"floor":13,"key":"DataDisk"},{"floor":25,"key":"PreservedInsect"},{"floor":25,"key":"Frozen Egg 2"},{"floor":26,"key":"Shuriken"},{"floor":29,"key":"Blue Candle"},{"floor":29,"key":"Gremlin Horn"}],"event_choices":[{"damage_healed":0,"gold_gain":0,"player_choice":"Grow","damage_taken":0,"max_hp_gain":0,"max_hp_loss":0,"event_name":"Living Wall","floor":2,"gold_loss":0,"cards_upgraded":["Dualcast"]},{"damage_healed":0,"gold_gain":0,"player_choice":"Entered Light","damage_taken":14,"max_hp_gain":0,"max_hp_loss":0,"event_name":"Shining Light","floor":4,"gold_loss":0,"cards_upgraded":["Strike_B","Defend_B"]},{"damage_healed":17,"gold_gain":0,"player_choice":"Healed","damage_taken":0,"max_hp_gain":0,"max_hp_loss":0,"event_name":"The Cleric","floor":5,"gold_loss":35},{"cards_removed":["Strike_B"],"damage_healed":0,"gold_gain":0,"player_choice":"Gave Gold","damage_taken":0,"max_hp_gain":0,"max_hp_loss":0,"event_name":"Beggar","floor":19,"gold_loss":75},{"damage_healed":22,"gold_gain":0,"player_choice":"Heal","damage_taken":0,"max_hp_gain":0,"max_hp_loss":0,"event_name":"The Library","floor":20,"gold_loss":0},{"damage_healed":0,"gold_gain":0,"player_choice":"Bought 1 Potion","damage_taken":0,"max_hp_gain":0,"max_hp_loss":0,"event_name":"The Woman in Blue","floor":21,"gold_loss":0},{"damage_healed":0,"gold_gain":0,"player_choice":"Smashed Altar","damage_taken":0,"max_hp_gain":0,"max_hp_loss":0,"event_name":"Forgotten Altar","floor":30,"gold_loss":0,"cards_obtained":["Decay"]},{"damage_healed":0,"gold_gain":0,"player_choice":"Paid Fearfully","damage_taken":0,"max_hp_gain":0,"max_hp_loss":0,"event_name":"Masked Bandits","floor":31,"gold_loss":320}],"is_beta":false,"boss_relics":[{"not_picked":["Ectoplasm","Snecko Eye"],"picked":"Black Star"}],"items_purged_floors":[],"is_endless":false,"potions_floor_spawned":[1,7,13,14,24,25,27,29],"killed_by":"Champ","ascension_level":9}