{"gold_per_floor":[215,390,439,449,459,459,487,213,213,213,178,11,40,53,53,151,151,161,161,174,89,39,70,88,123,123,140,151,163,182,27,27,130,130,150,0,19,67,86,114,114,64,64,64],"floor_reached":44,"playtime":4502,"items_purged":["Doubt","Strike_R","Strike_R"],"score":588,"play_id":"9303fec8-c846-4950-ac83-f56c67d4d0de","local_time":"20190201150803","is_ascension_mode":false,"campfire_choices":[{"floor":6.0,"key":"RECALL"},{"floor":10.0,"key":"REST"},{"data":"Flame Barrier","floor":15.0,"key":"SMITH"},{"data":"Barricade","floor":32,"key":"SMITH"}],"neow_cost":"NONE","seed_source_timestamp":0,"circlet_count":0,"master_deck":["Strike_R","Strike_R","Strike_R","Defend_R","Defend_R","Defend_R","Defend_R","Bash","Whirlwind","Evolve","Shrug It Off","Barricade+1","Shrug It Off","Metallicize","Entrench","Flame Barrier+1","Seeing Red","Offering","Battle Trance+1","Disarm","Body Slam","Body Slam+1","Shockwave","Double Tap","True Grit+1","Havoc+1"],"special_seed":0,"relics":["Burning Blood","Happy Flower","Pocketwatch","Smiling Mask","Velvet Choker","Question Card","Sundial","Omamori","Strawberry","Lantern","Busted Crown","Red Mask","Turnip","Meat on the Bone","Self Forming Clay"],"potions_floor_usage":[25,25,33,33,40,40,40],"damage_taken":[{"damage":7.0,"enemies":"2 Louse","floor":1.0,"turns":3.0},{"damage":11.0,"enemies":"Jaw Worm","floor":4.0,"turns":4.0},{"damage":7.0,"enemies":"Small Slimes","floor":5.0,"turns":3.0},{"damage":70.0,"enemies":"3 Sentries","floor":7.0,"turns":14.0},{"damage":22.0,"enemies":"Gremlin Nob","floor":13.0,"turns":4.0},{"damage":2.0,"enemies":"Blue Slaver","floor":14.0,"turns":6.0},{"damage":0.0,"enemies":"Slime Boss","floor":16.0,"turns":19.0},{"damage":0,"enemies":"Chosen","floor":18,"turns":7},{"damage":6,"enemies":"Shell Parasite","floor":20,"turns":9},{"damage":6,"enemies":"Book of Stabbing","floor":23,"turns":9},{"damage":14,"enemies":"Snake Plant","floor":24,"turns":7},{"damage":33,"enemies":"Slavers","floor":25,"turns":10},{"damage":11,"enemies":"3 Cultists","floor":27,"turns":5},{"damage":0,"enemies":"Sentry and Sphere","floor":28,"turns":10},{"damage":6,"enemies":"Chosen and Byrds","floor":29,"turns":9},{"damage":10,"enemies":"Cultist and Chosen","floor":30,"turns":5},{"damage":41,"enemies":"Automaton","floor":33,"turns":9},{"damage":15,"enemies":"Orb Walker","floor":35,"turns":4},{"damage":0,"enemies":"3 Darklings","floor":37,"turns":6},{"damage":65,"enemies":"2 Orb Walkers","floor":38,"turns":8},{"damage":20,"enemies":"Spire Growth","floor":39,"turns":7},{"damage":8,"enemies":"Nemesis","floor":40,"turns":7},{"damage":49,"enemies":"Transient","floor":44,"turns":5}],"seed_played":"1352179858642355326","potions_obtained":[{"floor":5.0,"key":"Fruit Juice"},{"floor":16.0,"key":"Poison Potion"},{"floor":23,"key":"Strength Potion"},{"floor":24,"key":"Dexterity Potion"},{"floor":28,"key":"Dexterity Potion"},{"floor":30,"key":"SteroidPotion"},{"floor":38,"key":"Weak Potion"},{"floor":39,"key":"FearPotion"}],"is_trial":false,"path_per_floor":["M","?","T","M","M","R","E","$","T","R","?","$","E","M","R","B",null,"M","?","M","?","$","E","M","E","T","M","M","M","M","$","R","B",null,"M","?","M","?","M","E","?","$","T","M"],"character_chosen":"IRONCLAD","items_purchased":["Barricade","Shrug It Off","BloodPotion","Metallicize","Entrench","AttackPotion","Lantern"],"campfire_rested":1,"item_purchase_floors":[8,8,8,12,12,12,31],"current_hp_per_floor":[79,79,79,74,73,78,14,14,14,39,60,60,52,56,56,62,85,85,85,85,85,85,85,77,50,57,52,58,58,54,54,54,19,92,83,83,89,30,16,14,37,37,37,0],"gold":64,"neow_bonus":"HUNDRED_GOLD","is_prod":false,"is_daily":false,"chose_seed":false,"campfire_upgraded":2,"win_rate":0,"timestamp":1549062483,"path_taken":["M","?","?","M","M","R","E","$","T","R","?","$","E","M","R","BOSS","M","?","M","?","?","E","M","E","T","M","M","M","M","$","R","BOSS","M","?","M","?","M","E","?","?","T","M"],"build_version":"2019-01-23","purchased_purges":3,"victory":false,"max_hp_per_floor":[80,80,80,80,80,85,85,85,85,85,85,85,85,85,85,85,85,85,85,85,85,85,85,85,85,92,92,92,92,92,92,92,92,92,92,92,92,92,92,92,92,92,92,92],"card_choices":[{"not_picked":["Havoc","Hemokinesis","Sentinel"],"picked":"SKIP","floor":1.0},{"not_picked":["Warcry","Shrug It Off"],"picked":"Whirlwind","floor":4.0},{"not_picked":["Wild Strike","Blood for Blood"],"picked":"Evolve","floor":5.0},{"not_picked":["Rampage","Body Slam"],"picked":"Shrug It Off","floor":7.0},{"not_picked":["Iron Wave","Barricade"],"picked":"Flame Barrier","floor":13.0},{"not_picked":["Anger","Pommel Strike"],"picked":"Seeing Red","floor":14.0},{"not_picked":["Limit Break","Reaper"],"picked":"Offering","floor":16.0},{"not_picked":["Evolve","Headbutt","Pummel"],"picked":"SKIP","floor":18},{"not_picked":["Sword Boomerang","Anger","Feel No Pain"],"picked":"SKIP","floor":20},{"not_picked":["Clash","Whirlwind+1","Iron Wave"],"picked":"Battle Trance+1","floor":23},{"not_picked":["Thunderclap+1","Spot Weakness","Shrug It Off"],"picked":"Disarm","floor":24},{"not_picked":["Fiend Fire","Battle Trance","Clash+1","Seeing Red"],"picked":"SKIP","floor":25},{"not_picked":["Sword Boomerang","True Grit+1","Perfected Strike"],"picked":"Body Slam","floor":27},{"not_picked":["Clothesline","Wild Strike","Heavy Blade","Rupture+1"],"picked":"SKIP","floor":28},{"not_picked":["Iron Wave","Feed","Ghostly Armor"],"picked":"Body Slam+1","floor":29},{"not_picked":["Inflame","Pummel","True Grit"],"picked":"Shockwave","floor":30},{"not_picked":["Exhume","Demon Form","Feed"],"picked":"Double Tap","floor":33},{"not_picked":["Battle Trance"],"picked":"True Grit+1","floor":35},{"not_picked":["Twin Strike+1","Headbutt+1"],"picked":"SKIP","floor":37},{"not_picked":["Reckless Charge+1"],"picked":"Havoc+1","floor":38},{"not_picked":["Heavy Blade+1","Shrug It Off"],"picked":"SKIP","floor":39},{"not_picked":["Intimidate+1","Uppercut+1"],"picked":"SKIP","floor":40}],"player_experience":225778,"relics_obtained":[{"floor":3.0,"key":"Happy Flower"},{"floor":7.0,"key":"Pocketwatch"},{"floor":13.0,"key":"Smiling Mask"},{"floor":23,"key":"Sundial"},{"floor":25,"key":"Omamori"},{"floor":26,"key":"Strawberry"},{"floor":38,"key":"Turnip"},{"floor":40,"key":"Meat on the Bone"},{"floor":43,"key":"Self Forming Clay"}],"event_choices":[{"damage_healed":0.0,"max_hp_gain":0.0,"max_hp_loss":0.0,"gold_gain":175.0,"event_name":"Liars Game","player_choice":"AGREE","floor":2.0,"gold_loss":0.0,"damage_taken":0.0,"cards_obtained":["Doubt"]},{"damage_healed":21.0,"max_hp_gain":0.0,"max_hp_loss":0.0,"gold_gain":0.0,"event_name":"The Cleric","player_choice":"Healed","floor":11.0,"gold_loss":35.0,"damage_taken":0.0},{"damage_healed":0,"gold_gain":0,"player_choice":"Ignored","damage_taken":0,"max_hp_gain":0,"max_hp_loss":0,"event_name":"Vampires","floor":19,"gold_loss":0},{"damage_healed":0,"gold_gain":0,"player_choice":"Obtained Relic","damage_taken":0,"relics_obtained":["Question Card"],"max_hp_gain":0,"max_hp_loss":0,"event_name":"Addict","floor":21,"gold_loss":85},{"damage_healed":0,"gold_gain":0,"player_choice":"Paid","damage_taken":0,"relics_obtained":["Red Mask"],"max_hp_gain":0,"max_hp_loss":0,"event_name":"Tomb of Lord Red Mask","floor":36,"gold_loss":150},{"damage_healed":0,"gold_gain":0,"player_choice":"Fight","damage_taken":0,"max_hp_gain":0,"max_hp_loss":0,"event_name":"Mysterious Sphere","floor":38,"gold_loss":0},{"damage_healed":23,"gold_gain":0,"player_choice":"Writhe","damage_taken":0,"max_hp_gain":0,"max_hp_loss":0,"event_name":"Winding Halls","floor":41,"gold_loss":0,"cards_obtained":["Writhe"]}],"is_beta":false,"boss_relics":[{"not_picked":["White Beast Statue","Orrery"],"picked":"Velvet Choker"},{"not_picked":["Fusion Hammer","Snecko Eye"],"picked":"Busted Crown"}],"items_purged_floors":[8,22,42],"is_endless":false,"potions_floor_spawned":[5,16,23,24,28,30,38,39],"killed_by":"Transient","ascension_level":0}