{"gold_per_floor":[109,109,109,109,125,168,168,211,211,232,247,267,267,286,286,286],"floor_reached":16,"playtime":692,"items_purged":[],"score":168,"play_id":"8efe8934-0829-4880-b4ff-661228010634","local_time":"20190207130706","is_ascension_mode":true,"campfire_choices":[{"floor":7,"key":"REST"},{"floor":13,"key":"REST"},{"data":"Seek","floor":15,"key":"SMITH"}],"neow_cost":"NONE","seed_source_timestamp":269043819308749,"circlet_count":0,"master_deck":["AscendersBane","Strike_B","Strike_B","Strike_B","Strike_B","Defend_B","Defend_B","Defend_B","Defend_B","Zap","Dualcast","Steam","Electrodynamics","FTL","Cold Snap","Cold Snap","Sunder","Coolheaded","Seek+1"],"relics":["Cracked Core","Golden Idol","Mercury Hourglass","Frozen Egg 2","Bottled Flame"],"potions_floor_usage":[8],"damage_taken":[{"damage":0,"enemies":"2 Louse","floor":1,"turns":3},{"damage":7,"enemies":"Jaw Worm","floor":5,"turns":3},{"damage":20,"enemies":"3 Sentries","floor":6,"turns":4},{"damage":29,"enemies":"Gremlin Nob","floor":8,"turns":4},{"damage":0,"enemies":"Small Slimes","floor":10,"turns":2},{"damage":9,"enemies":"Gremlin Gang","floor":11,"turns":3},{"damage":5,"enemies":"Looter","floor":12,"turns":3},{"damage":7,"enemies":"Large Slime","floor":14,"turns":3},{"damage":39,"enemies":"Hexaghost","floor":16,"turns":14}],"seed_played":"1872129454684095480","potions_obtained":[{"floor":6,"key":"Dexterity Potion"},{"floor":12,"key":"FairyPotion"},{"floor":14,"key":"Dexterity Potion"}],"is_trial":false,"path_per_floor":["M","?","?","?","M","E","R","E","T","M","M","M","R","M","R","B"],"character_chosen":"DEFECT","items_purchased":[],"campfire_rested":2,"item_purchase_floors":[],"current_hp_per_floor":[75,55,55,55,48,28,52,23,23,23,14,9,33,26,26,0],"gold":286,"neow_bonus":"TEN_PERCENT_HP_BONUS","is_prod":false,"is_daily":false,"chose_seed":false,"campfire_upgraded":1,"win_rate":0,"timestamp":1549523226,"path_taken":["M","?","?","?","M","E","R","E","T","?","M","M","R","M","R","BOSS"],"build_version":"2019-01-23","purchased_purges":0,"victory":false,"max_hp_per_floor":[82,82,82,82,82,82,82,82,82,82,82,82,82,82,82,82],"card_choices":[{"not_picked":["Hologram","Double Energy"],"picked":"Steam","floor":1},{"not_picked":["Beam Cell","Hologram"],"picked":"Cold Snap","floor":5},{"not_picked":["Fusion","Stack","Aggregate"],"picked":"SKIP","floor":6},{"not_picked":["Hologram","Blizzard","Redo"],"picked":"SKIP","floor":8},{"not_picked":["Turbo","Gash"],"picked":"Cold Snap","floor":10},{"not_picked":["Hologram","Scrape"],"picked":"Sunder","floor":11},{"not_picked":["Go for the Eyes","Gash"],"picked":"Coolheaded","floor":12},{"not_picked":["Genetic Algorithm","Ball Lightning"],"picked":"Seek","floor":14}],"player_experience":739825,"relics_obtained":[{"floor":6,"key":"Mercury Hourglass"},{"floor":8,"key":"Frozen Egg 2"},{"floor":9,"key":"Bottled Flame"}],"event_choices":[{"damage_healed":0,"gold_gain":0,"player_choice":"Take Damage","damage_taken":20,"relics_obtained":["Golden Idol"],"max_hp_gain":0,"max_hp_loss":0,"event_name":"Golden Idol","floor":2,"gold_loss":0},{"damage_healed":0,"gold_gain":0,"player_choice":"Ignored","damage_taken":0,"max_hp_gain":0,"max_hp_loss":0,"event_name":"Liars Game","floor":3,"gold_loss":0},{"damage_healed":0,"gold_gain":0,"player_choice":"2 cards matched","damage_taken":0,"max_hp_gain":0,"max_hp_loss":0,"event_name":"Match and Keep!","floor":4,"gold_loss":0,"cards_obtained":["Electrodynamics","FTL"]}],"is_beta":false,"boss_relics":[],"items_purged_floors":[],"is_endless":false,"potions_floor_spawned":[6,12,14],"killed_by":"Hexaghost","ascension_level":10}