{"gold_per_floor":[10,26,26,41,64,99,117,142,168,168,168,183,183,204,204,204],"floor_reached":16,"playtime":684,"items_purged":[],"score":111,"play_id":"d3f67cf7-3656-4f46-95b3-7a2808a301fc","local_time":"20190204115140","is_ascension_mode":true,"campfire_choices":[{"floor":10,"key":"REST"},{"floor":13,"key":"RECALL"},{"data":"Corruption","floor":15,"key":"SMITH"}],"neow_cost":"NO_GOLD","seed_source_timestamp":151633122144659,"circlet_count":0,"master_deck":["Strike_R","Strike_R","Strike_R","Defend_R","Defend_R","Defend_R","Defend_R","Bash","Hemokinesis","Shockwave","Corruption+1","Feel No Pain","Evolve","Armaments","Shockwave"],"relics":["Burning Blood","Golden Idol","Potion Belt","Bag of Preparation","Oddly Smooth Stone"],"potions_floor_usage":[6,6,16,16],"damage_taken":[{"damage":7,"enemies":"Small Slimes","floor":1,"turns":4},{"damage":9,"enemies":"Jaw Worm","floor":2,"turns":3},{"damage":6,"enemies":"2 Louse","floor":4,"turns":3},{"damage":6,"enemies":"2 Fungi Beasts","floor":5,"turns":3},{"damage":48,"enemies":"3 Sentries","floor":6,"turns":9},{"damage":18,"enemies":"Looter","floor":7,"turns":3},{"damage":4,"enemies":"Exordium Wildlife","floor":8,"turns":4},{"damage":3,"enemies":"Blue Slaver","floor":12,"turns":4},{"damage":7,"enemies":"Looter","floor":14,"turns":4},{"damage":44,"enemies":"The Guardian","floor":16,"turns":9}],"seed_played":"-2552423833304098464","potions_obtained":[{"floor":1,"key":"PowerPotion"},{"floor":5,"key":"Block Potion"},{"floor":8,"key":"SpeedPotion"},{"floor":14,"key":"Dexterity Potion"}],"is_trial":false,"path_per_floor":["M","M","?","M","M","E","M","M","T","R","?","M","R","M","R","B"],"character_chosen":"IRONCLAD","items_purchased":[],"campfire_rested":1,"item_purchase_floors":[],"current_hp_per_floor":[79,76,74,74,74,32,20,22,22,44,41,44,44,43,43,0],"gold":204,"neow_bonus":"REMOVE_TWO","is_prod":false,"is_daily":false,"chose_seed":false,"campfire_upgraded":1,"win_rate":0,"timestamp":1549309900,"path_taken":["M","M","?","M","M","E","M","M","T","R","?","M","R","M","R","BOSS"],"build_version":"2019-01-23","purchased_purges":0,"victory":false,"max_hp_per_floor":[80,80,74,74,74,74,74,74,74,74,74,74,74,74,74,74],"card_choices":[{"not_picked":["Second Wind","True Grit"],"picked":"Hemokinesis","floor":1},{"not_picked":["Warcry","Sever Soul"],"picked":"Shockwave","floor":2},{"not_picked":["Wild Strike","Cleave"],"picked":"Corruption","floor":4},{"not_picked":["Fire Breathing","Rage","Combust"],"picked":"SKIP","floor":5},{"not_picked":["True Grit","Perfected Strike"],"picked":"Feel No Pain","floor":6},{"not_picked":["Power Through","Flex"],"picked":"Evolve","floor":7},{"not_picked":["Heavy Blade","Clash"],"picked":"Armaments","floor":8},{"not_picked":["Twin Strike","Cleave","Perfected Strike"],"picked":"SKIP","floor":12},{"not_picked":["Dual Wield","Armaments"],"picked":"Shockwave","floor":14}],"player_experience":264838,"relics_obtained":[{"floor":6,"key":"Potion Belt"},{"floor":9,"key":"Bag of Preparation"}],"event_choices":[{"damage_healed":0,"gold_gain":0,"player_choice":"Lose Max HP","damage_taken":0,"relics_obtained":["Golden Idol"],"max_hp_gain":0,"max_hp_loss":6,"event_name":"Golden Idol","floor":3,"gold_loss":0},{"damage_healed":0,"gold_gain":0,"player_choice":"Success","damage_taken":3,"relics_obtained":["Oddly Smooth Stone"],"max_hp_gain":0,"max_hp_loss":0,"event_name":"Scrap Ooze","floor":11,"gold_loss":0}],"is_beta":false,"boss_relics":[],"items_purged_floors":[],"is_endless":false,"potions_floor_spawned":[1,5,8,14],"killed_by":"The Guardian","ascension_level":1}