{"gold_per_floor":[111,41,57,232,251,251,286,286,311,340,350,365,365,6,6,6],"floor_reached":16,"playtime":792,"items_purged":[],"score":160,"play_id":"f2b7eeed-8618-447c-9ea8-b2081047c572","local_time":"20190120102031","is_ascension_mode":true,"campfire_choices":[{"data":"Static Discharge","floor":6,"key":"SMITH"},{"floor":8,"key":"REST"},{"floor":15,"key":"REST"}],"neow_cost":"NONE","seed_source_timestamp":1109585466155,"circlet_count":0,"master_deck":["Strike_B","Strike_B","Strike_B","Strike_B","Defend_B","Defend_B+1","Defend_B","Defend_B","Zap","Dualcast","Darkness","Static Discharge+1","Cold Snap+1","Doubt","Redo","Glacier","FTL","Steam","Panache"],"relics":["Cracked Core","NeowsBlessing","Bronze Scales","Oddly Smooth Stone","Orichalcum","Ancient Tea Set"],"potions_floor_usage":[11,12,16],"damage_taken":[{"damage":0,"enemies":"Cultist","floor":1,"turns":1},{"damage":0,"enemies":"2 Louse","floor":3,"turns":1},{"damage":0,"enemies":"Jaw Worm","floor":5,"turns":1},{"damage":35,"enemies":"Gremlin Nob","floor":7,"turns":4},{"damage":14,"enemies":"3 Sentries","floor":10,"turns":8},{"damage":4,"enemies":"Exordium Thugs","floor":11,"turns":4},{"damage":10,"enemies":"Large Slime","floor":12,"turns":5},{"damage":38,"enemies":"Slime Boss","floor":16,"turns":6}],"seed_played":"-3953750284963474768","potions_obtained":[{"floor":1,"key":"Energy Potion"},{"floor":3,"key":"Fire Potion"},{"floor":5,"key":"Ancient Potion"}],"is_trial":false,"path_per_floor":["M","$","M","?","M","R","E","R","T","E","M","M","?","$","R","B"],"character_chosen":"DEFECT","items_purchased":["Static Discharge","Ancient Tea Set","Panache","Energy Potion"],"campfire_rested":2,"item_purchase_floors":[2,14,14,14],"current_hp_per_floor":[68,68,68,68,68,68,33,55,55,41,37,27,12,12,34,0],"gold":6,"neow_bonus":"THREE_ENEMY_KILL","is_prod":false,"is_daily":false,"chose_seed":false,"campfire_upgraded":1,"win_rate":0,"timestamp":1547958031,"path_taken":["M","$","?","?","M","R","E","R","T","E","M","M","?","$","R","BOSS"],"build_version":"2019-01-17v2","purchased_purges":0,"victory":false,"max_hp_per_floor":[75,75,75,75,75,75,75,75,75,75,75,75,75,75,75,75],"card_choices":[{"not_picked":["Beam Cell","Skim"],"picked":"Darkness","floor":1},{"not_picked":["Heatsinks","Leap"],"picked":"Cold Snap","floor":3},{"not_picked":["Streamline","Aggregate"],"picked":"Redo","floor":5},{"not_picked":["Fusion","Stack"],"picked":"Glacier","floor":7},{"not_picked":["Barrage","Loop"],"picked":"FTL","floor":10},{"not_picked":["Compile Driver","Lockon","Cold Snap"],"picked":"SKIP","floor":11},{"not_picked":["Conserve Battery","Lockon"],"picked":"Steam","floor":12}],"player_experience":606774,"relics_obtained":[{"floor":7,"key":"Bronze Scales"},{"floor":9,"key":"Oddly Smooth Stone"},{"floor":10,"key":"Orichalcum"}],"event_choices":[{"damage_healed":0,"gold_gain":175,"player_choice":"AGREE","damage_taken":0,"max_hp_gain":0,"max_hp_loss":0,"event_name":"Liars Game","floor":4,"gold_loss":0,"cards_obtained":["Doubt"]},{"damage_healed":0,"gold_gain":0,"player_choice":"Entered Light","damage_taken":15,"max_hp_gain":0,"max_hp_loss":0,"event_name":"Shining Light","floor":13,"gold_loss":0,"cards_upgraded":["Defend_B","Cold Snap"]}],"is_beta":false,"boss_relics":[],"items_purged_floors":[],"is_endless":false,"potions_floor_spawned":[1,3,5],"killed_by":"Slime Boss","ascension_level":9}