{"gold_per_floor":[109,109,128,128,139,139,139,10,10,21,21,21,21,41,41,113,113,132,132,22,40,56,56,56],"floor_reached":24,"playtime":887,"items_purged":["Regret","Regret"],"score":388,"play_id":"56f48fb9-1824-41f1-b135-a56a2b4e8dfc","local_time":"20190206170810","is_ascension_mode":true,"campfire_choices":[{"data":"Zap","floor":6.0,"key":"SMITH"},{"data":"Conserve Battery","floor":11.0,"key":"SMITH"},{"data":"Dualcast","floor":13.0,"key":"SMITH"},{"floor":15,"key":"REST"},{"floor":23,"key":"REST"}],"neow_cost":"NONE","seed_source_timestamp":405441492719813,"circlet_count":0,"master_deck":["AscendersBane","Strike_B","Strike_B","Strike_B","Strike_B","Defend_B","Defend_B","Defend_B","Defend_B","Zap+1","Dualcast+1","Ball Lightning","Sweeping Beam","Conserve Battery+1","Self Repair","Gash","Electrodynamics","Writhe","Clumsy","Chaos+1","FTL","Go for the Eyes"],"special_seed":0,"relics":["Cracked Core","Bag of Preparation","Darkstone Periapt","Bird Faced Urn","The Courier","Calling Bell","Oddly Smooth Stone","Ornamental Fan","Calipers"],"potions_floor_usage":[16,18,22,24],"damage_taken":[{"damage":2.0,"enemies":"Jaw Worm","floor":1.0,"turns":5.0},{"damage":7.0,"enemies":"2 Louse","floor":3.0,"turns":3.0},{"damage":8.0,"enemies":"Small Slimes","floor":5.0,"turns":5.0},{"damage":12.0,"enemies":"Exordium Thugs","floor":10.0,"turns":4.0},{"damage":10,"enemies":"Large Slime","floor":14,"turns":4},{"damage":35,"enemies":"Slime Boss","floor":16,"turns":9},{"damage":6,"enemies":"2 Thieves","floor":18,"turns":4},{"damage":13,"enemies":"Spheric Guardian","floor":21,"turns":4},{"damage":34,"enemies":"Shelled Parasite and Fungi","floor":22,"turns":7},{"damage":63,"enemies":"Book of Stabbing","floor":24,"turns":6}],"seed_played":"1846359127214733683","potions_obtained":[{"floor":1.0,"key":"Strength Potion"},{"floor":5.0,"key":"Block Potion"},{"floor":16,"key":"AttackPotion"},{"floor":21,"key":"Weak Potion"},{"floor":22,"key":"PowerPotion"}],"is_trial":false,"path_per_floor":["M","?","M","T","M","R","?","$","T","M","R","$","R","M","R","B",null,"M","?","$","M","M","R","E"],"character_chosen":"DEFECT","items_purchased":["Conserve Battery","FTL"],"campfire_rested":2,"item_purchase_floors":[8,20],"current_hp_per_floor":[62,68,61,61,53,53,53,53,53,41,41,41,41,40,63,37,85,88,60,60,49,26,56,0],"gold":56,"neow_bonus":"RANDOM_COMMON_RELIC","is_prod":false,"is_daily":false,"chose_seed":false,"campfire_upgraded":3,"win_rate":0,"timestamp":1549472890,"path_taken":["M","?","M","?","M","R","?","$","T","M","R","?","R","M","R","BOSS","M","?","$","M","M","R","E"],"build_version":"2019-01-23","purchased_purges":2,"victory":false,"max_hp_per_floor":[71,77,77,77,77,77,77,77,77,77,77,77,77,77,77,77,95,95,100,100,100,100,100,100],"card_choices":[{"not_picked":["Scrape","Steam","Barrage"],"picked":"SKIP","floor":1.0},{"not_picked":["BootSequence","Rebound"],"picked":"Ball Lightning","floor":3.0},{"not_picked":["Beam Cell","Static Discharge"],"picked":"Sweeping Beam","floor":5.0},{"not_picked":["BootSequence","Stack"],"picked":"Self Repair","floor":10.0},{"not_picked":["Stack","Leap"],"picked":"Gash","floor":14},{"not_picked":["Fission","Rainbow"],"picked":"Electrodynamics","floor":16},{"not_picked":["Undo","Barrage"],"picked":"Chaos+1","floor":18},{"not_picked":["Rainbow","Skim"],"picked":"Go for the Eyes","floor":21},{"not_picked":["Stack","Sunder","Tempest"],"picked":"SKIP","floor":22}],"player_experience":1271450,"relics_obtained":[{"floor":4.0,"key":"Bird Faced Urn"},{"floor":9.0,"key":"The Courier"},{"floor":17,"key":"Oddly Smooth Stone"},{"floor":17,"key":"Ornamental Fan"},{"floor":17,"key":"Calipers"}],"event_choices":[{"damage_healed":0.0,"max_hp_gain":0.0,"max_hp_loss":0.0,"gold_gain":0.0,"event_name":"Big Fish","player_choice":"Box","floor":2.0,"gold_loss":0.0,"damage_taken":0.0,"relics_obtained":["Darkstone Periapt"],"cards_obtained":["Regret"]},{"damage_healed":0.0,"max_hp_gain":0.0,"max_hp_loss":0.0,"gold_gain":0.0,"event_name":"Shining Light","player_choice":"Ignored","floor":7.0,"gold_loss":0.0,"damage_taken":0.0},{"damage_healed":0,"gold_gain":0,"player_choice":"Shed Blood","damage_taken":33,"max_hp_gain":5,"max_hp_loss":0,"event_name":"Forgotten Altar","floor":19,"gold_loss":0}],"is_beta":false,"boss_relics":[{"not_picked":["Runic Pyramid","Eternal Feather"],"picked":"Calling Bell"}],"items_purged_floors":[8,20],"is_endless":false,"potions_floor_spawned":[1,5,16,21,22],"killed_by":"Book of Stabbing","ascension_level":19}