{"gold_per_floor":[110,129,129,142,142,176,176,176],"floor_reached":8,"playtime":2481,"items_purged":[],"score":81,"play_id":"232ab54c-3e2c-4d38-8e5a-facda092b6ea","local_time":"20190126113427","is_ascension_mode":true,"campfire_choices":[{"data":"Dualcast","floor":7,"key":"SMITH"}],"neow_cost":"NONE","seed_source_timestamp":1140456940582,"circlet_count":0,"master_deck":["Strike_B","Strike_B","Strike_B","Defend_B","Defend_B","Defend_B","Defend_B","Zap","Dualcast+1","FTL","Coolheaded","Self Repair","Conserve Battery","Auto Shields"],"relics":["Cracked Core","Lantern","Sundial","Mercury Hourglass"],"potions_floor_usage":[6,8],"damage_taken":[{"damage":3,"enemies":"Jaw Worm","floor":1,"turns":4},{"damage":3,"enemies":"Small Slimes","floor":2,"turns":4},{"damage":3,"enemies":"Cultist","floor":4,"turns":4},{"damage":18,"enemies":"Lagavulin","floor":6,"turns":8},{"damage":47,"enemies":"Gremlin Nob","floor":8,"turns":4}],"seed_played":"4136828586043135106","potions_obtained":[{"floor":1,"key":"SkillPotion"},{"floor":4,"key":"Swift Potion"}],"is_trial":false,"path_per_floor":["M","M","?","M","?","E","R","E"],"character_chosen":"DEFECT","items_purchased":[],"campfire_rested":0,"item_purchase_floors":[],"current_hp_per_floor":[65,62,59,56,56,45,45,0],"gold":176,"neow_bonus":"RANDOM_COMMON_RELIC","is_prod":false,"is_daily":false,"chose_seed":false,"campfire_upgraded":1,"win_rate":0,"timestamp":1548480867,"path_taken":["M","M","?","M","?","E","R","E"],"build_version":"2019-01-23","purchased_purges":0,"victory":false,"max_hp_per_floor":[75,75,75,75,75,75,75,75],"card_choices":[{"not_picked":["Compile Driver","Leap"],"picked":"FTL","floor":1},{"not_picked":["Turbo","Leap"],"picked":"Coolheaded","floor":2},{"not_picked":["Coolheaded","Barrage"],"picked":"Self Repair","floor":4},{"not_picked":["Steam","Beam Cell"],"picked":"Auto Shields","floor":6}],"player_experience":659435,"relics_obtained":[{"floor":6,"key":"Mercury Hourglass"}],"event_choices":[{"damage_healed":0,"gold_gain":0,"player_choice":"Success","damage_taken":3,"relics_obtained":["Sundial"],"max_hp_gain":0,"max_hp_loss":0,"event_name":"Scrap Ooze","floor":3,"gold_loss":0},{"damage_healed":0,"gold_gain":0,"cards_transformed":["Strike_B"],"player_choice":"Change","damage_taken":0,"max_hp_gain":0,"max_hp_loss":0,"event_name":"Living Wall","floor":5,"gold_loss":0,"cards_obtained":["Conserve Battery"]}],"is_beta":false,"boss_relics":[],"items_purged_floors":[],"is_endless":false,"potions_floor_spawned":[1,4],"killed_by":"Gremlin Nob","ascension_level":9}