{"gold_per_floor":[112,129,129,156,179,191,237,262,274,303,315,355,367,389,401,517,579,606,638,323,233,243,243],"floor_reached":23,"playtime":1151,"items_purged":["Defend_B"],"score":280,"play_id":"a9277714-df31-4e45-9048-753f7371c28d","local_time":"20190205131025","is_ascension_mode":true,"campfire_choices":[{"floor":11,"key":"REST"},{"data":"Go for the Eyes","floor":15,"key":"SMITH"}],"neow_cost":"NONE","seed_source_timestamp":95980862179954,"circlet_count":0,"master_deck":["Strike_B","Strike_B+1","Defend_B+1","Defend_B","Zap+1","Dualcast","Rebound","BootSequence","Streamline","Go for the Eyes+1","Cold Snap+1","Steam","Core Surge","Electrodynamics","Ball Lightning","Leap","Beam Cell"],"relics":["Cracked Core","MawBank","Bottled Flame","Ornamental Fan","Odd Mushroom","Tiny House","Kunai"],"potions_floor_usage":[7,12,18,23,23],"damage_taken":[{"damage":4,"enemies":"Jaw Worm","floor":1,"turns":5},{"damage":0,"enemies":"2 Louse","floor":2,"turns":2},{"damage":0,"enemies":"Cultist","floor":5,"turns":3},{"damage":30,"enemies":"Lagavulin","floor":7,"turns":6},{"damage":0,"enemies":"2 Fungi Beasts","floor":8,"turns":2},{"damage":5,"enemies":"Exordium Thugs","floor":10,"turns":4},{"damage":3,"enemies":"The Mushroom Lair","floor":12,"turns":4},{"damage":4,"enemies":"Lots of Slimes","floor":14,"turns":5},{"damage":16,"enemies":"Hexaghost","floor":16,"turns":11},{"damage":0,"enemies":"3 Byrds","floor":18,"turns":3},{"damage":2,"enemies":"Chosen","floor":19,"turns":4},{"damage":11,"enemies":"Centurion and Healer","floor":22,"turns":6},{"damage":50,"enemies":"Gremlin Leader","floor":23,"turns":6}],"seed_played":"5816276476564234402","potions_obtained":[{"floor":5,"key":"SkillPotion"},{"floor":7,"key":"Energy Potion"},{"floor":16,"key":"FearPotion"},{"floor":17,"key":"Weak Potion"},{"floor":18,"key":"Dexterity Potion"},{"floor":19,"key":"AttackPotion"}],"is_trial":false,"path_per_floor":["M","M","?","T","M","?","E","M","T","M","R","?","?","M","R","B",null,"M","M","$","?","M","E"],"character_chosen":"DEFECT","items_purchased":["Kunai"],"campfire_rested":1,"item_purchase_floors":[20],"current_hp_per_floor":[64,64,49,49,49,42,12,12,12,7,29,26,26,22,22,6,63,63,61,61,61,50,0],"gold":243,"neow_bonus":"REMOVE_CARD","is_prod":false,"is_daily":false,"chose_seed":false,"campfire_upgraded":1,"win_rate":0,"timestamp":1549350625,"path_taken":["M","M","?","?","M","?","E","M","T","?","R","?","?","M","R","BOSS","M","M","$","?","?","E"],"build_version":"2019-01-23","purchased_purges":1,"victory":false,"max_hp_per_floor":[75,75,75,75,75,75,75,75,75,75,75,75,75,75,75,75,80,80,80,80,80,80,80],"card_choices":[{"not_picked":["Hologram","Reinforced Body"],"picked":"Rebound","floor":1},{"not_picked":["Coolheaded","Stack"],"picked":"BootSequence","floor":2},{"not_picked":["Turbo","Reinforced Body"],"picked":"Streamline","floor":5},{"not_picked":["Rebound","All For One"],"picked":"Go for the Eyes","floor":7},{"not_picked":["Double Energy","Heatsinks","Ball Lightning"],"picked":"SKIP","floor":8},{"not_picked":["Steam","White Noise"],"picked":"Cold Snap","floor":10},{"not_picked":["Steam Power","Streamline"],"picked":"Steam","floor":12},{"not_picked":["Streamline","Blizzard"],"picked":"Core Surge","floor":14},{"not_picked":["Rainbow","Reboot"],"picked":"Electrodynamics","floor":16},{"not_picked":["Blizzard","Coolheaded"],"picked":"Ball Lightning","floor":17},{"not_picked":["Rebound","Steam","Reinforced Body+1"],"picked":"SKIP","floor":18},{"not_picked":["Capacitor","Rebound"],"picked":"Leap","floor":19},{"not_picked":["Barrage","Melter"],"picked":"Beam Cell","floor":22}],"player_experience":724833,"relics_obtained":[{"floor":4,"key":"MawBank"},{"floor":7,"key":"Bottled Flame"},{"floor":9,"key":"Ornamental Fan"},{"floor":12,"key":"Odd Mushroom"}],"event_choices":[{"damage_healed":0,"gold_gain":0,"player_choice":"Entered Light","damage_taken":15,"max_hp_gain":0,"max_hp_loss":0,"event_name":"Shining Light","floor":3,"gold_loss":0,"cards_upgraded":["Strike_B","Defend_B"]},{"damage_healed":0,"gold_gain":0,"player_choice":"Damaged","damage_taken":7,"max_hp_gain":0,"max_hp_loss":0,"event_name":"Wheel of Change","floor":6,"gold_loss":0},{"damage_healed":0,"gold_gain":0,"player_choice":"Fought Mushrooms","damage_taken":0,"max_hp_gain":0,"max_hp_loss":0,"event_name":"Mushrooms","floor":12,"gold_loss":0},{"cards_removed":["Defend_B"],"damage_healed":0,"gold_gain":0,"player_choice":"Purged","damage_taken":0,"max_hp_gain":0,"max_hp_loss":0,"event_name":"Purifier","floor":13,"gold_loss":0},{"cards_removed":["Strike_B"],"damage_healed":0,"gold_gain":0,"player_choice":"Upgrade and Remove","damage_taken":0,"max_hp_gain":0,"max_hp_loss":0,"event_name":"Designer","floor":21,"gold_loss":90,"cards_upgraded":["Cold Snap"]}],"is_beta":false,"boss_relics":[{"not_picked":["Philosopher\u0027s Stone","Eternal Feather"],"picked":"Tiny House"}],"items_purged_floors":[20],"is_endless":false,"potions_floor_spawned":[5,7,16,18,19],"killed_by":"Gremlin Leader","ascension_level":9}