{"gold_per_floor":[110,129,20,36,19,46,46,77,77,105,105,30,59,71,71,176,176,194,293,24,0,0,31,31,47,92,92,17,43,111,125,125,125],"floor_reached":33,"playtime":2234,"items_purged":["Strike_B"],"score":460,"play_id":"94c3b65c-c833-487d-ba31-69fd9711d48d","local_time":"20190119105408","is_ascension_mode":true,"campfire_choices":[{"floor":11,"key":"REST"},{"floor":15,"key":"REST"},{"floor":24,"key":"REST"},{"floor":27,"key":"REST"},{"floor":32,"key":"REST"}],"neow_cost":"NONE","seed_source_timestamp":757622690871,"circlet_count":0,"master_deck":["Strike_B","Strike_B","Defend_B","Defend_B","Defend_B","Defend_B","Zap","Dualcast","Go for the Eyes","Glacier","Hologram","Go for the Eyes","Go for the Eyes","Capacitor","Doom and Gloom","Rebound","Electrodynamics","Machine Learning","Conserve Battery","FTL","Scrape","Cold Snap","Sweeping Beam","Coolheaded","Sweeping Beam","All For One","Redo+1","Go for the Eyes"],"relics":["FrozenCore","NeowsBlessing","PreservedInsect","WingedGreaves","Emotion Chip","StoneCalendar","Strawberry","Dream Catcher","Regal Pillow","WarpedTongs","Pen Nib","Bag of Preparation","Smiling Mask","Symbiotic Virus"],"potions_floor_usage":[13,14,16,18,25,29],"damage_taken":[{"damage":0,"enemies":"2 Louse","floor":1,"turns":1},{"damage":0,"enemies":"Cultist","floor":2,"turns":1},{"damage":0,"enemies":"Small Slimes","floor":4,"turns":1},{"damage":4,"enemies":"Exordium Thugs","floor":5,"turns":4},{"damage":16,"enemies":"Lagavulin","floor":6,"turns":11},{"damage":17,"enemies":"Gremlin Nob","floor":8,"turns":4},{"damage":9,"enemies":"Lagavulin","floor":10,"turns":7},{"damage":22,"enemies":"Gremlin Nob","floor":13,"turns":5},{"damage":2,"enemies":"Large Slime","floor":14,"turns":4},{"damage":6,"enemies":"The Guardian","floor":16,"turns":10},{"damage":23,"enemies":"2 Thieves","floor":18,"turns":5},{"damage":27,"enemies":"Book of Stabbing","floor":23,"turns":7},{"damage":27,"enemies":"3 Byrds","floor":25,"turns":5},{"damage":27,"enemies":"Slavers","floor":29,"turns":4},{"damage":8,"enemies":"Snake Plant","floor":31,"turns":3},{"damage":79,"enemies":"Collector","floor":33,"turns":10}],"seed_played":"-4709309935139213659","potions_obtained":[{"floor":4,"key":"Fire Potion"},{"floor":8,"key":"Strength Potion"},{"floor":10,"key":"Weak Potion"},{"floor":13,"key":"PowerPotion"},{"floor":16,"key":"Poison Potion"},{"floor":25,"key":"SpeedPotion"}],"is_trial":false,"path_per_floor":["M","M","?","M","M","E","?","E","T","E","R","$","E","M","R","B",null,"M","?","$","?","?","E","R","M","T","R","?","E","T","M","R","B"],"character_chosen":"DEFECT","items_purchased":["FTL","Regal Pillow","Scrape"],"campfire_rested":5,"item_purchase_floors":[20,20,20],"current_hp_per_floor":[68,68,68,68,64,48,48,31,31,29,53,53,31,29,53,47,73,50,50,50,50,50,23,62,35,35,74,74,47,47,39,78,0],"gold":125,"neow_bonus":"THREE_ENEMY_KILL","is_prod":false,"is_daily":false,"chose_seed":false,"campfire_upgraded":0,"win_rate":0,"timestamp":1547873648,"path_taken":["M","M","?","?","?","E","?","E","T","E","R","$","E","M","R","BOSS","M","?","$","?","?","E","R","?","T","R","?","E","?","M","R","BOSS"],"build_version":"2019-01-17v2","purchased_purges":1,"victory":false,"max_hp_per_floor":[75,75,75,75,75,75,75,75,75,82,82,82,82,82,82,82,82,82,82,82,82,82,82,82,82,82,82,82,82,82,82,82,82],"card_choices":[{"not_picked":["Beam Cell","Rebound"],"picked":"Go for the Eyes","floor":1},{"not_picked":["Sunder","Gash"],"picked":"Glacier","floor":2},{"not_picked":["Leap","Undo"],"picked":"Hologram","floor":4},{"not_picked":["Coolheaded","Barrage"],"picked":"Go for the Eyes","floor":5},{"not_picked":["Rebound","Scrape"],"picked":"Go for the Eyes","floor":6},{"not_picked":["Hello World","Conserve Battery"],"picked":"Capacitor","floor":8},{"not_picked":["Self Repair","Skim"],"picked":"Doom and Gloom","floor":10},{"not_picked":["Hologram","Streamline","Doom and Gloom"],"picked":"SKIP","floor":13},{"not_picked":["Chaos","Hello World"],"picked":"Rebound","floor":14},{"not_picked":["Stack","Steam"],"picked":"Electrodynamics","floor":15},{"not_picked":["Thunder Strike","Buffer"],"picked":"Machine Learning","floor":16},{"not_picked":["Leap","Darkness+1"],"picked":"Conserve Battery","floor":18},{"not_picked":["Turbo","Self Repair"],"picked":"Cold Snap","floor":23},{"not_picked":["Cold Snap","Streamline"],"picked":"Sweeping Beam","floor":24},{"not_picked":["Turbo","Lockon"],"picked":"Coolheaded","floor":25},{"not_picked":["Ball Lightning","Blizzard"],"picked":"Sweeping Beam","floor":27},{"not_picked":["Blizzard+1","Gash"],"picked":"All For One","floor":29},{"not_picked":["Stack","Hello World"],"picked":"Redo+1","floor":31},{"not_picked":["Compile Driver","Leap"],"picked":"Go for the Eyes","floor":32}],"player_experience":593466,"relics_obtained":[{"floor":6,"key":"WingedGreaves"},{"floor":8,"key":"Emotion Chip"},{"floor":9,"key":"StoneCalendar"},{"floor":10,"key":"Strawberry"},{"floor":13,"key":"Dream Catcher"},{"floor":23,"key":"Pen Nib"},{"floor":26,"key":"Bag of Preparation"},{"floor":29,"key":"Smiling Mask"},{"floor":30,"key":"Symbiotic Virus"}],"event_choices":[{"damage_healed":0,"gold_gain":0,"player_choice":"Paid Gold","damage_taken":0,"relics_obtained":["PreservedInsect"],"max_hp_gain":0,"max_hp_loss":0,"event_name":"WeMeetAgain","floor":3,"gold_loss":109},{"cards_removed":["Strike_B"],"damage_healed":0,"gold_gain":0,"player_choice":"Purged","damage_taken":0,"max_hp_gain":0,"max_hp_loss":0,"event_name":"Purifier","floor":7,"gold_loss":0},{"damage_healed":0,"gold_gain":99,"player_choice":"Stole From Cult","damage_taken":0,"max_hp_gain":0,"max_hp_loss":0,"event_name":"Nest","floor":19,"gold_loss":0},{"damage_healed":0,"gold_gain":0,"player_choice":"Paid Fearfully","damage_taken":0,"max_hp_gain":0,"max_hp_loss":0,"event_name":"Masked Bandits","floor":21,"gold_loss":24},{"damage_healed":0,"gold_gain":0,"player_choice":"Rummage","damage_taken":0,"relics_obtained":["WarpedTongs"],"max_hp_gain":0,"max_hp_loss":0,"event_name":"Accursed Blacksmith","floor":22,"gold_loss":0,"cards_obtained":["Pain"]},{"cards_removed":["Pain"],"damage_healed":0,"gold_gain":0,"player_choice":"Gave Gold","damage_taken":0,"max_hp_gain":0,"max_hp_loss":0,"event_name":"Beggar","floor":28,"gold_loss":75}],"is_beta":false,"boss_relics":[{"not_picked":["Tiny House","Philosopher\u0027s Stone"],"picked":"FrozenCore"}],"items_purged_floors":[12],"is_endless":false,"potions_floor_spawned":[4,8,10,13,16,25],"killed_by":"Collector","ascension_level":8}