{"gold_per_floor":[115,40,60,77,77,77,111,121,144,176,194,194,13,26,26,126,126,146,146,162,172,189,222,238,238,238,268,42,42,242,256,256,352,352,366,386,402,421,421,296,296,296,308,347,377,414,436,473,485,497,509,521,87,112,112],"floor_reached":56,"playtime":6544,"items_purged":["Pain","Regret","Strike_R","Strike_R"],"score":1419,"play_id":"6eaedc3f-6677-4174-9d7a-621cab34f95e","local_time":"20190208180543","is_ascension_mode":true,"campfire_choices":[{"data":"Armaments","floor":6,"key":"SMITH"},{"data":"Whirlwind","floor":12,"key":"SMITH"},{"data":"True Grit","floor":15,"key":"SMITH"},{"data":"Flame Barrier","floor":25,"key":"SMITH"},{"data":"Warcry","floor":29,"key":"SMITH"},{"data":"Havoc","floor":32,"key":"SMITH"},{"data":"Warcry","floor":41,"key":"SMITH"},{"floor":49,"key":"RECALL"},{"data":"Juggernaut","floor":52,"key":"SMITH"}],"neow_cost":"CURSE","seed_source_timestamp":112856377544969,"circlet_count":0,"master_deck":["Defend_R","Defend_R","Defend_R","Defend_R","Bash+1","Seeing Red","Armaments+1","Havoc+1","Whirlwind+1","Shockwave","Feel No Pain","True Grit+1","Warcry+1","Impervious","Sever Soul","Exhume","Burning Pact+1","Impervious","Clothesline+1","Flame Barrier","Flame Barrier+1","Juggernaut+1","Corruption","Fiend Fire","Shrug It Off","Sentinel+1","Shrug It Off+1","Exhume","Double Tap+1","Metallicize+1","Reaper+1","Warcry+1","Havoc+1","Flame Barrier+1","Shrug It Off","Flash of Steel+1","Discovery","Jack Of All Trades","Burning Pact","Feel No Pain+1","Panache","Impatience"],"relics":["Burning Blood","Charon\u0027s Ashes","Anchor","Omamori","Happy Flower","Dodecahedron","Mark of Pain","Bronze Scales","FossilizedHelix","Astrolabe","MawBank","The Courier","Red Skull","Molten Egg 2","Whetstone","War Paint","Shuriken"],"potions_floor_usage":[16,23,24,27,27,33,55,55,55],"damage_taken":[{"damage":18,"enemies":"Jaw Worm","floor":1,"turns":6},{"damage":1,"enemies":"Cultist","floor":3,"turns":4},{"damage":0,"enemies":"Small Slimes","floor":4,"turns":2},{"damage":45,"enemies":"Lagavulin","floor":7,"turns":8},{"damage":0,"enemies":"Gremlin Gang","floor":8,"turns":1},{"damage":10,"enemies":"3 Sentries","floor":10,"turns":5},{"damage":0,"enemies":"Looter","floor":11,"turns":2},{"damage":1,"enemies":"Exordium Wildlife","floor":14,"turns":3},{"damage":32,"enemies":"The Guardian","floor":16,"turns":9},{"damage":8,"enemies":"Shell Parasite","floor":18,"turns":5},{"damage":0,"enemies":"3 Byrds","floor":20,"turns":3},{"damage":2,"enemies":"Snecko","floor":21,"turns":4},{"damage":32,"enemies":"Cultist and Chosen","floor":22,"turns":7},{"damage":24,"enemies":"Gremlin Leader","floor":23,"turns":5},{"damage":6,"enemies":"Sentry and Sphere","floor":24,"turns":3},{"damage":0,"enemies":"Slavers","floor":27,"turns":3},{"damage":0,"enemies":"Centurion and Healer","floor":31,"turns":3},{"damage":34,"enemies":"Collector","floor":33,"turns":7},{"damage":0,"enemies":"3 Darklings","floor":35,"turns":3},{"damage":0,"enemies":"Orb Walker","floor":36,"turns":3},{"damage":0,"enemies":"3 Darklings","floor":37,"turns":4},{"damage":0,"enemies":"4 Shapes","floor":38,"turns":4},{"damage":0,"enemies":"Giant Head","floor":44,"turns":9},{"damage":0,"enemies":"Maw","floor":45,"turns":8},{"damage":0,"enemies":"Reptomancer","floor":46,"turns":6},{"damage":0,"enemies":"Transient","floor":47,"turns":5},{"damage":0,"enemies":"Giant Head","floor":48,"turns":9},{"damage":13,"enemies":"Donu and Deca","floor":50,"turns":7},{"damage":19,"enemies":"Shield and Spear","floor":54,"turns":6},{"damage":31,"enemies":"The Heart","floor":55,"turns":7}],"seed_played":"-4308229958225719585","potions_obtained":[{"floor":8,"key":"Ancient Potion"},{"floor":10,"key":"EssenceOfSteel"},{"floor":14,"key":"PowerPotion"},{"floor":16,"key":"Dexterity Potion"},{"floor":20,"key":"SkillPotion"},{"floor":23,"key":"Swift Potion"},{"floor":24,"key":"Ancient Potion"},{"floor":27,"key":"SkillPotion"},{"floor":33,"key":"Ancient Potion"},{"floor":35,"key":"AttackPotion"},{"floor":45,"key":"Energy Potion"}],"is_trial":false,"path_per_floor":["M","$","M","M","?","R","E","M","T","E","M","R","$","M","R","B",null,"M","?","M","M","M","E","M","R","T","E","$","R","?","M","R","B",null,"M","M","M","M","?","$","R","?","T","E","M","E","M","E","R","B",null,"R","$","E","B",null],"character_chosen":"IRONCLAD","items_purchased":["Warcry","Impervious","Shrug It Off","Sentinel","War Paint","Panache","Impatience"],"campfire_rested":0,"item_purchase_floors":[13,13,28,28,53,53,53],"current_hp_per_floor":[68,68,73,79,79,79,40,46,46,42,48,48,48,53,53,27,80,78,78,80,80,54,36,36,36,36,42,42,42,42,48,48,20,80,80,80,80,80,70,70,70,70,70,80,80,80,80,80,80,73,80,80,80,67,58],"gold":112,"neow_bonus":"ONE_RARE_RELIC","is_prod":false,"is_daily":false,"chose_seed":false,"campfire_upgraded":8,"win_rate":0,"timestamp":1549677943,"path_taken":["M","$","M","M","?","R","E","M","T","E","M","R","$","M","R","BOSS","M","?","?","M","M","E","M","R","T","E","$","R","?","M","R","BOSS","M","M","?","M","?","$","R","?","T","E","M","E","M","E","R","BOSS","R","$","E","BOSS"],"build_version":"2019-01-23","purchased_purges":4,"victory":true,"max_hp_per_floor":[80,80,80,80,80,80,80,80,80,80,80,80,80,80,80,80,80,80,80,80,80,80,80,80,80,80,80,80,80,80,80,80,80,80,80,80,80,80,80,80,80,80,80,80,80,80,80,80,80,80,80,80,80,80,80],"card_choices":[{"not_picked":["Body Slam","Sever Soul"],"picked":"Seeing Red","floor":1},{"not_picked":["Cleave","Warcry"],"picked":"Armaments","floor":3},{"not_picked":["Fire Breathing","Body Slam"],"picked":"Havoc","floor":4},{"not_picked":["Blood for Blood","Iron Wave"],"picked":"Whirlwind","floor":7},{"not_picked":["Perfected Strike","Sword Boomerang"],"picked":"Shockwave","floor":8},{"not_picked":["Sentinel","Cleave"],"picked":"Feel No Pain","floor":10},{"not_picked":["Wild Strike","Searing Blow"],"picked":"True Grit","floor":11},{"not_picked":["Rage","Blood for Blood"],"picked":"Sever Soul","floor":14},{"not_picked":["Brutality","Immolate"],"picked":"Exhume","floor":16},{"not_picked":["Armaments","Flex+1"],"picked":"Burning Pact","floor":18},{"not_picked":["Clash","Twin Strike"],"picked":"Clothesline+1","floor":20},{"not_picked":["Havoc+1","Thunderclap+1"],"picked":"Flame Barrier","floor":21},{"not_picked":["Clothesline","Rupture"],"picked":"Flame Barrier","floor":22},{"not_picked":["Warcry","Headbutt+1"],"picked":"Juggernaut","floor":23},{"not_picked":["True Grit","Clash+1"],"picked":"Corruption","floor":24},{"not_picked":["Fire Breathing","Brutality"],"picked":"Fiend Fire","floor":27},{"not_picked":["Whirlwind+1","Burning Pact"],"picked":"Shrug It Off+1","floor":31},{"not_picked":["Impervious","Reaper"],"picked":"Exhume","floor":33},{"not_picked":["Seeing Red","Flex+1"],"picked":"Warcry","floor":35},{"not_picked":["Body Slam","True Grit"],"picked":"Havoc+1","floor":36},{"not_picked":["Headbutt","Anger"],"picked":"Flame Barrier+1","floor":37},{"not_picked":["Shockwave+1","Entrench+1"],"picked":"Shrug It Off","floor":38},{"not_picked":["Purity","Good Instincts"],"picked":"Flash of Steel","floor":39},{"not_picked":["Mind Blast","The Bomb"],"picked":"Discovery","floor":39},{"not_picked":["Trip","PanicButton"],"picked":"Jack Of All Trades","floor":39},{"not_picked":["Corruption+1","Fiend Fire"],"picked":"Burning Pact","floor":44},{"not_picked":["Warcry+1","Flex+1"],"picked":"Feel No Pain+1","floor":45},{"not_picked":["Blood for Blood","Clash+1","Armaments"],"picked":"SKIP","floor":46},{"not_picked":["Blood for Blood+1","Perfected Strike+1","Entrench"],"picked":"SKIP","floor":47},{"not_picked":["Wild Strike+1","Blood for Blood+1","Perfected Strike+1"],"picked":"SKIP","floor":48},{"not_picked":["Sword Boomerang+1","Cleave+1","Reckless Charge+1"],"picked":"SKIP","floor":54}],"player_experience":312618,"relics_obtained":[{"floor":7,"key":"Omamori"},{"floor":9,"key":"Happy Flower"},{"floor":10,"key":"Dodecahedron"},{"floor":23,"key":"Bronze Scales"},{"floor":27,"key":"FossilizedHelix"},{"floor":43,"key":"The Courier"},{"floor":44,"key":"Red Skull"},{"floor":46,"key":"Molten Egg 2"},{"floor":48,"key":"Whetstone"},{"floor":54,"key":"Shuriken"}],"event_choices":[{"damage_healed":0,"gold_gain":0,"player_choice":"Box","damage_taken":0,"relics_obtained":["Anchor"],"max_hp_gain":0,"max_hp_loss":0,"event_name":"Big Fish","floor":5,"gold_loss":0,"cards_obtained":["Regret"]},{"damage_healed":0,"gold_gain":0,"player_choice":"Copied","damage_taken":0,"max_hp_gain":0,"max_hp_loss":0,"event_name":"Duplicator","floor":19,"gold_loss":0,"cards_obtained":["Impervious"]},{"damage_healed":0,"gold_gain":200,"player_choice":"Gold","damage_taken":0,"max_hp_gain":0,"max_hp_loss":0,"event_name":"Wheel of Change","floor":30,"gold_loss":0},{"damage_healed":0,"gold_gain":0,"player_choice":"Memory 3","damage_taken":10,"max_hp_gain":0,"max_hp_loss":0,"event_name":"SensoryStone","floor":39,"gold_loss":0},{"damage_healed":0,"gold_gain":0,"player_choice":"Gave Potion","damage_taken":0,"relics_obtained":["MawBank"],"max_hp_gain":0,"max_hp_loss":0,"event_name":"WeMeetAgain","floor":42,"gold_loss":0}],"is_beta":false,"boss_relics":[{"not_picked":["Coffee Dripper","Busted Crown"],"picked":"Mark of Pain"},{"not_picked":["Velvet Choker","Black Star"],"picked":"Astrolabe"}],"items_purged_floors":[2,28,40,53],"is_endless":false,"potions_floor_spawned":[8,10,14,16,20,23,24,27,33,35,38,45,48],"ascension_level":1}