{"gold_per_floor":[115,126,96,109,129,153,208,227,272,10,10,10,37,48,48,148,198,214,224,270,280,280],"floor_reached":22,"playtime":1278,"items_purged":[],"score":208,"play_id":"0ec9d112-6855-4181-9826-70865e8c17b6","local_time":"20190204144924","is_ascension_mode":true,"campfire_choices":[{"floor":12,"key":"REST"},{"floor":15,"key":"REST"}],"neow_cost":"PERCENT_DAMAGE","seed_source_timestamp":160553264230086,"circlet_count":0,"master_deck":["Strike_R","Strike_R","Strike_R","Defend_R+1","Defend_R","Defend_R","Bash","Pommel Strike","Body Slam","Metallicize","Shrug It Off","Havoc","Whirlwind","Rupture","Spot Weakness+1","Metallicize","Offering+1","Battle Trance+1","Pommel Strike"],"relics":["Burning Blood","Centennial Puzzle","Tiny Chest","Bronze Scales","Toxic Egg 2","Bag of Preparation","Tiny House"],"potions_floor_usage":[5,8,16,18,21],"damage_taken":[{"damage":4,"enemies":"2 Louse","floor":1,"turns":5},{"damage":1,"enemies":"Cultist","floor":2,"turns":3},{"damage":5,"enemies":"Small Slimes","floor":4,"turns":4},{"damage":15,"enemies":"Gremlin Gang","floor":5,"turns":4},{"damage":31,"enemies":"3 Sentries","floor":7,"turns":11},{"damage":19,"enemies":"Exordium Thugs","floor":8,"turns":6},{"damage":28,"enemies":"Gremlin Nob","floor":13,"turns":4},{"damage":0,"enemies":"2 Fungi Beasts","floor":14,"turns":2},{"damage":31,"enemies":"Hexaghost","floor":16,"turns":11},{"damage":25,"enemies":"Spheric Guardian","floor":18,"turns":6},{"damage":29,"enemies":"2 Thieves","floor":19,"turns":3},{"damage":14,"enemies":"Shelled Parasite and Fungi","floor":21,"turns":6},{"damage":44,"enemies":"Masked Bandits","floor":22,"turns":3}],"seed_played":"-7763243135808037201","potions_obtained":[{"floor":2,"key":"Dexterity Potion"},{"floor":3,"key":"Swift Potion"},{"floor":3,"key":"Fire Potion"},{"floor":7,"key":"Fire Potion"},{"floor":14,"key":"Block Potion"},{"floor":16,"key":"Dexterity Potion"},{"floor":17,"key":"BloodPotion"},{"floor":19,"key":"SteroidPotion"}],"is_trial":false,"path_per_floor":["M","M","?","M","M","T","E","M","T","$","?","R","E","M","R","B",null,"M","M","T","M","?"],"character_chosen":"IRONCLAD","items_purchased":["Toxic Egg 2"],"campfire_rested":2,"item_purchase_floors":[10],"current_hp_per_floor":[58,63,63,64,55,55,30,17,17,17,17,41,19,25,49,24,85,74,51,51,43,0],"gold":280,"neow_bonus":"REMOVE_TWO","is_prod":false,"is_daily":false,"chose_seed":false,"campfire_upgraded":0,"win_rate":0,"timestamp":1549320564,"path_taken":["M","M","?","M","?","?","E","M","T","$","?","R","E","?","R","BOSS","M","?","?","M","?"],"build_version":"2019-01-23","purchased_purges":0,"victory":false,"max_hp_per_floor":[80,80,80,80,80,80,80,80,80,80,80,80,80,80,80,80,85,85,85,85,85,85],"card_choices":[{"not_picked":["Power Through","Dual Wield"],"picked":"Pommel Strike","floor":1},{"not_picked":["Flex","Cleave"],"picked":"Body Slam","floor":2},{"not_picked":["Twin Strike","Body Slam"],"picked":"Metallicize","floor":4},{"not_picked":["Hemokinesis","Pummel"],"picked":"Shrug It Off","floor":5},{"not_picked":["Hemokinesis","Rage"],"picked":"Havoc","floor":7},{"not_picked":["Armaments","Clothesline"],"picked":"Whirlwind","floor":8},{"not_picked":["Hemokinesis","Feel No Pain"],"picked":"Spot Weakness+1","floor":13},{"not_picked":["Second Wind+1","True Grit+1"],"picked":"Metallicize","floor":14},{"not_picked":["Berserk","Double Tap+1"],"picked":"Offering+1","floor":16},{"not_picked":["Iron Wave","Inflame"],"picked":"Battle Trance+1","floor":17},{"not_picked":["Clothesline","Flex+1","Cleave"],"picked":"SKIP","floor":18},{"not_picked":["Bloodletting+1","Iron Wave"],"picked":"Pommel Strike","floor":19},{"not_picked":["Heavy Blade+1","Clash","Flex+1"],"picked":"SKIP","floor":21}],"player_experience":266589,"relics_obtained":[{"floor":6,"key":"Centennial Puzzle"},{"floor":7,"key":"Tiny Chest"},{"floor":9,"key":"Bronze Scales"},{"floor":13,"key":"Bag of Preparation"}],"event_choices":[{"damage_healed":0,"gold_gain":0,"player_choice":"Bought 2 Potions","damage_taken":0,"max_hp_gain":0,"max_hp_loss":0,"event_name":"The Woman in Blue","floor":3,"gold_loss":0},{"damage_healed":0,"gold_gain":0,"cards_transformed":["Strike_R"],"player_choice":"Transformed","damage_taken":0,"max_hp_gain":0,"max_hp_loss":0,"event_name":"Transmorgrifier","floor":11,"gold_loss":0,"cards_obtained":["Rupture"]},{"damage_healed":0,"gold_gain":0,"player_choice":"Fought Bandits","damage_taken":0,"max_hp_gain":0,"max_hp_loss":0,"event_name":"Masked Bandits","floor":22,"gold_loss":0}],"is_beta":false,"boss_relics":[{"not_picked":["Ectoplasm","Mark of Pain"],"picked":"Tiny House"}],"items_purged_floors":[],"is_endless":false,"potions_floor_spawned":[2,7,14,16,19],"killed_by":"Masked Bandits","ascension_level":1}