{"gold_per_floor":[114,133,148,148,165,193,193,212,212,51,84,9,9,21,21,116,116,131,144,156,168,168,197,197,197,197,230,249,249,266,12,12,114,114,129,148,162,262,273,298,298,26,26,46,63,79,79,93,93,93],"floor_reached":50,"playtime":3900,"items_purged":["Strike_R","Defend_R"],"score":580,"play_id":"169b3d3b-47db-4548-93d4-38ad05f69ced","local_time":"20190128234311","is_ascension_mode":false,"campfire_choices":[{"data":"Demon Form","floor":7.0,"key":"SMITH"},{"data":"Shrug It Off","floor":15.0,"key":"SMITH"},{"floor":24.0,"key":"REST"},{"floor":29.0,"key":"REST"},{"floor":32.0,"key":"RECALL"},{"floor":41,"key":"REST"},{"floor":49,"key":"REST"}],"neow_cost":"NONE","seed_source_timestamp":0,"circlet_count":0,"master_deck":["Strike_R","Defend_R","Defend_R","Defend_R","Bash","Pommel Strike","True Grit","Armaments","Dropkick","Demon Form+1","Shrug It Off","Pommel Strike","Inflame","Shrug It Off+1","Ghostly Armor","Spot Weakness","Immolate","Juggernaut","Flame Barrier","True Grit","Pommel Strike","Shrug It Off","Shockwave+1","Evolve+1","Impatience","Ghostly Armor"],"special_seed":0,"relics":["Black Blood","Gremlin Horn","Vajra","Busted Crown","Bottled Flame","Pear","Mango","Oddly Smooth Stone","Ice Cream","Peace Pipe","Lee\u0027s Waffle","Frozen Egg 2"],"potions_floor_usage":[36,40,46,48],"damage_taken":[{"damage":0.0,"enemies":"2 Louse","floor":1.0,"turns":4.0},{"damage":9.0,"enemies":"Jaw Worm","floor":2.0,"turns":4.0},{"damage":4.0,"enemies":"Cultist","floor":3.0,"turns":4.0},{"damage":0.0,"enemies":"Large Slime","floor":5.0,"turns":4.0},{"damage":31.0,"enemies":"Lagavulin","floor":6.0,"turns":7.0},{"damage":5.0,"enemies":"Looter","floor":8.0,"turns":3.0},{"damage":8.0,"enemies":"Gremlin Nob","floor":11.0,"turns":4.0},{"damage":2.0,"enemies":"Blue Slaver","floor":14.0,"turns":3.0},{"damage":20.0,"enemies":"Slime Boss","floor":16.0,"turns":7.0},{"damage":11.0,"enemies":"Chosen","floor":18.0,"turns":5.0},{"damage":25.0,"enemies":"3 Byrds","floor":19.0,"turns":5.0},{"damage":6.0,"enemies":"Centurion and Healer","floor":20.0,"turns":7.0},{"damage":18.0,"enemies":"Snake Plant","floor":21.0,"turns":4.0},{"damage":34.0,"enemies":"Book of Stabbing","floor":23.0,"turns":6.0},{"damage":24.0,"enemies":"Gremlin Leader","floor":27.0,"turns":5.0},{"damage":11.0,"enemies":"3 Cultists","floor":28.0,"turns":4.0},{"damage":1.0,"enemies":"Snecko","floor":30.0,"turns":4.0},{"damage":82.0,"enemies":"Collector","floor":33.0,"turns":10.0},{"damage":21.0,"enemies":"Orb Walker","floor":35.0,"turns":5.0},{"damage":3,"enemies":"3 Shapes","floor":36,"turns":1},{"damage":47,"enemies":"Spire Growth","floor":37,"turns":9},{"damage":17,"enemies":"Mind Bloom Boss Battle","floor":38,"turns":6},{"damage":8,"enemies":"3 Darklings","floor":39,"turns":5},{"damage":63,"enemies":"Giant Head","floor":40,"turns":13},{"damage":68,"enemies":"Maw","floor":44,"turns":10},{"damage":4,"enemies":"4 Shapes","floor":45,"turns":4},{"damage":35,"enemies":"Transient","floor":46,"turns":5},{"damage":16,"enemies":"Sphere and 2 Shapes","floor":48,"turns":10},{"damage":80,"enemies":"Time Eater","floor":50,"turns":13}],"seed_played":"5154009932788310996","potions_obtained":[{"floor":3.0,"key":"AttackPotion"},{"floor":6.0,"key":"Block Potion"},{"floor":14.0,"key":"EssenceOfSteel"},{"floor":16.0,"key":"FearPotion"},{"floor":23.0,"key":"GamblersBrew"},{"floor":27.0,"key":"FearPotion"},{"floor":30.0,"key":"LiquidBronze"},{"floor":33.0,"key":"Dexterity Potion"},{"floor":35,"key":"Energy Potion"},{"floor":36,"key":"Poison Potion"},{"floor":39,"key":"Fire Potion"}],"is_trial":false,"path_per_floor":["M","M","M","?","M","E","R","M","T","$","E","$","?","M","R","B",null,"M","M","M","M","?","E","R","?","T","E","M","R","M","$","R","B",null,"M","M","M","?","M","E","R","$","T","M","M","M","?","M","R","B"],"character_chosen":"IRONCLAD","items_purchased":["Inflame","Shrug It Off","Ghostly Armor","Oddly Smooth Stone","Lee\u0027s Waffle","Impatience"],"campfire_rested":4,"item_purchase_floors":[10,10,10,31,42,42],"current_hp_per_floor":[88,85,87,87,88,63,63,64,64,64,62,62,62,66,66,52,88,83,64,64,52,52,24,50,50,60,56,51,84,89,89,89,13,112,101,108,71,64,66,13,46,119,119,61,67,42,42,36,71,0],"gold":93,"neow_bonus":"TEN_PERCENT_HP_BONUS","is_prod":false,"is_daily":false,"chose_seed":false,"campfire_upgraded":2,"win_rate":0,"timestamp":1548747791,"path_taken":["M","M","M","?","M","E","R","M","T","$","E","$","?","M","R","BOSS","M","M","?","M","?","E","R","?","T","E","M","R","M","$","R","BOSS","M","M","M","?","M","E","R","$","T","M","M","M","?","M","R","BOSS"],"build_version":"2019-01-23","purchased_purges":2,"victory":false,"max_hp_per_floor":[88,88,88,88,88,88,88,88,88,88,88,88,88,88,88,88,88,88,88,88,88,88,88,88,88,98,112,112,112,112,112,112,112,112,112,112,112,112,112,112,112,119,119,119,119,119,119,119,119,119],"card_choices":[{"not_picked":["Dual Wield","Armaments"],"picked":"Pommel Strike","floor":1.0},{"not_picked":["Sword Boomerang","Thunderclap"],"picked":"True Grit","floor":2.0},{"not_picked":["Wild Strike","Reckless Charge"],"picked":"Armaments","floor":3.0},{"not_picked":["Flex","Clash"],"picked":"Demon Form","floor":5.0},{"not_picked":["Perfected Strike","Sentinel"],"picked":"Shrug It Off","floor":6.0},{"not_picked":["True Grit","Twin Strike"],"picked":"Pommel Strike","floor":8.0},{"not_picked":["Battle Trance","Body Slam"],"picked":"Spot Weakness","floor":11.0},{"not_picked":["Flex","Cleave"],"picked":"Immolate","floor":14.0},{"not_picked":["Bludgeon","Immolate"],"picked":"Juggernaut","floor":16.0},{"not_picked":["Cleave"],"picked":"SKIP","floor":18.0},{"not_picked":["Reckless Charge"],"picked":"SKIP","floor":19.0},{"not_picked":["Dropkick"],"picked":"SKIP","floor":20.0},{"not_picked":["Thunderclap+1"],"picked":"SKIP","floor":21.0},{"not_picked":["Armaments"],"picked":"SKIP","floor":23.0},{"not_picked":[],"picked":"True Grit","floor":27.0},{"not_picked":[],"picked":"Pommel Strike","floor":28.0},{"not_picked":[],"picked":"Shrug It Off","floor":30.0},{"not_picked":[],"picked":"Shockwave+1","floor":35},{"not_picked":["Pommel Strike"],"picked":"SKIP","floor":36},{"not_picked":["Heavy Blade"],"picked":"SKIP","floor":37},{"not_picked":[],"picked":"Evolve+1","floor":39},{"not_picked":["Carnage+1"],"picked":"SKIP","floor":40},{"not_picked":["Reckless Charge+1"],"picked":"SKIP","floor":44},{"not_picked":[],"picked":"Ghostly Armor","floor":45},{"not_picked":["Power Through+1"],"picked":"SKIP","floor":46},{"not_picked":["True Grit+1"],"picked":"SKIP","floor":48}],"player_experience":190149,"relics_obtained":[{"floor":6.0,"key":"Gremlin Horn"},{"floor":11.0,"key":"Vajra"},{"floor":23.0,"key":"Bottled Flame"},{"floor":26.0,"key":"Pear"},{"floor":27.0,"key":"Mango"},{"floor":38,"key":"Ice Cream"},{"floor":40,"key":"Peace Pipe"},{"floor":43,"key":"Frozen Egg 2"}],"event_choices":[{"damage_healed":0.0,"max_hp_gain":0.0,"max_hp_loss":0.0,"gold_gain":0.0,"cards_transformed":["Strike_R"],"event_name":"Living Wall","player_choice":"Change","floor":4.0,"gold_loss":0.0,"damage_taken":0.0,"cards_obtained":["Dropkick"]},{"cards_removed":["Strike_R"],"damage_healed":0.0,"max_hp_gain":0.0,"max_hp_loss":0.0,"gold_gain":0.0,"event_name":"Purifier","player_choice":"Purged","floor":13.0,"gold_loss":0.0,"damage_taken":0.0},{"damage_healed":0.0,"max_hp_gain":0.0,"max_hp_loss":0.0,"gold_gain":0.0,"event_name":"The Library","player_choice":"Read","floor":22.0,"gold_loss":0.0,"damage_taken":0.0,"cards_obtained":["Flame Barrier"]},{"cards_removed":["Strike_R"],"damage_healed":0.0,"max_hp_gain":0.0,"max_hp_loss":0.0,"gold_gain":0.0,"event_name":"Back to Basics","player_choice":"Elegance","floor":25.0,"gold_loss":0.0,"damage_taken":0.0},{"damage_healed":0,"gold_gain":0,"player_choice":"Fight","damage_taken":0,"max_hp_gain":0,"max_hp_loss":0,"event_name":"MindBloom","floor":38,"gold_loss":0},{"damage_healed":0,"gold_gain":0,"player_choice":"Memory 1","damage_taken":0,"max_hp_gain":0,"max_hp_loss":0,"event_name":"SensoryStone","floor":47,"gold_loss":0}],"is_beta":false,"boss_relics":[{"not_picked":["Runic Dome","Astrolabe"],"picked":"Busted Crown"},{"not_picked":["Black Star","Snecko Eye"],"picked":"Black Blood"}],"items_purged_floors":[12,31],"is_endless":false,"potions_floor_spawned":[3,6,14,16,23,27,30,33,35,36,39],"killed_by":"Time Eater","ascension_level":0}