{"gold_per_floor":[117,143,143,162,175,200,200,232,232,242,242,269,281,381,381,484,484,499,512,3,20,30,61,73,73],"floor_reached":25,"playtime":2466,"items_purged":[],"score":443,"play_id":"39d641e2-f38d-4944-b06b-7fac6837a8d0","local_time":"20190207175047","is_ascension_mode":true,"campfire_choices":[{"data":"Zap","floor":7,"key":"SMITH"},{"data":"Chill","floor":15,"key":"SMITH"}],"neow_cost":"NONE","seed_source_timestamp":284288268442790,"circlet_count":0,"master_deck":["AscendersBane","Strike_B","Strike_B","Strike_B","Strike_B","Defend_B","Defend_B","Defend_B","Defend_B","Zap+1","Dualcast","Doom and Gloom","Barrage","Coolheaded","Ball Lightning","Tempest","Turbo","Chill+1","Creative AI","Aggregate","Conserve Battery","Leap","BootSequence","Tempest+1"],"relics":["Cracked Core","PreservedInsect","Anchor","Dodecahedron","Regal Pillow","Orichalcum","Runic Pyramid","Letter Opener","Singing Bowl","Bag of Preparation"],"potions_floor_usage":[8,10,10,19,23],"damage_taken":[{"damage":1,"enemies":"Cultist","floor":1,"turns":3},{"damage":6,"enemies":"2 Louse","floor":4,"turns":2},{"damage":4,"enemies":"Jaw Worm","floor":5,"turns":4},{"damage":18,"enemies":"Lagavulin","floor":6,"turns":6},{"damage":0,"enemies":"Gremlin Nob","floor":8,"turns":2},{"damage":0,"enemies":"Gremlin Gang","floor":10,"turns":2},{"damage":0,"enemies":"3 Sentries","floor":12,"turns":5},{"damage":6,"enemies":"Lots of Slimes","floor":13,"turns":3},{"damage":32,"enemies":"The Guardian","floor":16,"turns":15},{"damage":11,"enemies":"Spheric Guardian","floor":18,"turns":5},{"damage":15,"enemies":"2 Thieves","floor":19,"turns":5},{"damage":1,"enemies":"Chosen and Byrds","floor":21,"turns":5},{"damage":10,"enemies":"Snake Plant","floor":22,"turns":4},{"damage":21,"enemies":"Slavers","floor":23,"turns":5},{"damage":0,"enemies":"Cultist and Chosen","floor":24,"turns":4},{"damage":14,"enemies":"3 Cultists","floor":25,"turns":4}],"seed_played":"-7990685643925098255","potions_obtained":[{"floor":1,"key":"Fire Potion"},{"floor":5,"key":"Poison Potion"},{"floor":8,"key":"LiquidBronze"},{"floor":18,"key":"Explosive Potion"},{"floor":19,"key":"Poison Potion"}],"is_trial":false,"path_per_floor":["M","T","?","M","M","E","R","E","T","M","?","E","M","?","R","B",null,"M","M","$","M","M","E","M","M"],"character_chosen":"DEFECT","items_purchased":["Letter Opener","Singing Bowl","Leap"],"campfire_rested":0,"item_purchase_floors":[20,20,20],"current_hp_per_floor":[74,74,74,68,64,46,46,46,46,46,46,46,40,40,40,8,64,53,38,38,39,29,8,10,0],"gold":73,"neow_bonus":"TEN_PERCENT_HP_BONUS","is_prod":false,"is_daily":false,"chose_seed":false,"campfire_upgraded":2,"win_rate":0,"timestamp":1549540247,"path_taken":["M","?","?","M","M","E","R","E","T","?","?","E","M","?","R","BOSS","M","?","$","M","M","E","?","M"],"build_version":"2019-01-23","purchased_purges":0,"victory":false,"max_hp_per_floor":[82,82,82,82,82,82,82,82,82,82,82,82,82,82,82,82,82,82,82,82,84,84,84,86,86],"card_choices":[{"not_picked":["Glacier","Double Energy"],"picked":"Doom and Gloom","floor":1},{"not_picked":["Cold Snap","Barrage"],"picked":"Coolheaded","floor":4},{"not_picked":["Consume","Auto Shields"],"picked":"Ball Lightning","floor":5},{"not_picked":["Reprogram","Ball Lightning","Aggregate"],"picked":"SKIP","floor":6},{"not_picked":["Fusion","Gash"],"picked":"Tempest","floor":8},{"not_picked":["Ball Lightning","Scrape"],"picked":"Turbo","floor":10},{"not_picked":["Compile Driver","Doom and Gloom","Recycle"],"picked":"SKIP","floor":12},{"not_picked":["FTL","Hello World"],"picked":"Chill","floor":13},{"not_picked":["Hyperbeam","Machine Learning"],"picked":"Creative AI","floor":16},{"not_picked":["Skim","Sweeping Beam+1"],"picked":"Aggregate","floor":18},{"not_picked":["Force Field","Doom and Gloom"],"picked":"Conserve Battery","floor":19},{"not_picked":["Genetic Algorithm","Hologram","Darkness"],"picked":"Singing Bowl","floor":21},{"not_picked":["Loop","Beam Cell"],"picked":"BootSequence","floor":22},{"not_picked":["Darkness","Multi-Cast"],"picked":"Tempest+1","floor":23},{"not_picked":["Go for the Eyes","Ball Lightning","Beam Cell"],"picked":"Singing Bowl","floor":24}],"player_experience":745449,"relics_obtained":[{"floor":2,"key":"PreservedInsect"},{"floor":6,"key":"Anchor"},{"floor":8,"key":"Dodecahedron"},{"floor":9,"key":"Regal Pillow"},{"floor":12,"key":"Orichalcum"},{"floor":23,"key":"Bag of Preparation"}],"event_choices":[{"damage_healed":0,"gold_gain":0,"player_choice":"1 cards matched","damage_taken":0,"max_hp_gain":0,"max_hp_loss":0,"event_name":"Match and Keep!","floor":3,"gold_loss":0,"cards_obtained":["Barrage"]},{"damage_healed":0,"gold_gain":0,"player_choice":"Ignored","damage_taken":0,"max_hp_gain":0,"max_hp_loss":0,"event_name":"Golden Idol","floor":11,"gold_loss":0},{"damage_healed":0,"gold_gain":100,"player_choice":"Pray","damage_taken":0,"max_hp_gain":0,"max_hp_loss":0,"event_name":"Golden Shrine","floor":14,"gold_loss":0}],"is_beta":false,"boss_relics":[{"not_picked":["Nuclear Battery","Velvet Choker"],"picked":"Runic Pyramid"}],"items_purged_floors":[],"is_endless":false,"potions_floor_spawned":[1,5,8,18,19],"killed_by":"3 Cultists","ascension_level":10}