{"gold_per_floor":[112,112,125,125,125,125,144,184,220,250,262,76,110,135,135,265,265,280,274,290,290,19,53,3,39,39,58,71,71],"floor_reached":29,"playtime":1894,"items_purged":["Regret","Strike_R"],"score":289,"play_id":"e8100534-e58d-4438-9ad9-c3b2fd0ef6a4","local_time":"20190207152208","is_ascension_mode":true,"campfire_choices":[{"floor":6,"key":"RECALL"},{"floor":11,"key":"REST"},{"data":"Flame Barrier","floor":15,"key":"SMITH"}],"neow_cost":"NONE","seed_source_timestamp":39347792265996,"circlet_count":0,"master_deck":["Strike_R","Strike_R","Strike_R","Defend_R","Defend_R","Defend_R","Defend_R","Bash","Entrench","Pommel Strike","Inflame","Spot Weakness","Body Slam","Reaper","Flame Barrier+1","Shrug It Off","Armaments","Demon Form","Inflame","Master of Strategy","Carnage","Seeing Red","Exhume"],"relics":["Burning Blood","Dream Catcher","Golden Idol","MawBank","Happy Flower","Art of War","Black Star","Letter Opener","Oddly Smooth Stone","Kunai","Ice Cream"],"potions_floor_usage":[16,20,20,23,25],"damage_taken":[{"damage":2,"enemies":"Small Slimes","floor":1,"turns":4},{"damage":8,"enemies":"2 Louse","floor":3,"turns":3},{"damage":11,"enemies":"Jaw Worm","floor":7,"turns":3},{"damage":48,"enemies":"Gremlin Nob","floor":8,"turns":5},{"damage":14,"enemies":"Red Slaver","floor":10,"turns":3},{"damage":27,"enemies":"3 Sentries","floor":13,"turns":8},{"damage":6,"enemies":"3 Louse","floor":14,"turns":4},{"damage":50,"enemies":"Slime Boss","floor":16,"turns":11},{"damage":21,"enemies":"Spheric Guardian","floor":18,"turns":5},{"damage":14,"enemies":"2 Thieves","floor":19,"turns":4},{"damage":16,"enemies":"Snake Plant","floor":20,"turns":4},{"damage":35,"enemies":"Book of Stabbing","floor":23,"turns":6},{"damage":21,"enemies":"Slavers","floor":25,"turns":6},{"damage":28,"enemies":"Centurion and Healer","floor":27,"turns":8},{"damage":51,"enemies":"3 Cultists","floor":28,"turns":7},{"damage":33,"enemies":"Book of Stabbing","floor":29,"turns":5}],"seed_played":"-8470223046799495157","potions_obtained":[{"floor":1,"key":"LiquidBronze"},{"floor":8,"key":"Ancient Potion"},{"floor":13,"key":"AttackPotion"},{"floor":18,"key":"AttackPotion"},{"floor":19,"key":"AttackPotion"},{"floor":27,"key":"Ancient Potion"}],"is_trial":false,"path_per_floor":["M","?","M","?","?","R","M","E","T","M","R","$","E","M","R","B",null,"M","M","M","?","$","E","$","E","T","M","M","E"],"character_chosen":"IRONCLAD","items_purchased":["Flame Barrier","Shrug It Off","Master of Strategy","Energy Potion"],"campfire_rested":1,"item_purchase_floors":[12,12,22,24],"current_hp_per_floor":[88,88,86,86,81,81,76,34,34,26,50,50,50,62,62,45,81,66,58,48,48,48,35,35,32,32,44,16,0],"gold":71,"neow_bonus":"TEN_PERCENT_HP_BONUS","is_prod":false,"is_daily":false,"chose_seed":false,"campfire_upgraded":1,"win_rate":0,"timestamp":1549581728,"path_taken":["M","?","M","?","?","R","?","E","T","M","R","?","E","M","R","BOSS","M","M","M","?","$","E","?","E","T","M","M","E"],"build_version":"2019-01-23","purchased_purges":2,"victory":false,"max_hp_per_floor":[88,88,88,88,81,81,81,81,81,81,81,81,81,81,81,81,81,81,81,81,81,81,81,81,81,81,81,81,81],"card_choices":[{"not_picked":["Bloodletting","Dual Wield"],"picked":"Entrench","floor":1},{"not_picked":["Clothesline","Cleave"],"picked":"Pommel Strike","floor":3},{"not_picked":["Fire Breathing","Thunderclap"],"picked":"Inflame","floor":7},{"not_picked":["Blood for Blood","Flex"],"picked":"Spot Weakness","floor":8},{"not_picked":["Entrench","Anger"],"picked":"Body Slam","floor":10},{"not_picked":["Dropkick","Bloodletting"],"picked":"Reaper","floor":11},{"not_picked":["Sever Soul","Fire Breathing","Wild Strike"],"picked":"SKIP","floor":13},{"not_picked":["Iron Wave","Perfected Strike"],"picked":"Armaments","floor":14},{"not_picked":["Bludgeon","Berserk"],"picked":"Demon Form","floor":16},{"not_picked":["Iron Wave","Anger+1","Twin Strike"],"picked":"SKIP","floor":18},{"not_picked":["Blood for Blood","Entrench","Heavy Blade"],"picked":"SKIP","floor":19},{"not_picked":["Rage","Blood for Blood"],"picked":"Inflame","floor":20},{"not_picked":["Dropkick","Rage"],"picked":"Carnage","floor":23},{"not_picked":["Power Through","Thunderclap+1","Pummel"],"picked":"SKIP","floor":25},{"not_picked":["Hemokinesis+1","Twin Strike"],"picked":"Seeing Red","floor":27},{"not_picked":["Headbutt+1","Clash"],"picked":"Exhume","floor":28}],"player_experience":299423,"relics_obtained":[{"floor":8,"key":"MawBank"},{"floor":9,"key":"Happy Flower"},{"floor":13,"key":"Art of War"},{"floor":23,"key":"Letter Opener"},{"floor":23,"key":"Oddly Smooth Stone"},{"floor":25,"key":"Kunai"},{"floor":25,"key":"Ice Cream"}],"event_choices":[{"damage_healed":0,"gold_gain":0,"player_choice":"Box","damage_taken":0,"relics_obtained":["Dream Catcher"],"max_hp_gain":0,"max_hp_loss":0,"event_name":"Big Fish","floor":2,"gold_loss":0,"cards_obtained":["Regret"]},{"damage_healed":0,"gold_gain":0,"player_choice":"Ignored","damage_taken":0,"max_hp_gain":0,"max_hp_loss":0,"event_name":"Shining Light","floor":4,"gold_loss":0},{"damage_healed":0,"gold_gain":0,"player_choice":"Lose Max HP","damage_taken":0,"relics_obtained":["Golden Idol"],"max_hp_gain":0,"max_hp_loss":7,"event_name":"Golden Idol","floor":5,"gold_loss":0},{"cards_removed":["Strike_R"],"damage_healed":0,"gold_gain":0,"player_choice":"Elegance","damage_taken":0,"max_hp_gain":0,"max_hp_loss":0,"event_name":"Back to Basics","floor":21,"gold_loss":0}],"is_beta":false,"boss_relics":[{"not_picked":["Busted Crown","Lizard Tail"],"picked":"Black Star"}],"items_purged_floors":[12,22],"is_endless":false,"potions_floor_spawned":[1,8,13,14,18,19,27],"killed_by":"Book of Stabbing","ascension_level":1}