{"gold_per_floor":[99,99,99,99,99,99,99,99,99,99,24,24,24,24,24,24,24,0,0,0,0,0,0,0,0,0,0,0,0,0,0,0,0],"floor_reached":33,"playtime":1454,"items_purged":[],"score":505,"play_id":"6281c5ae-0913-4ec2-a005-d8c56a66a8cd","local_time":"20190207000911","is_ascension_mode":true,"campfire_choices":[{"data":"Neutralize","floor":6.0,"key":"SMITH"},{"floor":8.0,"key":"REST"},{"floor":12.0,"key":"REST"},{"floor":15.0,"key":"REST"},{"floor":23,"key":"REST"},{"floor":25,"key":"REST"},{"floor":30,"key":"REST"},{"floor":32,"key":"REST"}],"neow_cost":"NONE","seed_source_timestamp":430207178154780,"circlet_count":0,"master_deck":["AscendersBane","Defend_G","Defend_G","Defend_G","Defend_G","Strike_G","Strike_G","Strike_G","Strike_G","Survivor","Neutralize+1","Quick Slash","Predator","Bouncing Flask","Backflip","Tools of the Trade","Caltrops","Acrobatics","Die Die Die","Heel Hook","Decay","Bouncing Flask+1","Dash","Cloak And Dagger+1","Caltrops","PiercingWail"],"special_seed":0,"relics":["Ectoplasm","Mummified Hand","StoneCalendar","Sundial","Busted Crown","Bottled Lightning"],"potions_floor_usage":[19,22,31,33],"damage_taken":[{"damage":6.0,"enemies":"Jaw Worm","floor":1.0,"turns":6.0},{"damage":6.0,"enemies":"Cultist","floor":4.0,"turns":5.0},{"damage":0.0,"enemies":"2 Louse","floor":5.0,"turns":3.0},{"damage":8.0,"enemies":"Gremlin Gang","floor":7.0,"turns":4.0},{"damage":22.0,"enemies":"Gremlin Nob","floor":10.0,"turns":4.0},{"damage":22.0,"enemies":"Lagavulin","floor":13.0,"turns":6.0},{"damage":10.0,"enemies":"Exordium Wildlife","floor":14.0,"turns":4.0},{"damage":36.0,"enemies":"Slime Boss","floor":16.0,"turns":7.0},{"damage":23,"enemies":"2 Thieves","floor":18,"turns":4},{"damage":12,"enemies":"Shell Parasite","floor":19,"turns":4},{"damage":18,"enemies":"Sentry and Sphere","floor":22,"turns":6},{"damage":8,"enemies":"Centurion and Healer","floor":24,"turns":6},{"damage":0,"enemies":"Snecko","floor":27,"turns":4},{"damage":6,"enemies":"3 Cultists","floor":29,"turns":4},{"damage":17,"enemies":"Cultist and Chosen","floor":31,"turns":5},{"damage":94,"enemies":"Collector","floor":33,"turns":7}],"seed_played":"-6775517875851028599","potions_obtained":[{"floor":4.0,"key":"SpeedPotion"},{"floor":13.0,"key":"Regen Potion"},{"floor":14.0,"key":"EssenceOfSteel"},{"floor":16.0,"key":"Regen Potion"},{"floor":19,"key":"Energy Potion"},{"floor":22,"key":"FearPotion"},{"floor":29,"key":"Fire Potion"}],"is_trial":false,"path_per_floor":["M","?","?","M","M","R","M","R","T","E","?","R","E","M","R","B",null,"M","M","?","?","M","R","M","R","T","M","?","M","R","M","R","B"],"character_chosen":"THE_SILENT","items_purchased":[],"campfire_rested":7,"item_purchase_floors":[],"current_hp_per_floor":[53,53,46,40,40,40,32,51,51,29,29,48,26,16,35,14,53,30,32,32,32,14,33,25,44,44,44,44,38,57,40,59,0],"gold":0,"neow_bonus":"BOSS_RELIC","is_prod":false,"is_daily":false,"chose_seed":false,"campfire_upgraded":1,"win_rate":0,"timestamp":1549498151,"path_taken":["M","?","?","M","?","R","M","R","T","E","?","R","E","M","R","BOSS","M","M","?","?","?","R","M","R","T","M","?","M","R","M","R","BOSS"],"build_version":"2019-01-23","purchased_purges":0,"victory":false,"max_hp_per_floor":[66,66,66,66,66,66,66,66,66,66,66,66,66,66,66,66,66,66,66,66,66,66,66,66,66,66,66,66,66,66,66,66,66],"card_choices":[{"not_picked":["Reflex","Deflect"],"picked":"Quick Slash","floor":1.0},{"not_picked":["Tactician","Sucker Punch"],"picked":"Predator","floor":4.0},{"not_picked":["All Out Attack","Dodge and Roll"],"picked":"Bouncing Flask","floor":5.0},{"not_picked":["Dodge and Roll","Acrobatics"],"picked":"Backflip","floor":7.0},{"not_picked":["Dash","Endless Agony"],"picked":"Tools of the Trade","floor":10.0},{"not_picked":["Flying Knee","Poisoned Stab"],"picked":"Caltrops","floor":13.0},{"not_picked":["Bane","Accuracy"],"picked":"Acrobatics","floor":14.0},{"not_picked":["Tools of the Trade","Venomology"],"picked":"Die Die Die","floor":16.0},{"not_picked":["Poisoned Stab"],"picked":"SKIP","floor":18},{"not_picked":[],"picked":"Heel Hook","floor":19},{"not_picked":[],"picked":"Bouncing Flask+1","floor":22},{"not_picked":[],"picked":"Dash","floor":24},{"not_picked":[],"picked":"Cloak And Dagger+1","floor":27},{"not_picked":[],"picked":"PiercingWail","floor":29},{"not_picked":["Dagger Throw"],"picked":"SKIP","floor":31}],"player_experience":1272337,"relics_obtained":[{"floor":9.0,"key":"Mummified Hand"},{"floor":10.0,"key":"StoneCalendar"},{"floor":13.0,"key":"Sundial"},{"floor":26,"key":"Bottled Lightning"}],"event_choices":[{"damage_healed":0.0,"max_hp_gain":0.0,"max_hp_loss":0.0,"gold_gain":0.0,"event_name":"Shining Light","player_choice":"Ignored","floor":2.0,"gold_loss":0.0,"damage_taken":0.0},{"cards_removed":["Strike_G"],"damage_healed":0.0,"max_hp_gain":0.0,"max_hp_loss":0.0,"gold_gain":0.0,"event_name":"Golden Wing","player_choice":"Card Removal","floor":3.0,"gold_loss":0.0,"damage_taken":7.0},{"cards_removed":["Defend_G"],"damage_healed":0.0,"max_hp_gain":0.0,"max_hp_loss":0.0,"gold_gain":0.0,"event_name":"The Cleric","player_choice":"Card Removal","floor":11.0,"gold_loss":75.0,"damage_taken":0.0},{"damage_healed":0,"gold_gain":0,"player_choice":"Ignored","damage_taken":0,"max_hp_gain":0,"max_hp_loss":0,"event_name":"Beggar","floor":20,"gold_loss":0},{"damage_healed":0,"gold_gain":0,"player_choice":"Cursed","damage_taken":0,"max_hp_gain":0,"max_hp_loss":0,"event_name":"Wheel of Change","floor":21,"gold_loss":0,"cards_obtained":["Decay"]},{"damage_healed":0,"gold_gain":0,"player_choice":"Read","damage_taken":0,"max_hp_gain":0,"max_hp_loss":0,"event_name":"The Library","floor":28,"gold_loss":0,"cards_obtained":["Caltrops"]}],"is_beta":false,"boss_relics":[{"not_picked":["Sozu","Calling Bell"],"picked":"Busted Crown"}],"items_purged_floors":[],"is_endless":false,"potions_floor_spawned":[4,13,14,16,19,22,29],"killed_by":"Collector","ascension_level":19}