{"gold_per_floor":[211,229,148,159,159,222,222,240,290,33,53,53,72,107,107,209,209,219,119,51,70,85,85,85,85,108,108,108,118,118,137,137,239,239,252,252,262,282,131,131,131,131,158,184,208,220,242,272,284,296],"floor_reached":50,"playtime":4608,"items_purged":["Strike_G","Strike_G","Strike_G"],"score":625,"play_id":"66853f4a-7093-4650-ab4a-2336eec6968d","local_time":"20190206170800","is_ascension_mode":true,"campfire_choices":[{"data":"Neutralize","floor":7,"key":"SMITH"},{"floor":12,"key":"REST"},{"data":"Footwork","floor":15,"key":"SMITH"},{"data":"Footwork","floor":23,"key":"SMITH"},{"data":"Night Terror","floor":27,"key":"SMITH"},{"floor":30,"key":"REST"},{"floor":32,"key":"REST"},{"data":"Backflip","floor":40,"key":"SMITH"},{"data":"Secret Technique","floor":42,"key":"SMITH"},{"data":"Well Laid Plans","floor":49,"key":"SMITH"}],"neow_cost":"NONE","seed_source_timestamp":619228797078700,"circlet_count":0,"master_deck":["Defend_G","Defend_G","Defend_G","Defend_G","Defend_G","Strike_G","Strike_G","Survivor","Neutralize+1","Dagger Spray+1","Riddle With Holes","Infinite Blades","Footwork+1","Predator","All Out Attack+1","Well Laid Plans+1","Cloak And Dagger","Swift Strike","Escape Plan","Night Terror+1","Backstab","Bouncing Flask","Poisoned Stab","Footwork+1","Deflect+1","Blur","Acrobatics+1","Catalyst+1","After Image","Deflect+1","Caltrops+1","Backflip+1","Secret Technique+1","Terror"],"relics":["Ring of the Snake","Ornamental Fan","Tiny Chest","Centennial Puzzle","Pear","Orrery","Potion Belt","Whetstone","Coffee Dripper","MawBank","Singing Bowl"],"potions_floor_usage":[21,22,33,35,35,47,47,47,50],"damage_taken":[{"damage":0,"enemies":"2 Louse","floor":1,"turns":3},{"damage":0,"enemies":"Cultist","floor":2,"turns":4},{"damage":2,"enemies":"Jaw Worm","floor":4,"turns":4},{"damage":35,"enemies":"Lagavulin","floor":6,"turns":12},{"damage":12,"enemies":"2 Fungi Beasts","floor":8,"turns":4},{"damage":0,"enemies":"3 Louse","floor":11,"turns":2},{"damage":2,"enemies":"Blue Slaver","floor":13,"turns":3},{"damage":4,"enemies":"3 Sentries","floor":14,"turns":5},{"damage":4,"enemies":"Hexaghost","floor":16,"turns":12},{"damage":0,"enemies":"3 Byrds","floor":18,"turns":4},{"damage":18,"enemies":"Spheric Guardian","floor":21,"turns":5},{"damage":14,"enemies":"Snecko","floor":22,"turns":7},{"damage":27,"enemies":"Snake Plant","floor":29,"turns":7},{"damage":11,"enemies":"Centurion and Healer","floor":31,"turns":10},{"damage":39,"enemies":"Collector","floor":33,"turns":15},{"damage":0,"enemies":"3 Shapes","floor":35,"turns":6},{"damage":3,"enemies":"3 Darklings","floor":37,"turns":12},{"damage":30,"enemies":"Transient","floor":38,"turns":5},{"damage":17,"enemies":"Maw","floor":44,"turns":6},{"damage":3,"enemies":"Jaw Worm Horde","floor":45,"turns":7},{"damage":4,"enemies":"3 Darklings","floor":47,"turns":5},{"damage":0,"enemies":"Maw","floor":48,"turns":8},{"damage":10,"enemies":"Donu and Deca","floor":50,"turns":2}],"seed_played":"-7298221828984469343","potions_obtained":[{"floor":1,"key":"Explosive Potion"},{"floor":6,"key":"Explosive Potion"},{"floor":8,"key":"Fire Potion"},{"floor":13,"key":"EssenceOfSteel"},{"floor":22,"key":"Fire Potion"},{"floor":31,"key":"SpeedPotion"},{"floor":33,"key":"Poison Potion"},{"floor":37,"key":"Poison Potion"},{"floor":38,"key":"Strength Potion"},{"floor":47,"key":"Strength Potion"}],"is_trial":false,"path_per_floor":["M","M","$","M","?","E","R","M","T","$","M","R","M","E","R","B",null,"M","$","$","M","M","R","?","T","T","R","?","M","R","M","R","B",null,"M","?","M","M","$","R","?","R","T","M","M","T","M","M","R","B"],"character_chosen":"THE_SILENT","items_purchased":["Infinite Blades","Well Laid Plans","Cloak And Dagger","Swift Strike","Blur","Backflip"],"campfire_rested":3,"item_purchase_floors":[3,10,10,10,20,39],"current_hp_per_floor":[63,63,63,61,61,26,26,14,14,14,14,35,33,39,39,35,69,69,69,69,51,37,37,37,37,37,37,37,10,34,23,47,8,62,62,62,59,29,29,29,29,29,29,12,9,9,7,7,7,0],"gold":296,"neow_bonus":"HUNDRED_GOLD","is_prod":false,"is_daily":false,"chose_seed":false,"campfire_upgraded":7,"win_rate":0,"timestamp":1549444080,"path_taken":["M","M","$","M","?","E","R","M","T","$","M","R","M","E","R","BOSS","M","?","$","M","M","R","?","?","T","R","?","M","R","M","R","BOSS","M","?","M","M","$","R","?","R","T","M","M","?","M","?","R","BOSS"],"build_version":"2019-01-23","purchased_purges":3,"victory":false,"max_hp_per_floor":[70,70,70,70,70,70,70,70,70,70,70,70,70,80,80,80,80,80,80,80,80,80,80,80,80,80,80,80,80,80,80,80,80,80,80,80,80,80,80,80,80,80,80,80,80,80,82,82,82,82],"card_choices":[{"not_picked":["Distraction","Underhanded Strike"],"picked":"Dagger Spray","floor":1},{"not_picked":["Blade Dance","Deflect"],"picked":"Riddle With Holes","floor":2},{"not_picked":["Quick Slash","Predator"],"picked":"Footwork","floor":4},{"not_picked":["Masterful Stab","Dagger Spray"],"picked":"Predator","floor":6},{"not_picked":["Reflex","Heel Hook"],"picked":"All Out Attack","floor":8},{"not_picked":["Expertise","Prepared","Storm of Steel"],"picked":"SKIP","floor":11},{"not_picked":["Acrobatics","Cloak And Dagger","Slice"],"picked":"SKIP","floor":13},{"not_picked":["Expertise","Dagger Throw"],"picked":"Escape Plan","floor":14},{"not_picked":["A Thousand Cuts","Grand Finale"],"picked":"Night Terror","floor":16},{"not_picked":["Deflect","Prepared"],"picked":"Backstab","floor":17},{"not_picked":["Sucker Punch","Dagger Spray"],"picked":"Bouncing Flask","floor":17},{"not_picked":["Prepared","Deadly Poison"],"picked":"Poisoned Stab","floor":17},{"not_picked":["Dagger Spray","Underhanded Strike"],"picked":"Poisoned Stab","floor":17},{"not_picked":["Flying Knee","Tools of the Trade"],"picked":"Footwork","floor":17},{"not_picked":["Cloak And Dagger","Dagger Spray"],"picked":"Deflect+1","floor":18},{"not_picked":["Deadly Poison","Slice+1"],"picked":"Acrobatics+1","floor":21},{"not_picked":["Dodge and Roll","Calculated Gamble"],"picked":"Catalyst+1","floor":22},{"not_picked":["Deflect","Poisoned Stab+1","Flying Knee"],"picked":"SKIP","floor":29},{"not_picked":["Outmaneuver","Dagger Spray","Predator"],"picked":"SKIP","floor":31},{"not_picked":["Phantasmal Killer","Die Die Die"],"picked":"After Image","floor":33},{"not_picked":["Prepared+1","Slice"],"picked":"Deflect+1","floor":35},{"not_picked":["Poisoned Stab+1","Quick Slash+1","Cloak And Dagger"],"picked":"SKIP","floor":37},{"not_picked":["Quick Slash+1","Dagger Throw+1"],"picked":"Caltrops+1","floor":38},{"not_picked":["Jack Of All Trades","Mind Blast"],"picked":"Secret Technique","floor":41},{"not_picked":["Caltrops+1","Dagger Spray+1","Predator+1"],"picked":"SKIP","floor":44},{"not_picked":["Flying Knee+1","Tactician","Skewer"],"picked":"SKIP","floor":45},{"not_picked":["Underhanded Strike+1","Choke","Concentrate+1"],"picked":"Singing Bowl","floor":47},{"not_picked":["Endless Agony","Slice+1"],"picked":"Terror","floor":48}],"player_experience":330576,"relics_obtained":[{"floor":6,"key":"Tiny Chest"},{"floor":9,"key":"Centennial Puzzle"},{"floor":14,"key":"Pear"},{"floor":25,"key":"Potion Belt"},{"floor":26,"key":"Whetstone"},{"floor":43,"key":"MawBank"},{"floor":46,"key":"Singing Bowl"}],"event_choices":[{"damage_healed":0,"gold_gain":0,"player_choice":"Gave Potion","damage_taken":0,"relics_obtained":["Ornamental Fan"],"max_hp_gain":0,"max_hp_loss":0,"event_name":"WeMeetAgain","floor":5,"gold_loss":0},{"damage_healed":0,"gold_gain":0,"player_choice":"Ignored","damage_taken":0,"max_hp_gain":0,"max_hp_loss":0,"event_name":"Cursed Tome","floor":24,"gold_loss":0},{"damage_healed":0,"gold_gain":0,"player_choice":"Ignored","damage_taken":0,"max_hp_gain":0,"max_hp_loss":0,"event_name":"Ghosts","floor":28,"gold_loss":0},{"cards_removed":["Poisoned Stab"],"damage_healed":0,"gold_gain":0,"player_choice":"Removed Attack","damage_taken":0,"max_hp_gain":0,"max_hp_loss":0,"event_name":"Falling","floor":36,"gold_loss":0},{"damage_healed":0,"gold_gain":0,"player_choice":"Memory 1","damage_taken":0,"max_hp_gain":0,"max_hp_loss":0,"event_name":"SensoryStone","floor":41,"gold_loss":0}],"is_beta":false,"boss_relics":[{"not_picked":["Tiny House","Lizard Tail"],"picked":"Orrery"},{"not_picked":["Velvet Choker","Black Star"],"picked":"Coffee Dripper"}],"items_purged_floors":[10,19,39],"is_endless":false,"potions_floor_spawned":[1,6,8,13,22,31,33,37,38,47],"killed_by":"Donu and Deca","ascension_level":6}