{"gold_per_floor":[115,115,35,48,48,80,80,90,114,389,401,418,452,469,469,469],"floor_reached":16,"playtime":647,"items_purged":[],"score":144,"play_id":"e37b9bfa-1bcb-4bfb-b3e0-740d2602417c","local_time":"20190127182931","is_ascension_mode":true,"campfire_choices":[{"data":"Bash","floor":7,"key":"SMITH"},{"floor":15,"key":"REST"}],"neow_cost":"NONE","seed_source_timestamp":15691767517781,"circlet_count":0,"master_deck":["Strike_R","Strike_R","Strike_R","Strike_R","Strike_R","Defend_R","Defend_R","Defend_R","Defend_R","Bash+1","Whirlwind","Corruption","Regret","Headbutt","Juggernaut"],"relics":["Burning Blood","NeowsBlessing","Dream Catcher","Happy Flower","Gambling Chip"],"potions_floor_usage":[8,8,11,13],"damage_taken":[{"damage":0,"enemies":"Small Slimes","floor":1,"turns":1},{"damage":0,"enemies":"Cultist","floor":4,"turns":1},{"damage":0,"enemies":"Gremlin Nob","floor":6,"turns":1},{"damage":6,"enemies":"Jaw Worm","floor":8,"turns":4},{"damage":14,"enemies":"Red Slaver","floor":11,"turns":4},{"damage":10,"enemies":"2 Fungi Beasts","floor":12,"turns":4},{"damage":42,"enemies":"3 Sentries","floor":13,"turns":9},{"damage":18,"enemies":"Lots of Slimes","floor":14,"turns":3},{"damage":48,"enemies":"The Guardian","floor":16,"turns":8}],"seed_played":"5298035865791398775","potions_obtained":[{"floor":2,"key":"Block Potion"},{"floor":2,"key":"SneckoOil"},{"floor":2,"key":"SteroidPotion"},{"floor":4,"key":"EssenceOfSteel"},{"floor":12,"key":"SkillPotion"}],"is_trial":false,"path_per_floor":["M","?","$","M","$","E","R","M","T","?","M","M","E","M","R","B"],"character_chosen":"IRONCLAD","items_purchased":["Corruption"],"campfire_rested":1,"item_purchase_floors":[3],"current_hp_per_floor":[80,80,80,80,80,80,80,80,80,80,72,68,32,20,44,0],"gold":469,"neow_bonus":"THREE_ENEMY_KILL","is_prod":false,"is_daily":false,"chose_seed":false,"campfire_upgraded":1,"win_rate":0,"timestamp":1548592171,"path_taken":["M","?","$","M","$","E","R","?","T","?","M","M","E","M","R","BOSS"],"build_version":"2019-01-23","purchased_purges":0,"victory":false,"max_hp_per_floor":[80,80,80,80,80,80,80,80,80,80,80,80,80,80,80,80],"card_choices":[{"not_picked":["Armaments","Perfected Strike"],"picked":"Whirlwind","floor":1},{"not_picked":["Reckless Charge","Heavy Blade","Fire Breathing"],"picked":"SKIP","floor":4},{"not_picked":["Combust","Evolve","Rupture"],"picked":"SKIP","floor":6},{"not_picked":["True Grit","Metallicize","Heavy Blade"],"picked":"SKIP","floor":8},{"not_picked":["Flame Barrier","Armaments"],"picked":"Headbutt","floor":11},{"not_picked":["Iron Wave","Hemokinesis","Infernal Blade"],"picked":"SKIP","floor":12},{"not_picked":["Carnage","Heavy Blade","Dual Wield"],"picked":"SKIP","floor":13},{"not_picked":["True Grit","Inflame","Uppercut"],"picked":"SKIP","floor":14},{"not_picked":["Ghostly Armor","Flex"],"picked":"Juggernaut","floor":15}],"player_experience":667237,"relics_obtained":[{"floor":6,"key":"Dream Catcher"},{"floor":9,"key":"Happy Flower"},{"floor":13,"key":"Gambling Chip"}],"event_choices":[{"damage_healed":0,"gold_gain":0,"player_choice":"Got Potions","damage_taken":0,"max_hp_gain":0,"max_hp_loss":0,"event_name":"Lab","floor":2,"gold_loss":0},{"damage_healed":0,"gold_gain":275,"player_choice":"Desecrate","damage_taken":0,"max_hp_gain":0,"max_hp_loss":0,"event_name":"Golden Shrine","floor":10,"gold_loss":0,"cards_obtained":["Regret"]}],"is_beta":false,"boss_relics":[],"items_purged_floors":[],"is_endless":false,"potions_floor_spawned":[4,6,12],"killed_by":"The Guardian","ascension_level":1}