{"gold_per_floor":[109,109,129,129,144,175,175,175,175,206,206,206,206,6,6,130,130,151,176,176,203,203,203,234,149,202,202,235,235,104,122,122,122],"floor_reached":33,"playtime":1785,"items_purged":[],"score":359,"play_id":"8b8aa75a-70d1-47c1-add1-22cc6e717e53","local_time":"20190207135148","is_ascension_mode":true,"campfire_choices":[{"floor":12,"key":"REST"},{"data":"Well Laid Plans","floor":15,"key":"SMITH"},{"floor":23,"key":"REST"},{"floor":27,"key":"REST"},{"floor":29,"key":"REST"},{"floor":32,"key":"REST"}],"neow_cost":"NONE","seed_source_timestamp":270633218864346,"circlet_count":0,"master_deck":["Defend_G","Defend_G","Defend_G","Defend_G","Strike_G","Strike_G","Strike_G","Survivor","Neutralize","Infinite Blades","Quick Slash","Sucker Punch","Skewer","Choke","Adrenaline","Well Laid Plans+1","Slice","Heel Hook","Storm of Steel","Underhanded Strike+1","Blade Dance","RitualDagger","Acrobatics","All Out Attack+1","Finesse","Deflect"],"relics":["Ring of the Snake","Pear","Golden Idol","Mercury Hourglass","Regal Pillow","Lizard Tail","Lantern","Ice Cream","Tingsha","Tiny Chest","Bronze Scales"],"potions_floor_usage":[10,18,24],"damage_taken":[{"damage":1,"enemies":"Jaw Worm","floor":1,"turns":6},{"damage":0,"enemies":"2 Louse","floor":3,"turns":3},{"damage":0,"enemies":"Cultist","floor":5,"turns":3},{"damage":36,"enemies":"Lagavulin","floor":6,"turns":8},{"damage":6,"enemies":"Gremlin Nob","floor":10,"turns":3},{"damage":26,"enemies":"Slime Boss","floor":16,"turns":8},{"damage":15,"enemies":"2 Thieves","floor":18,"turns":3},{"damage":19,"enemies":"Shell Parasite","floor":19,"turns":6},{"damage":35,"enemies":"Slavers","floor":24,"turns":4},{"damage":62,"enemies":"Book of Stabbing","floor":28,"turns":5},{"damage":22,"enemies":"Shelled Parasite and Fungi","floor":31,"turns":3},{"damage":112,"enemies":"Champ","floor":33,"turns":10}],"seed_played":"8217505435686826276","potions_obtained":[{"floor":6,"key":"Explosive Potion"},{"floor":16,"key":"Dexterity Potion"},{"floor":19,"key":"Fire Potion"}],"is_trial":false,"path_per_floor":["M","?","M","?","M","E","?","?","T","E","?","R","?","$","R","B",null,"M","M","?","T","?","R","E","?","T","R","E","R","$","M","R","B"],"character_chosen":"THE_SILENT","items_purchased":["Well Laid Plans","Slice","Heel Hook","Finesse","Deflect"],"campfire_rested":5,"item_purchase_floors":[14,14,14,30,30],"current_hp_per_floor":[69,62,62,55,55,29,29,29,29,23,23,60,65,65,65,39,69,54,35,35,35,29,67,32,32,32,70,8,46,46,24,62,0],"gold":122,"neow_bonus":"TRANSFORM_CARD","is_prod":false,"is_daily":false,"chose_seed":false,"campfire_upgraded":1,"win_rate":0,"timestamp":1549525908,"path_taken":["M","?","M","?","?","E","?","?","T","E","?","R","?","$","R","BOSS","M","M","?","?","?","R","E","?","T","R","E","R","$","M","R","BOSS"],"build_version":"2019-01-23","purchased_purges":0,"victory":false,"max_hp_per_floor":[70,70,70,70,70,80,80,74,74,74,74,74,79,79,79,79,79,79,79,79,79,79,79,79,79,79,79,79,79,79,79,79,79],"card_choices":[{"not_picked":["Blade Dance","PiercingWail"],"picked":"Quick Slash","floor":1},{"not_picked":["Flying Knee","Eviscerate"],"picked":"Sucker Punch","floor":3},{"not_picked":["Deadly Poison","Night Terror"],"picked":"Skewer","floor":5},{"not_picked":["Acrobatics","Dagger Throw"],"picked":"Choke","floor":6},{"not_picked":["Underhanded Strike","Flying Knee","Bane"],"picked":"SKIP","floor":10},{"not_picked":["Malaise","Night Terror"],"picked":"Storm of Steel","floor":16},{"not_picked":["Masterful Stab","Accuracy+1"],"picked":"Underhanded Strike+1","floor":18},{"not_picked":["Backflip","Heel Hook"],"picked":"Blade Dance","floor":19},{"not_picked":["Heel Hook+1","Distraction+1"],"picked":"Acrobatics","floor":24},{"not_picked":["Blade Dance+1","Acrobatics"],"picked":"All Out Attack+1","floor":28},{"not_picked":["Skewer+1","Deadly Poison+1","Slice"],"picked":"SKIP","floor":31}],"player_experience":741385,"relics_obtained":[{"floor":6,"key":"Pear"},{"floor":9,"key":"Mercury Hourglass"},{"floor":10,"key":"Regal Pillow"},{"floor":21,"key":"Lantern"},{"floor":24,"key":"Ice Cream"},{"floor":26,"key":"Tiny Chest"},{"floor":28,"key":"Bronze Scales"}],"event_choices":[{"cards_removed":["Defend_G"],"damage_healed":0,"gold_gain":0,"player_choice":"Card Removal","damage_taken":7,"max_hp_gain":0,"max_hp_loss":0,"event_name":"Golden Wing","floor":2,"gold_loss":0},{"damage_healed":0,"gold_gain":0,"player_choice":"Damaged","damage_taken":7,"max_hp_gain":0,"max_hp_loss":0,"event_name":"Wheel of Change","floor":4,"gold_loss":0},{"damage_healed":0,"gold_gain":0,"player_choice":"Ignored","damage_taken":0,"max_hp_gain":0,"max_hp_loss":0,"event_name":"Liars Game","floor":7,"gold_loss":0},{"damage_healed":0,"gold_gain":0,"player_choice":"Lose Max HP","damage_taken":0,"relics_obtained":["Golden Idol"],"max_hp_gain":0,"max_hp_loss":6,"event_name":"Golden Idol","floor":8,"gold_loss":0},{"damage_healed":0,"gold_gain":0,"cards_transformed":["Strike_G"],"player_choice":"Change","damage_taken":0,"max_hp_gain":0,"max_hp_loss":0,"event_name":"Living Wall","floor":11,"gold_loss":0,"cards_obtained":["Adrenaline"]},{"damage_healed":0,"gold_gain":0,"player_choice":"Donut","damage_taken":0,"max_hp_gain":5,"max_hp_loss":0,"event_name":"Big Fish","floor":13,"gold_loss":0},{"damage_healed":0,"gold_gain":0,"player_choice":"Ignored","damage_taken":0,"max_hp_gain":0,"max_hp_loss":0,"event_name":"Ghosts","floor":20,"gold_loss":0},{"damage_healed":0,"gold_gain":0,"player_choice":"Joined the Cult","damage_taken":6,"max_hp_gain":0,"max_hp_loss":0,"event_name":"Nest","floor":22,"gold_loss":0,"cards_obtained":["RitualDagger"]},{"damage_healed":0,"gold_gain":0,"player_choice":"Obtained Relic","damage_taken":0,"relics_obtained":["Tingsha"],"max_hp_gain":0,"max_hp_loss":0,"event_name":"Addict","floor":25,"gold_loss":85}],"is_beta":false,"boss_relics":[{"not_picked":["Runic Dome","Ectoplasm"],"picked":"Lizard Tail"}],"items_purged_floors":[],"is_endless":false,"potions_floor_spawned":[6,16,19],"killed_by":"Champ","ascension_level":5}