{"gold_per_floor":[213,228,30,46,59,84,259,259,259,18,18,42,42,85,85,210,210,228,247,346,346,386,420,420,451,501,501,540,565,601,625,625,744,744,769,789,808,1141,1158,1192,300,331,331,331,331],"floor_reached":45,"playtime":3620,"items_purged":["Doubt"],"score":692,"play_id":"76fd650f-6c4a-470c-a85c-1efa91ef1d97","local_time":"20190126212059","is_ascension_mode":true,"campfire_choices":[{"floor":11,"key":"REST"},{"floor":13,"key":"REST"},{"floor":15,"key":"REST"},{"floor":24,"key":"RECALL"},{"data":"Transmutation","floor":32,"key":"SMITH"},{"data":"1","floor":44,"key":"LIFT"}],"neow_cost":"NONE","seed_source_timestamp":35190632750093,"circlet_count":0,"master_deck":["Defend_R","Defend_R","Defend_R","Defend_R","Bash","Flex","Heavy Blade","Flex","Transmutation+1","Corruption","Inflame","Limit Break","Inflame+1","Ghostly","Ghostly","Ghostly","Ghostly","Ghostly","Havoc+1","Reaper","Bite","Bite","Bite","Bite","Bite","Barricade","Feel No Pain","Sentinel","Limit Break","Entrench","Heavy Blade+1","Battle Trance+1","Juggernaut","Sever Soul+1"],"relics":["Burning Blood","Chemical X","Ancient Tea Set","Gambling Chip","Velvet Choker","Gremlin Horn","Pen Nib","Art of War","Bottled Tornado","Dream Catcher","Black Star","Ginger","Bottled Lightning","Girya","Question Card","Lee\u0027s Waffle","Ice Cream","Mummified Hand","Darkstone Periapt"],"potions_floor_usage":[6,14,18,22,31,31,39,42],"damage_taken":[{"damage":6,"enemies":"Jaw Worm","floor":1,"turns":3},{"damage":12,"enemies":"Small Slimes","floor":2,"turns":3},{"damage":8,"enemies":"2 Louse","floor":4,"turns":4},{"damage":11,"enemies":"Exordium Thugs","floor":5,"turns":3},{"damage":14,"enemies":"Gremlin Nob","floor":6,"turns":3},{"damage":6,"enemies":"3 Louse","floor":12,"turns":4},{"damage":66,"enemies":"3 Sentries","floor":14,"turns":13},{"damage":49,"enemies":"The Guardian","floor":16,"turns":8},{"damage":4,"enemies":"3 Byrds","floor":18,"turns":5},{"damage":27,"enemies":"Spheric Guardian","floor":19,"turns":4},{"damage":18,"enemies":"3 Cultists","floor":22,"turns":7},{"damage":8,"enemies":"Book of Stabbing","floor":23,"turns":5},{"damage":17,"enemies":"Slavers","floor":25,"turns":7},{"damage":12,"enemies":"Book of Stabbing","floor":28,"turns":6},{"damage":3,"enemies":"Snake Plant","floor":29,"turns":4},{"damage":31,"enemies":"Slavers","floor":30,"turns":8},{"damage":11,"enemies":"Cultist and Chosen","floor":31,"turns":10},{"damage":24,"enemies":"Automaton","floor":33,"turns":11},{"damage":0,"enemies":"3 Darklings","floor":35,"turns":8},{"damage":4,"enemies":"3 Shapes","floor":36,"turns":7},{"damage":3,"enemies":"Sphere and 2 Shapes","floor":37,"turns":7},{"damage":10,"enemies":"4 Shapes","floor":39,"turns":5},{"damage":21,"enemies":"Nemesis","floor":40,"turns":13},{"damage":42,"enemies":"Reptomancer","floor":42,"turns":5},{"damage":24,"enemies":"Jaw Worm Horde","floor":45,"turns":1}],"seed_played":"1722384839452789926","potions_obtained":[{"floor":1,"key":"Ancient Potion"},{"floor":12,"key":"Regen Potion"},{"floor":14,"key":"BloodPotion"},{"floor":16,"key":"EssenceOfSteel"},{"floor":25,"key":"Regen Potion"},{"floor":28,"key":"SkillPotion"},{"floor":30,"key":"Explosive Potion"},{"floor":35,"key":"GamblersBrew"},{"floor":40,"key":"Strength Potion"}],"is_trial":false,"path_per_floor":["M","M","$","M","M","E","?","?","T","$","R","M","R","E","R","B",null,"M","M","?","?","M","E","R","E","T","?","E","M","E","M","R","B",null,"M","M","M","?","M","E","$","E","T","R","M"],"character_chosen":"IRONCLAD","items_purchased":["Chemical X","Transmutation","Juggernaut","Girya","Question Card","Lee\u0027s Waffle"],"campfire_rested":3,"item_purchase_floors":[3,10,41,41,41,41],"current_hp_per_floor":[80,74,74,72,67,59,59,39,39,39,63,63,80,35,59,16,80,80,59,59,40,32,30,30,19,19,19,27,28,28,28,28,20,28,28,28,28,28,28,28,35,20,20,20,0],"gold":331,"neow_bonus":"HUNDRED_GOLD","is_prod":false,"is_daily":false,"chose_seed":false,"campfire_upgraded":1,"win_rate":0,"timestamp":1548516059,"path_taken":["M","M","$","M","M","E","?","?","T","$","R","M","R","E","R","BOSS","M","M","?","?","M","E","R","E","T","?","E","?","E","M","R","BOSS","M","M","M","?","M","E","$","E","T","R","M"],"build_version":"2019-01-23","purchased_purges":1,"victory":false,"max_hp_per_floor":[80,80,80,80,80,80,80,80,80,80,80,80,80,80,80,80,80,80,80,80,40,40,40,40,40,40,28,28,28,28,28,28,28,28,28,28,28,28,28,28,35,35,35,35,35],"card_choices":[{"not_picked":["Sentinel","Disarm"],"picked":"Flex","floor":1},{"not_picked":["Clash","Cleave"],"picked":"Heavy Blade","floor":2},{"not_picked":["Armaments","Intimidate","Shrug It Off"],"picked":"SKIP","floor":4},{"not_picked":["Burning Pact","Clash"],"picked":"Flex","floor":5},{"not_picked":["Thunderclap","Entrench","Clothesline"],"picked":"SKIP","floor":6},{"not_picked":["Reckless Charge","Shrug It Off"],"picked":"Corruption","floor":12},{"not_picked":["Wild Strike","Thunderclap"],"picked":"Inflame","floor":14},{"not_picked":["Dark Embrace","Immolate"],"picked":"Limit Break","floor":16},{"not_picked":["Reckless Charge","Sword Boomerang+1"],"picked":"Inflame+1","floor":18},{"not_picked":["Dual Wield","Blood for Blood","Entrench"],"picked":"SKIP","floor":19},{"not_picked":["Heavy Blade","Second Wind"],"picked":"Havoc+1","floor":22},{"not_picked":["Body Slam","Thunderclap"],"picked":"Reaper","floor":23},{"not_picked":["Corruption+1","Headbutt","Perfected Strike"],"picked":"SKIP","floor":25},{"not_picked":["Sword Boomerang","Power Through","Wild Strike"],"picked":"SKIP","floor":28},{"not_picked":["Warcry","True Grit"],"picked":"Barricade","floor":29},{"not_picked":["Heavy Blade","Havoc"],"picked":"Feel No Pain","floor":30},{"not_picked":["Iron Wave","Evolve"],"picked":"Sentinel","floor":31},{"not_picked":["Fiend Fire","Reaper"],"picked":"Limit Break","floor":33},{"not_picked":["Uppercut","True Grit+1"],"picked":"Entrench","floor":35},{"not_picked":["Pummel+1","Wild Strike"],"picked":"Heavy Blade+1","floor":36},{"not_picked":["Bloodletting+1","Perfected Strike","Dual Wield+1"],"picked":"SKIP","floor":37},{"not_picked":["Sword Boomerang+1","Pommel Strike+1","Sentinel"],"picked":"SKIP","floor":39},{"not_picked":["Ghostly Armor","Clothesline"],"picked":"Battle Trance+1","floor":40},{"not_picked":["Flame Barrier","Ghostly Armor","Iron Wave+1"],"picked":"Sever Soul+1","floor":42}],"player_experience":661916,"relics_obtained":[{"floor":6,"key":"Ancient Tea Set"},{"floor":14,"key":"Gambling Chip"},{"floor":23,"key":"Gremlin Horn"},{"floor":25,"key":"Pen Nib"},{"floor":26,"key":"Art of War"},{"floor":28,"key":"Bottled Tornado"},{"floor":30,"key":"Dream Catcher"},{"floor":40,"key":"Ginger"},{"floor":40,"key":"Bottled Lightning"},{"floor":42,"key":"Ice Cream"},{"floor":42,"key":"Mummified Hand"},{"floor":43,"key":"Darkstone Periapt"}],"event_choices":[{"damage_healed":0,"gold_gain":175,"player_choice":"AGREE","damage_taken":0,"max_hp_gain":0,"max_hp_loss":0,"event_name":"Liars Game","floor":7,"gold_loss":0,"cards_obtained":["Doubt"]},{"damage_healed":0,"gold_gain":0,"player_choice":"Take Damage","damage_taken":20,"relics_obtained":["Golden Idol"],"max_hp_gain":0,"max_hp_loss":0,"event_name":"Golden Idol","floor":8,"gold_loss":0},{"damage_healed":0,"gold_gain":99,"player_choice":"Stole From Cult","damage_taken":0,"max_hp_gain":0,"max_hp_loss":0,"event_name":"Nest","floor":20,"gold_loss":0},{"damage_healed":0,"gold_gain":0,"player_choice":"Became a Ghost","damage_taken":0,"max_hp_gain":0,"max_hp_loss":40,"event_name":"Ghosts","floor":21,"gold_loss":0,"cards_obtained":["Ghostly","Ghostly","Ghostly","Ghostly","Ghostly"]},{"damage_healed":0,"gold_gain":0,"player_choice":"Became a vampire","damage_taken":0,"max_hp_gain":0,"max_hp_loss":12,"event_name":"Vampires","floor":27,"gold_loss":0,"cards_obtained":["Bite","Bite","Bite","Bite","Bite"]},{"damage_healed":0,"gold_gain":333,"player_choice":"Gave Idol","damage_taken":0,"max_hp_gain":0,"max_hp_loss":0,"event_name":"The Moai Head","floor":38,"relics_lost":["Golden Idol"],"gold_loss":0}],"is_beta":false,"boss_relics":[{"not_picked":["Mark of Pain","Astrolabe"],"picked":"Velvet Choker"},{"not_picked":["Orrery","Fusion Hammer"],"picked":"Black Star"}],"items_purged_floors":[10],"is_endless":false,"potions_floor_spawned":[1,12,14,16,25,28,30,35,40],"killed_by":"Jaw Worm Horde","ascension_level":1}