{"gold_per_floor":[214,58,72,72,72,102,2,2,26,60,73,86,104,134,134,230,230,243,243,71,86,97,122,132,165,165,165,184,184,184,200,200,300,300,316,329,51,51,65,65,94,104,129,129,229,229],"floor_reached":46,"playtime":4454,"items_purged":["Strike_R","Regret","Writhe"],"score":500,"play_id":"847b11ad-dfc4-4fb1-8f6a-091aa6881ff2","local_time":"20190124135013","is_ascension_mode":false,"campfire_choices":[{"data":"Rampage","floor":8,"key":"SMITH"},{"data":"Armaments","floor":15,"key":"SMITH"},{"floor":27,"key":"RECALL"},{"floor":30,"key":"REST"},{"floor":32,"key":"REST"},{"floor":40,"key":"REST"}],"neow_cost":"NONE","seed_source_timestamp":320173862578629,"circlet_count":0,"master_deck":["Strike_R","Strike_R+1","Strike_R","Strike_R","Defend_R+1","Defend_R","Defend_R","Defend_R","Bash","Rampage+1","Metallicize","Rage","Metallicize","Whirlwind","Armaments+1","Pommel Strike","Apotheosis+1","Thunderclap+1","True Grit+1","Havoc","Headbutt+1","Headbutt+1","Metallicize+1","Pommel Strike+1","Rampage+1","Writhe","Flame Barrier+1","Reaper","Secret Weapon","Dropkick+1"],"relics":["Burning Blood","Strawberry","Bird Faced Urn","Bottled Flame","Juzu Bracelet","Red Skull","Fusion Hammer","Self Forming Clay","Ornamental Fan","Whetstone","Runic Pyramid","War Paint","Omamori","Ancient Tea Set","Incense Burner"],"potions_floor_usage":[10,16,23,23,24,25,31,33,46,46],"damage_taken":[{"damage":0,"enemies":"Small Slimes","floor":1,"turns":3},{"damage":6,"enemies":"2 Louse","floor":3,"turns":4},{"damage":39,"enemies":"Gremlin Nob","floor":6,"turns":6},{"damage":25,"enemies":"Lagavulin","floor":10,"turns":5},{"damage":8,"enemies":"Jaw Worm","floor":11,"turns":3},{"damage":1,"enemies":"Looter","floor":12,"turns":3},{"damage":0,"enemies":"2 Fungi Beasts","floor":13,"turns":4},{"damage":17,"enemies":"The Guardian","floor":16,"turns":9},{"damage":0,"enemies":"3 Byrds","floor":18,"turns":6},{"damage":0,"enemies":"Spheric Guardian","floor":21,"turns":5},{"damage":31,"enemies":"Cultist and Chosen","floor":22,"turns":7},{"damage":25,"enemies":"Book of Stabbing","floor":23,"turns":7},{"damage":5,"enemies":"Sentry and Sphere","floor":24,"turns":6},{"damage":4,"enemies":"Gremlin Leader","floor":25,"turns":8},{"damage":20,"enemies":"Shelled Parasite and Fungi","floor":28,"turns":5},{"damage":0,"enemies":"3 Cultists","floor":31,"turns":7},{"damage":68,"enemies":"Collector","floor":33,"turns":8},{"damage":2,"enemies":"Orb Walker","floor":35,"turns":5},{"damage":53,"enemies":"3 Shapes","floor":36,"turns":4},{"damage":19,"enemies":"Spire Growth","floor":39,"turns":6},{"damage":50,"enemies":"Giant Head","floor":41,"turns":11},{"damage":8,"enemies":"3 Darklings","floor":42,"turns":5},{"damage":0,"enemies":"Mind Bloom Boss Battle","floor":45,"turns":8},{"damage":97,"enemies":"Reptomancer","floor":46,"turns":3}],"seed_played":"2022739690554744672","potions_obtained":[{"floor":6,"key":"Strength Potion"},{"floor":11,"key":"PowerPotion"},{"floor":13,"key":"GamblersBrew"},{"floor":16,"key":"Block Potion"},{"floor":22,"key":"Strength Potion"},{"floor":23,"key":"GamblersBrew"},{"floor":24,"key":"LiquidBronze"},{"floor":28,"key":"Energy Potion"},{"floor":35,"key":"Strength Potion"},{"floor":42,"key":"Strength Potion"}],"is_trial":false,"path_per_floor":["M","$","M","?","?","E","$","R","T","E","M","M","M","?","R","B",null,"M","?","$","M","M","E","M","E","T","R","M","?","R","M","R","B",null,"M","M","$","?","M","R","E","M","T","?","?","E"],"character_chosen":"IRONCLAD","items_purchased":["Metallicize","Apotheosis","War Paint"],"campfire_rested":3,"item_purchase_floors":[2,20,37],"current_hp_per_floor":[80,80,80,87,62,31,31,31,31,14,14,21,31,31,31,26,87,87,87,87,87,63,46,51,57,57,57,45,28,55,67,92,36,92,92,48,48,71,64,91,53,57,57,57,69,0],"gold":229,"neow_bonus":"HUNDRED_GOLD","is_prod":false,"is_daily":false,"chose_seed":false,"campfire_upgraded":2,"win_rate":0,"timestamp":1548366613,"path_taken":["M","$","M","?","?","E","?","R","T","E","M","M","M","?","R","BOSS","M","?","$","M","M","E","M","E","T","R","M","?","R","M","R","BOSS","M","M","$","?","M","R","E","M","T","?","?","E"],"build_version":"2019-01-23","purchased_purges":3,"victory":false,"max_hp_per_floor":[80,80,80,87,87,87,87,87,87,87,87,87,87,87,87,87,87,87,87,87,87,87,87,87,87,87,87,87,92,92,92,92,92,92,92,92,92,92,92,92,92,92,92,92,92,92],"card_choices":[{"not_picked":["Sword Boomerang","Rupture"],"picked":"Rampage","floor":1},{"not_picked":["Rampage","Clash"],"picked":"Rage","floor":3},{"not_picked":["Iron Wave","Reckless Charge","Sentinel"],"picked":"SKIP","floor":6},{"not_picked":["Sword Boomerang","Uppercut"],"picked":"Metallicize","floor":10},{"not_picked":["Wild Strike","Heavy Blade"],"picked":"Whirlwind","floor":11},{"not_picked":["Shockwave","Pommel Strike"],"picked":"Armaments","floor":12},{"not_picked":["Sword Boomerang","Warcry","Burning Pact"],"picked":"SKIP","floor":13},{"not_picked":["Blood for Blood+1","Carnage"],"picked":"Pommel Strike","floor":18},{"not_picked":["Heavy Blade","Carnage"],"picked":"Thunderclap+1","floor":21},{"not_picked":["Thunderclap","Warcry+1"],"picked":"True Grit+1","floor":22},{"not_picked":["Ghostly Armor","Berserk"],"picked":"Havoc","floor":23},{"not_picked":["Twin Strike","Uppercut+1"],"picked":"Headbutt","floor":24},{"not_picked":["True Grit","Flex"],"picked":"Headbutt+1","floor":25},{"not_picked":["Iron Wave+1","Shrug It Off"],"picked":"Metallicize+1","floor":28},{"not_picked":["Body Slam","Thunderclap","Clothesline"],"picked":"SKIP","floor":31},{"not_picked":["Searing Blow+1","Shrug It Off+1"],"picked":"Pommel Strike+1","floor":35},{"not_picked":["True Grit","Shrug It Off"],"picked":"Rampage+1","floor":36},{"not_picked":["Searing Blow","Evolve","Clash"],"picked":"SKIP","floor":39},{"not_picked":["Dual Wield","Wild Strike"],"picked":"Flame Barrier+1","floor":41},{"not_picked":["Sword Boomerang","Thunderclap+1"],"picked":"Reaper","floor":42},{"not_picked":["PanicButton","Bandage Up"],"picked":"Secret Weapon","floor":44},{"not_picked":["Cleave","Flex"],"picked":"Dropkick+1","floor":45}],"player_experience":120677,"relics_obtained":[{"floor":6,"key":"Bottled Flame"},{"floor":9,"key":"Juzu Bracelet"},{"floor":10,"key":"Red Skull"},{"floor":23,"key":"Ornamental Fan"},{"floor":25,"key":"Whetstone"},{"floor":41,"key":"Omamori"},{"floor":43,"key":"Ancient Tea Set"},{"floor":45,"key":"Incense Burner"}],"event_choices":[{"damage_healed":0,"gold_gain":0,"player_choice":"Box","damage_taken":0,"relics_obtained":["Strawberry"],"max_hp_gain":0,"max_hp_loss":0,"event_name":"Big Fish","floor":4,"gold_loss":0,"cards_obtained":["Regret"]},{"damage_healed":0,"gold_gain":0,"player_choice":"Success","damage_taken":25,"relics_obtained":["Bird Faced Urn"],"max_hp_gain":0,"max_hp_loss":0,"event_name":"Scrap Ooze","floor":5,"gold_loss":0},{"damage_healed":0,"gold_gain":30,"player_choice":"Searched \u00272\u0027 times","damage_taken":0,"max_hp_gain":0,"max_hp_loss":0,"event_name":"Dead Adventurer","floor":14,"gold_loss":0},{"damage_healed":0,"gold_gain":0,"player_choice":"Opened","damage_taken":0,"relics_obtained":["Self Forming Clay"],"max_hp_gain":0,"max_hp_loss":0,"event_name":"The Mausoleum","floor":19,"gold_loss":0,"cards_obtained":["Writhe"]},{"damage_healed":0,"gold_gain":0,"player_choice":"Shed Blood","damage_taken":22,"max_hp_gain":5,"max_hp_loss":0,"event_name":"Forgotten Altar","floor":29,"gold_loss":0},{"damage_healed":23,"gold_gain":0,"player_choice":"Writhe","damage_taken":0,"max_hp_gain":0,"max_hp_loss":0,"event_name":"Winding Halls","floor":38,"gold_loss":0,"cards_obtained":["Writhe"]},{"damage_healed":0,"gold_gain":0,"player_choice":"Memory 1","damage_taken":0,"max_hp_gain":0,"max_hp_loss":0,"event_name":"SensoryStone","floor":44,"gold_loss":0},{"damage_healed":0,"gold_gain":0,"player_choice":"Fight","damage_taken":0,"max_hp_gain":0,"max_hp_loss":0,"event_name":"MindBloom","floor":45,"gold_loss":0}],"is_beta":false,"boss_relics":[{"not_picked":["Philosopher\u0027s Stone","Cursed Key"],"picked":"Fusion Hammer"},{"not_picked":["White Beast Statue","Mark of Pain"],"picked":"Runic Pyramid"}],"items_purged_floors":[2,7,37],"is_endless":false,"potions_floor_spawned":[6,11,13,16,22,23,24,28,35,42],"killed_by":"Reptomancer","ascension_level":0}