{"gold_per_floor":[113,129,49,66,86,112,127,139,139,152,152,170,203,168,168,272,272,286,304,33,33,52,52],"floor_reached":23,"playtime":1932,"items_purged":[],"score":207,"play_id":"69589796-6330-4617-aed0-a6206198ef72","local_time":"20190131212037","is_ascension_mode":false,"campfire_choices":[{"floor":11,"key":"REST"},{"data":"True Grit","floor":15,"key":"SMITH"}],"neow_cost":"PERCENT_DAMAGE","seed_source_timestamp":167846040426955,"circlet_count":0,"master_deck":["Strike_R","Strike_R","Strike_R","Strike_R","Strike_R","Defend_R","Defend_R","Defend_R","Defend_R","Bash","Immolate","True Grit+1","Disarm","Barricade","Shockwave","Seeing Red","Pommel Strike","Offering","Body Slam","Shrug It Off","Havoc","Shrug It Off","Impervious","Ghostly Armor+1","Thinking Ahead","Discovery","Flame Barrier","True Grit"],"relics":["Burning Blood","Gremlin Horn","Meat on the Bone","Calipers","Orrery"],"potions_floor_usage":[13,16,23],"damage_taken":[{"damage":1,"enemies":"Cultist","floor":1,"turns":3},{"damage":0,"enemies":"2 Louse","floor":2,"turns":1},{"damage":0,"enemies":"Jaw Worm","floor":4,"turns":5},{"damage":0,"enemies":"3 Louse","floor":5,"turns":1},{"damage":61,"enemies":"3 Sentries","floor":6,"turns":8},{"damage":5,"enemies":"Blue Slaver","floor":7,"turns":5},{"damage":13,"enemies":"Large Slime","floor":8,"turns":7},{"damage":10,"enemies":"Gremlin Gang","floor":10,"turns":3},{"damage":4,"enemies":"2 Fungi Beasts","floor":12,"turns":3},{"damage":40,"enemies":"Lagavulin","floor":13,"turns":9},{"damage":47,"enemies":"Hexaghost","floor":16,"turns":12},{"damage":18,"enemies":"Shell Parasite","floor":18,"turns":7},{"damage":33,"enemies":"2 Thieves","floor":19,"turns":4},{"damage":6,"enemies":"Snecko","floor":22,"turns":7},{"damage":78,"enemies":"Slavers","floor":23,"turns":7}],"seed_played":"-1909348635638316381","potions_obtained":[{"floor":4,"key":"FairyPotion"},{"floor":5,"key":"Strength Potion"},{"floor":7,"key":"SpeedPotion"},{"floor":8,"key":"Ancient Potion"},{"floor":19,"key":"Weak Potion"}],"is_trial":false,"path_per_floor":["M","M","$","M","M","E","M","M","T","M","R","M","E","?","R","B",null,"M","M","$","?","M","E"],"character_chosen":"IRONCLAD","items_purchased":["Barricade","Thinking Ahead","Discovery"],"campfire_rested":1,"item_purchase_floors":[3,20,20],"current_hp_per_floor":[61,67,67,73,79,24,25,18,18,26,50,52,30,50,50,21,80,68,53,53,53,53,0],"gold":52,"neow_bonus":"THREE_RARE_CARDS","is_prod":false,"is_daily":false,"chose_seed":false,"campfire_upgraded":1,"win_rate":0,"timestamp":1548998437,"path_taken":["M","M","$","?","M","E","M","M","T","?","R","M","E","?","R","BOSS","M","M","$","?","M","E"],"build_version":"2019-01-23","purchased_purges":0,"victory":false,"max_hp_per_floor":[80,80,80,80,80,80,80,80,80,80,80,80,80,80,80,80,80,80,80,80,80,80,80],"card_choices":[{"not_picked":["Dark Embrace","Feed"],"picked":"Immolate","floor":0},{"not_picked":["Warcry","Havoc"],"picked":"True Grit","floor":1},{"not_picked":["Clash","Sentinel"],"picked":"Disarm","floor":2},{"not_picked":["Reckless Charge","Infernal Blade"],"picked":"Shockwave","floor":4},{"not_picked":["Clothesline","Clash","Wild Strike"],"picked":"SKIP","floor":5},{"not_picked":["Barricade","Rage","Hemokinesis"],"picked":"SKIP","floor":6},{"not_picked":["Anger","Cleave"],"picked":"Seeing Red","floor":7},{"not_picked":["Thunderclap","Spot Weakness"],"picked":"Pommel Strike","floor":8},{"not_picked":["Combust","Headbutt","Thunderclap"],"picked":"SKIP","floor":10},{"not_picked":["Searing Blow","Sword Boomerang","Pummel"],"picked":"SKIP","floor":12},{"not_picked":["Rampage","Clothesline","Thunderclap"],"picked":"SKIP","floor":13},{"not_picked":["Brutality","Reaper"],"picked":"Offering","floor":16},{"not_picked":["Flex","Fire Breathing"],"picked":"Body Slam","floor":17},{"not_picked":["Rupture","Flex"],"picked":"Shrug It Off","floor":17},{"not_picked":["Cleave","Pommel Strike"],"picked":"Havoc","floor":17},{"not_picked":["Inflame","Battle Trance"],"picked":"Shrug It Off","floor":17},{"not_picked":["Power Through","Sever Soul"],"picked":"Impervious","floor":18},{"not_picked":["Rage+1","Warcry"],"picked":"Ghostly Armor+1","floor":19},{"not_picked":["Combust","Flex+1"],"picked":"True Grit","floor":22}],"player_experience":214658,"relics_obtained":[{"floor":6,"key":"Gremlin Horn"},{"floor":9,"key":"Meat on the Bone"},{"floor":13,"key":"Calipers"}],"event_choices":[{"damage_healed":20,"gold_gain":0,"player_choice":"Healed","damage_taken":0,"max_hp_gain":0,"max_hp_loss":0,"event_name":"The Cleric","floor":14,"gold_loss":35},{"damage_healed":0,"gold_gain":0,"player_choice":"Read","damage_taken":0,"max_hp_gain":0,"max_hp_loss":0,"event_name":"The Library","floor":21,"gold_loss":0,"cards_obtained":["Flame Barrier"]}],"is_beta":false,"boss_relics":[{"not_picked":["White Beast Statue","Cursed Key"],"picked":"Orrery"}],"items_purged_floors":[],"is_endless":false,"potions_floor_spawned":[4,5,7,8,19],"killed_by":"Slavers","ascension_level":0}