{"gold_per_floor":[118,131,81,97,58,88,107,107,107,107,127,145,165,175,175,175],"floor_reached":16,"playtime":850,"items_purged":[],"score":106,"play_id":"ca171924-450f-4cf0-94d0-c5f143fd6db1","local_time":"20190129133434","is_ascension_mode":false,"campfire_choices":[{"floor":8,"key":"REST"},{"floor":10,"key":"RECALL"},{"data":"Shrug It Off","floor":15,"key":"SMITH"}],"neow_cost":"TEN_PERCENT_HP_LOSS","seed_source_timestamp":225778364163152,"circlet_count":0,"master_deck":["Strike_R","Strike_R","Strike_R","Strike_R","Defend_R","Defend_R","Defend_R","Defend_R","Bash","Shrug It Off","Shrug It Off+1","Ghostly Armor","Pommel Strike","Battle Trance","Shrug It Off"],"relics":["Burning Blood","Magic Flower","Dodecahedron","Meat on the Bone"],"potions_floor_usage":[6,16,16,16],"damage_taken":[{"damage":8,"enemies":"Jaw Worm","floor":1,"turns":4},{"damage":7,"enemies":"2 Louse","floor":2,"turns":3},{"damage":5,"enemies":"Small Slimes","floor":4,"turns":3},{"damage":71,"enemies":"Lagavulin","floor":6,"turns":10},{"damage":6,"enemies":"3 Louse","floor":7,"turns":7},{"damage":0,"enemies":"Large Slime","floor":11,"turns":5},{"damage":1,"enemies":"Exordium Wildlife","floor":12,"turns":3},{"damage":0,"enemies":"Red Slaver","floor":13,"turns":5},{"damage":12,"enemies":"Looter","floor":14,"turns":3},{"damage":129,"enemies":"Hexaghost","floor":16,"turns":16}],"seed_played":"-6655780103447102186","potions_obtained":[{"floor":2,"key":"SpeedPotion"},{"floor":11,"key":"Regen Potion"},{"floor":12,"key":"BloodPotion"},{"floor":13,"key":"Regen Potion"}],"is_trial":false,"path_per_floor":["M","M","?","M","$","E","M","R","T","R","M","M","M","M","R","B"],"character_chosen":"IRONCLAD","items_purchased":["Ghostly Armor"],"campfire_rested":1,"item_purchase_floors":[5],"current_hp_per_floor":[72,72,72,72,72,10,13,34,34,34,61,69,72,69,69,0],"gold":175,"neow_bonus":"ONE_RARE_RELIC","is_prod":false,"is_daily":false,"chose_seed":false,"campfire_upgraded":1,"win_rate":0,"timestamp":1548797674,"path_taken":["M","M","?","M","$","E","M","R","T","R","M","M","M","M","R","BOSS"],"build_version":"2019-01-23","purchased_purges":0,"victory":false,"max_hp_per_floor":[72,72,72,72,72,72,72,72,72,72,72,72,72,72,72,72],"card_choices":[{"not_picked":["Body Slam","Sword Boomerang","Cleave"],"picked":"SKIP","floor":1},{"not_picked":["Wild Strike","Iron Wave"],"picked":"Shrug It Off","floor":2},{"not_picked":["Blood for Blood","Thunderclap"],"picked":"Shrug It Off","floor":4},{"not_picked":["Combust","Clash","Twin Strike"],"picked":"SKIP","floor":6},{"not_picked":["Disarm","Flex"],"picked":"Pommel Strike","floor":7},{"not_picked":["Body Slam","Dropkick"],"picked":"Battle Trance","floor":11},{"not_picked":["Bloodletting","Havoc","Perfected Strike"],"picked":"SKIP","floor":12},{"not_picked":["Flex","Battle Trance"],"picked":"Shrug It Off","floor":13},{"not_picked":["Hemokinesis","Thunderclap","Anger"],"picked":"SKIP","floor":14}],"player_experience":194049,"relics_obtained":[{"floor":6,"key":"Dodecahedron"},{"floor":9,"key":"Meat on the Bone"}],"event_choices":[{"cards_removed":["Strike_R"],"damage_healed":0,"gold_gain":0,"player_choice":"Card Removal","damage_taken":0,"max_hp_gain":0,"max_hp_loss":0,"event_name":"The Cleric","floor":3,"gold_loss":50}],"is_beta":false,"boss_relics":[],"items_purged_floors":[],"is_endless":false,"potions_floor_spawned":[2,11,12,13],"killed_by":"Hexaghost","ascension_level":0}