{"gold_per_floor":[115,65,65,84,59,90,90,123,146,173,190,218,229,229,229,334,334,347,447,462,462,477,502,502,528,528,560,560,19,19,38,38,135,135,149,149,49,66,80,106,106,137,186,186,186,286,320,333,333,333],"floor_reached":50,"playtime":2847,"items_purged":["Strike_R","Defend_R"],"score":696,"play_id":"b0fbb669-7944-456e-8a7c-f3bde7ff803a","local_time":"20190205083445","is_ascension_mode":true,"campfire_choices":[{"data":"Flame Barrier","floor":7,"key":"SMITH"},{"floor":15,"key":"REST"},{"floor":28,"key":"REST"},{"data":"Ghostly","floor":30,"key":"SMITH"},{"floor":32,"key":"RECALL"},{"floor":41,"key":"REST"},{"floor":45,"key":"REST"},{"floor":49,"key":"REST"}],"neow_cost":"NONE","seed_source_timestamp":180871694606671,"circlet_count":0,"master_deck":["Strike_R+1","Defend_R","Defend_R","Defend_R","Bash","Flame Barrier+1","Pommel Strike","Havoc+1","Flame Barrier","Sever Soul","True Grit","Whirlwind","Immolate","Shrug It Off","Whirlwind+1","Double Tap","Shrug It Off","True Grit+1","Ghostly+1","Ghostly","Ghostly","Ghostly","Ghostly+1","Body Slam+1","Barricade","Pummel+1","Feel No Pain+1","Inflame","Flash of Steel+1","Shrug It Off+1","Warcry+1"],"relics":["Black Blood","NeowsBlessing","Strawberry","StoneCalendar","Lantern","Peace Pipe","Ornamental Fan","Empty Cage","Torii","Molten Egg 2","Blood Vial","PreservedInsect","Dodecahedron","Brimstone","Bottled Lightning","Centennial Puzzle","Pen Nib","Orichalcum","Unceasing Top","Bag of Preparation"],"potions_floor_usage":[10,18,20,25,27,33,33,40],"damage_taken":[{"damage":0,"enemies":"2 Louse","floor":1,"turns":1},{"damage":0,"enemies":"Small Slimes","floor":4,"turns":1},{"damage":0,"enemies":"Lagavulin","floor":6,"turns":1},{"damage":54,"enemies":"3 Sentries","floor":8,"turns":12},{"damage":4,"enemies":"Lagavulin","floor":10,"turns":5},{"damage":0,"enemies":"Jaw Worm","floor":11,"turns":4},{"damage":26,"enemies":"Gremlin Nob","floor":12,"turns":5},{"damage":1,"enemies":"2 Fungi Beasts","floor":13,"turns":3},{"damage":15,"enemies":"Slime Boss","floor":16,"turns":7},{"damage":11,"enemies":"Shell Parasite","floor":18,"turns":5},{"damage":15,"enemies":"Colosseum Slavers","floor":19,"turns":6},{"damage":55,"enemies":"Colosseum Nobs","floor":19,"turns":6},{"damage":5,"enemies":"3 Byrds","floor":20,"turns":3},{"damage":11,"enemies":"Shelled Parasite and Fungi","floor":22,"turns":6},{"damage":41,"enemies":"Gremlin Leader","floor":23,"turns":6},{"damage":6,"enemies":"Book of Stabbing","floor":25,"turns":7},{"damage":25,"enemies":"Gremlin Leader","floor":27,"turns":7},{"damage":1,"enemies":"Sentry and Sphere","floor":31,"turns":6},{"damage":39,"enemies":"Champ","floor":33,"turns":10},{"damage":0,"enemies":"3 Darklings","floor":35,"turns":2},{"damage":2,"enemies":"3 Shapes","floor":38,"turns":5},{"damage":2,"enemies":"Spire Growth","floor":39,"turns":5},{"damage":38,"enemies":"Nemesis","floor":40,"turns":9},{"damage":22,"enemies":"Giant Head","floor":42,"turns":8},{"damage":19,"enemies":"Mind Bloom Boss Battle","floor":46,"turns":6},{"damage":38,"enemies":"Reptomancer","floor":47,"turns":5},{"damage":0,"enemies":"Transient","floor":48,"turns":5},{"damage":48,"enemies":"Awakened One","floor":50,"turns":9}],"seed_played":"-5390590713361926839","potions_obtained":[{"floor":8,"key":"Poison Potion"},{"floor":10,"key":"FairyPotion"},{"floor":12,"key":"FearPotion"},{"floor":16,"key":"BloodPotion"},{"floor":22,"key":"GamblersBrew"},{"floor":23,"key":"EssenceOfSteel"},{"floor":27,"key":"Ancient Potion"},{"floor":31,"key":"Regen Potion"},{"floor":38,"key":"SkillPotion"},{"floor":40,"key":"Swift Potion"},{"floor":46,"key":"SteroidPotion"},{"floor":47,"key":"Poison Potion"}],"is_trial":false,"path_per_floor":["M","?","$","M","$","E","R","E","T","E","M","E","M","?","R","B",null,"M","?","M","?","M","E","?","E","T","E","R","$","R","M","R","B",null,"M","?","$","M","M","E","R","E","T","?","R","?","E","M","R","B"],"character_chosen":"IRONCLAD","items_purchased":["Havoc","Brimstone","Bottled Lightning"],"campfire_rested":5,"item_purchase_floors":[5,29,29],"current_hp_per_floor":[80,80,80,80,80,87,87,39,39,41,47,27,32,15,41,32,87,82,24,33,62,57,22,22,24,24,7,19,19,19,26,26,10,43,43,43,43,43,43,15,27,17,17,17,29,22,14,26,38,0],"gold":333,"neow_bonus":"THREE_ENEMY_KILL","is_prod":false,"is_daily":false,"chose_seed":false,"campfire_upgraded":2,"win_rate":0,"timestamp":1549384485,"path_taken":["M","?","$","M","$","E","R","E","T","E","M","E","M","?","R","BOSS","M","?","M","?","M","E","?","E","T","E","R","$","R","M","R","BOSS","M","?","$","?","M","E","R","E","T","?","R","?","E","M","R","BOSS"],"build_version":"2019-01-23","purchased_purges":2,"victory":false,"max_hp_per_floor":[80,80,80,80,80,87,87,87,87,87,87,87,87,87,87,87,87,87,87,87,87,87,87,43,43,43,43,43,43,43,43,43,43,43,43,43,43,43,43,43,43,43,43,43,43,43,43,43,43,43],"card_choices":[{"not_picked":["Body Slam","Sword Boomerang"],"picked":"Flame Barrier","floor":1},{"not_picked":["Sword Boomerang","Cleave"],"picked":"Pommel Strike","floor":4},{"not_picked":["Brutality","Clash","Intimidate"],"picked":"SKIP","floor":6},{"not_picked":["Heavy Blade","Pommel Strike"],"picked":"Flame Barrier","floor":8},{"not_picked":["Flex","Rupture","Clothesline"],"picked":"SKIP","floor":10},{"not_picked":["Thunderclap","Twin Strike"],"picked":"Sever Soul","floor":11},{"not_picked":["Anger","Evolve"],"picked":"True Grit","floor":12},{"not_picked":["Sentinel","Uppercut"],"picked":"Whirlwind","floor":13},{"not_picked":["Double Tap","Bludgeon"],"picked":"Immolate","floor":16},{"not_picked":["Wild Strike","Flex"],"picked":"Shrug It Off","floor":18},{"not_picked":["Twin Strike","True Grit"],"picked":"Whirlwind","floor":19},{"not_picked":["Perfected Strike+1","Wild Strike+1"],"picked":"Double Tap","floor":20},{"not_picked":["Thunderclap+1","Fire Breathing"],"picked":"Shrug It Off","floor":22},{"not_picked":["Clash+1","Fiend Fire+1"],"picked":"True Grit+1","floor":23},{"not_picked":["Rupture","Clash+1","Fire Breathing+1"],"picked":"SKIP","floor":25},{"not_picked":["Flex+1","Double Tap","Sword Boomerang+1"],"picked":"SKIP","floor":27},{"not_picked":["Wild Strike+1","Clash+1"],"picked":"Body Slam+1","floor":31},{"not_picked":["Reaper+1","Juggernaut"],"picked":"Barricade","floor":33},{"not_picked":["Flex+1","Perfected Strike+1","Clash+1"],"picked":"SKIP","floor":35},{"not_picked":["Twin Strike+1","Clash+1"],"picked":"Pummel+1","floor":38},{"not_picked":["Twin Strike+1","Wild Strike+1","Sword Boomerang+1"],"picked":"SKIP","floor":39},{"not_picked":["True Grit","Pommel Strike+1"],"picked":"Feel No Pain+1","floor":40},{"not_picked":["Clash+1","Reckless Charge+1"],"picked":"Inflame","floor":42},{"not_picked":["Magnetism","Secret Weapon"],"picked":"Flash of Steel+1","floor":44},{"not_picked":["Reckless Charge+1","Perfected Strike+1"],"picked":"Shrug It Off+1","floor":46},{"not_picked":["Perfected Strike+1","Clothesline+1","True Grit"],"picked":"SKIP","floor":47},{"not_picked":["Dropkick+1","Pommel Strike+1"],"picked":"Warcry+1","floor":48}],"player_experience":277414,"relics_obtained":[{"floor":6,"key":"Strawberry"},{"floor":8,"key":"StoneCalendar"},{"floor":9,"key":"Lantern"},{"floor":10,"key":"Peace Pipe"},{"floor":12,"key":"Ornamental Fan"},{"floor":19,"key":"Torii"},{"floor":19,"key":"Molten Egg 2"},{"floor":23,"key":"Blood Vial"},{"floor":25,"key":"PreservedInsect"},{"floor":27,"key":"Dodecahedron"},{"floor":40,"key":"Centennial Puzzle"},{"floor":42,"key":"Pen Nib"},{"floor":43,"key":"Orichalcum"},{"floor":46,"key":"Unceasing Top"},{"floor":47,"key":"Bag of Preparation"}],"event_choices":[{"cards_removed":["Strike_R"],"damage_healed":0,"gold_gain":0,"player_choice":"Card Removal","damage_taken":0,"max_hp_gain":0,"max_hp_loss":0,"event_name":"The Cleric","floor":2,"gold_loss":50},{"damage_healed":0,"gold_gain":0,"player_choice":"Entered Light","damage_taken":17,"max_hp_gain":0,"max_hp_loss":0,"event_name":"Shining Light","floor":14,"gold_loss":0,"cards_upgraded":["Strike_R","Havoc"]},{"damage_healed":0,"gold_gain":0,"player_choice":"Fight","damage_taken":0,"max_hp_gain":0,"max_hp_loss":0,"event_name":"Colosseum","floor":19,"gold_loss":0},{"damage_healed":0,"gold_gain":0,"player_choice":"Fought Nobs","damage_taken":0,"max_hp_gain":0,"max_hp_loss":0,"event_name":"Colosseum","floor":19,"gold_loss":0},{"damage_healed":29,"gold_gain":0,"player_choice":"Heal","damage_taken":0,"max_hp_gain":0,"max_hp_loss":0,"event_name":"The Library","floor":21,"gold_loss":0},{"damage_healed":0,"gold_gain":0,"player_choice":"Became a Ghost","damage_taken":0,"max_hp_gain":0,"max_hp_loss":44,"event_name":"Ghosts","floor":24,"gold_loss":0,"cards_obtained":["Ghostly","Ghostly","Ghostly","Ghostly","Ghostly"]},{"damage_healed":0,"gold_gain":0,"player_choice":"Upgraded","damage_taken":0,"max_hp_gain":0,"max_hp_loss":0,"event_name":"Upgrade Shrine","floor":36,"gold_loss":0,"cards_upgraded":["Ghostly"]},{"damage_healed":0,"gold_gain":0,"player_choice":"Memory 1","damage_taken":0,"max_hp_gain":0,"max_hp_loss":0,"event_name":"SensoryStone","floor":44,"gold_loss":0},{"damage_healed":0,"gold_gain":0,"player_choice":"Fight","damage_taken":0,"max_hp_gain":0,"max_hp_loss":0,"event_name":"MindBloom","floor":46,"gold_loss":0}],"is_beta":false,"boss_relics":[{"not_picked":["Fusion Hammer","Sozu"],"picked":"Empty Cage"},{"not_picked":["Snecko Eye","Astrolabe"],"picked":"Black Blood"}],"items_purged_floors":[29,37],"is_endless":false,"potions_floor_spawned":[8,10,12,16,19,22,23,27,31,38,40,46,47],"killed_by":"Awakened One","ascension_level":1}