{"gold_per_floor":[119,119,119,4,15,50,9,26,74,74,94,127,127,142,142,245,295,276,221,233,245,269,269,269,117,117,129,129,142,158,158],"floor_reached":31,"playtime":4340,"items_purged":["Strike_R","Regret"],"score":272,"play_id":"cb67e9f6-4a92-474c-a162-17a464ba5d45","local_time":"20190206124225","is_ascension_mode":false,"campfire_choices":[{"data":"Searing Blow","floor":10.0,"key":"SMITH"},{"data":"Searing Blow+1","floor":15.0,"key":"SMITH"},{"data":"Rage","floor":23,"key":"SMITH"},{"floor":28,"key":"REST"}],"neow_cost":"NONE","seed_source_timestamp":0,"circlet_count":0,"master_deck":["Strike_R","Strike_R","Strike_R","Defend_R","Defend_R","Defend_R","Defend_R","Bash+1","Cleave","Dropkick","Iron Wave+1","Rage+1","Rampage+1","Searing Blow+2","Inflame+1","Double Tap","Battle Trance","Iron Wave","Cleave+1","Armaments","True Grit","Armaments"],"special_seed":0,"relics":["Burning Blood","NeowsBlessing","Dream Catcher","Whetstone","Omamori","Pantograph","Tiny House","Tiny Chest","PreservedInsect"],"potions_floor_usage":[21,21,27],"damage_taken":[{"damage":0.0,"enemies":"Small Slimes","floor":1.0,"turns":1.0},{"damage":0.0,"enemies":"Jaw Worm","floor":5.0,"turns":1.0},{"damage":2.0,"enemies":"3 Sentries","floor":6.0,"turns":2.0},{"damage":0.0,"enemies":"Cultist","floor":8.0,"turns":3.0},{"damage":10.0,"enemies":"Exordium Wildlife","floor":11.0,"turns":4.0},{"damage":37.0,"enemies":"Lagavulin","floor":12.0,"turns":6.0},{"damage":4.0,"enemies":"2 Fungi Beasts","floor":14.0,"turns":4.0},{"damage":25.0,"enemies":"Slime Boss","floor":16.0,"turns":8.0},{"damage":35.0,"enemies":"2 Thieves","floor":18.0,"turns":4.0},{"damage":11,"enemies":"3 Byrds","floor":20,"turns":5},{"damage":11,"enemies":"Centurion and Healer","floor":21,"turns":5},{"damage":11,"enemies":"Cultist and Chosen","floor":27,"turns":6},{"damage":27,"enemies":"Snake Plant","floor":29,"turns":4},{"damage":24,"enemies":"Centurion and Healer","floor":30,"turns":5},{"damage":59,"enemies":"Book of Stabbing","floor":31,"turns":6}],"seed_played":"24204518071429899","potions_obtained":[{"floor":1.0,"key":"PowerPotion"},{"floor":5.0,"key":"Fire Potion"},{"floor":11.0,"key":"LiquidBronze"},{"floor":12.0,"key":"Regen Potion"},{"floor":17.0,"key":"Strength Potion"},{"floor":20,"key":"Fire Potion"},{"floor":21,"key":"Energy Potion"}],"is_trial":false,"path_per_floor":["M","?","?","$","M","E","$","M","T","R","M","E","?","M","R","B",null,"M","?","M","M","T","R","?","$","T","M","R","M","M","E"],"character_chosen":"IRONCLAD","items_purchased":["Dropkick","Rampage","Armaments"],"campfire_rested":1,"item_purchase_floors":[4,7,25],"current_hp_per_floor":[80,73,73,73,79,80,80,80,80,80,76,45,65,67,67,61,85,56,56,51,60,60,60,60,60,60,55,80,59,41,0],"gold":158,"neow_bonus":"THREE_ENEMY_KILL","is_prod":false,"is_daily":false,"chose_seed":false,"campfire_upgraded":3,"win_rate":0,"timestamp":1549453345,"path_taken":["M","?","?","?","M","E","$","?","T","R","M","E","?","M","R","BOSS","M","?","M","M","?","R","?","$","T","M","R","?","M","E"],"build_version":"2019-01-23","purchased_purges":2,"victory":false,"max_hp_per_floor":[80,80,80,80,80,80,80,80,80,80,80,80,80,80,80,80,85,85,85,85,85,85,85,85,85,85,85,85,85,85,85],"card_choices":[{"not_picked":["Combust","Clothesline"],"picked":"Cleave","floor":1.0},{"not_picked":["Entrench","Cleave"],"picked":"Iron Wave","floor":5.0},{"not_picked":["Armaments","Twin Strike"],"picked":"Rage","floor":6.0},{"not_picked":["True Grit","Clothesline"],"picked":"Searing Blow","floor":8.0},{"not_picked":["Sever Soul","Shockwave","Combust"],"picked":"SKIP","floor":11.0},{"not_picked":["Wild Strike","Iron Wave","Pommel Strike"],"picked":"SKIP","floor":12.0},{"not_picked":["Fire Breathing","Body Slam"],"picked":"Inflame","floor":14.0},{"not_picked":["Feed","Limit Break"],"picked":"Double Tap","floor":16.0},{"not_picked":["Clash","Clothesline"],"picked":"Battle Trance","floor":17.0},{"not_picked":["Flex","Anger"],"picked":"Iron Wave","floor":18.0},{"not_picked":["Cleave+1","Spot Weakness","Rampage"],"picked":"SKIP","floor":20},{"not_picked":["Spot Weakness","Rampage"],"picked":"Cleave+1","floor":20},{"not_picked":["Iron Wave","Dark Embrace","Dual Wield"],"picked":"SKIP","floor":21},{"not_picked":["Infernal Blade","Anger","Uppercut"],"picked":"SKIP","floor":27},{"not_picked":["Metallicize+1","Pummel+1"],"picked":"True Grit","floor":28},{"not_picked":["Heavy Blade","Immolate"],"picked":"Armaments","floor":29},{"not_picked":["Sword Boomerang+1","True Grit","Ghostly Armor"],"picked":"SKIP","floor":30}],"player_experience":123157,"relics_obtained":[{"floor":6.0,"key":"Whetstone"},{"floor":9.0,"key":"Omamori"},{"floor":12.0,"key":"Pantograph"},{"floor":26,"key":"PreservedInsect"}],"event_choices":[{"cards_removed":["Strike_R"],"damage_healed":0.0,"max_hp_gain":0.0,"max_hp_loss":0.0,"gold_gain":0.0,"event_name":"Golden Wing","player_choice":"Card Removal","floor":2.0,"gold_loss":0.0,"damage_taken":7.0},{"damage_healed":0.0,"max_hp_gain":0.0,"max_hp_loss":0.0,"gold_gain":0.0,"event_name":"Big Fish","player_choice":"Box","floor":3.0,"gold_loss":0.0,"damage_taken":0.0,"relics_obtained":["Dream Catcher"],"cards_obtained":["Regret"]},{"damage_healed":20.0,"max_hp_gain":0.0,"max_hp_loss":0.0,"gold_gain":0.0,"event_name":"Mushrooms","player_choice":"Healed and dodged fight","floor":13.0,"gold_loss":0.0,"damage_taken":0.0,"cards_obtained":["Parasite"]},{"damage_healed":0.0,"max_hp_gain":0.0,"max_hp_loss":0.0,"gold_gain":0.0,"event_name":"Addict","player_choice":"Obtained Relic","floor":19.0,"gold_loss":85.0,"damage_taken":0.0,"relics_obtained":["Tiny Chest"]},{"damage_healed":0,"gold_gain":0,"player_choice":"Upgraded","damage_taken":0,"max_hp_gain":0,"max_hp_loss":0,"event_name":"Upgrade Shrine","floor":24,"gold_loss":0,"cards_upgraded":["Rampage"]}],"is_beta":false,"boss_relics":[{"not_picked":["Lizard Tail","Philosopher\u0027s Stone"],"picked":"Tiny House"}],"items_purged_floors":[4,25],"is_endless":false,"potions_floor_spawned":[1,5,11,12,20,21],"killed_by":"Book of Stabbing","ascension_level":0}