{"gold_per_floor":[111,148,192,152,7,33,33,33,33,118,151,191,191,249,249,348,348,393,408,439,13,313,338,338,370,370,41,83,97,97,27,27,150,150,192,192,205,218,26,26,66,100,100,113,15,74,74,102,102,102,102,102,14,69,69],"floor_reached":55,"playtime":4525,"items_purged":["Strike_R","Shame","Pain"],"score":876,"play_id":"9857ebe9-79da-4cb0-a2a7-88e65008955d","local_time":"20190208145055","is_ascension_mode":true,"campfire_choices":[{"data":"Apotheosis","floor":8.0,"key":"SMITH"},{"floor":13.0,"key":"REST"},{"data":"True Grit","floor":15.0,"key":"SMITH"},{"floor":30.0,"key":"RECALL"},{"data":"Thinking Ahead","floor":32.0,"key":"SMITH"},{"data":"Demon Form","floor":40.0,"key":"SMITH"},{"data":"Shrug It Off","floor":47.0,"key":"SMITH"},{"data":"Shrug It Off","floor":49,"key":"SMITH"},{"data":"Feel No Pain","floor":52,"key":"SMITH"}],"neow_cost":"PERCENT_DAMAGE","seed_source_timestamp":0,"circlet_count":0,"master_deck":["Strike_R","Strike_R","Strike_R","Defend_R","Defend_R","Defend_R","Defend_R+1","Bash","Apotheosis+1","HandOfGreed","Whirlwind","Shrug It Off+1","Body Slam","True Grit+1","Inflame","Warcry","Impervious","Pommel Strike","Double Tap+1","Immolate","Disarm+1","Feel No Pain+1","Spot Weakness","Thinking Ahead+1","Shrug It Off+1","Demon Form+1","Disarm+1","Warcry+1","Entrench+1","Inflame","Offering+1","Feel No Pain+1","Havoc+1","Ghostly Armor+1","Parasite","Battle Trance+1","Injury","True Grit+1","Deep Breath+1","Flame Barrier+1","Warcry+1"],"special_seed":0,"relics":["Burning Blood","Darkstone Periapt","Lantern","Self Forming Clay","Bronze Scales","Cursed Key","Red Mask","Orichalcum","Old Coin","Centennial Puzzle","MutagenicStrength","Pen Nib","Toxic Egg 2","Art of War","Eternal Feather","WarpedTongs","Anchor","War Paint","Sundial","FossilizedHelix"],"potions_floor_usage":[55,55],"damage_taken":[{"damage":0.0,"enemies":"Cultist","floor":1.0,"turns":3.0},{"damage":0.0,"enemies":"2 Louse","floor":2.0,"turns":2.0},{"damage":6.0,"enemies":"Jaw Worm","floor":3.0,"turns":4.0},{"damage":29.0,"enemies":"Lagavulin","floor":6.0,"turns":5.0},{"damage":20.0,"enemies":"3 Sentries","floor":10.0,"turns":5.0},{"damage":4.0,"enemies":"Exordium Wildlife","floor":11.0,"turns":4.0},{"damage":2.0,"enemies":"Looter","floor":12.0,"turns":3.0},{"damage":5.0,"enemies":"Gremlin Nob","floor":14.0,"turns":4.0},{"damage":27.0,"enemies":"Hexaghost","floor":16.0,"turns":8.0},{"damage":2.0,"enemies":"Shell Parasite","floor":18.0,"turns":3.0},{"damage":0.0,"enemies":"Spheric Guardian","floor":19.0,"turns":2.0},{"damage":0.0,"enemies":"Masked Bandits","floor":20.0,"turns":3.0},{"damage":1.0,"enemies":"Book of Stabbing","floor":23.0,"turns":4.0},{"damage":4.0,"enemies":"Gremlin Leader","floor":25.0,"turns":5.0},{"damage":18.0,"enemies":"3 Cultists","floor":28.0,"turns":5.0},{"damage":0.0,"enemies":"Cultist and Chosen","floor":29.0,"turns":4.0},{"damage":44.0,"enemies":"Champ","floor":33.0,"turns":8.0},{"damage":6.0,"enemies":"Orb Walker","floor":35.0,"turns":3.0},{"damage":12.0,"enemies":"3 Darklings","floor":37.0,"turns":2.0},{"damage":24.0,"enemies":"Spire Growth","floor":38.0,"turns":5.0},{"damage":12.0,"enemies":"Writhing Mass","floor":41.0,"turns":7.0},{"damage":14.0,"enemies":"Nemesis","floor":42.0,"turns":7.0},{"damage":6.0,"enemies":"Maw","floor":44.0,"turns":6.0},{"damage":24.0,"enemies":"Giant Head","floor":46.0,"turns":9.0},{"damage":15.0,"enemies":"Reptomancer","floor":48.0,"turns":5.0},{"damage":11,"enemies":"Time Eater","floor":50,"turns":8},{"damage":21,"enemies":"Shield and Spear","floor":54,"turns":6},{"damage":89,"enemies":"The Heart","floor":55,"turns":8}],"seed_played":"-587938522529812941","potions_obtained":[{"floor":4.0,"key":"AttackPotion"},{"floor":4.0,"key":"EssenceOfSteel"},{"floor":4.0,"key":"FearPotion"},{"floor":6.0,"key":"SpeedPotion"},{"floor":10.0,"key":"BloodPotion"},{"floor":12.0,"key":"Block Potion"},{"floor":18.0,"key":"SpeedPotion"},{"floor":19.0,"key":"Weak Potion"},{"floor":28.0,"key":"SpeedPotion"},{"floor":29.0,"key":"Ancient Potion"},{"floor":38.0,"key":"Dexterity Potion"},{"floor":44.0,"key":"Fire Potion"},{"floor":46.0,"key":"FearPotion"}],"is_trial":false,"path_per_floor":["M","M","M","?","$","E","?","R","T","E","M","M","R","E","R","B",null,"M","M","?","$","?","E","?","E","T","$","M","M","R","$","R","B",null,"M","?","M","M","$","R","M","E","T","M","$","E","R","E","R","B",null,"R","$","E","B"],"character_chosen":"IRONCLAD","items_purchased":["True Grit","Inflame","Warcry","Orichalcum","Thinking Ahead","Art of War","Disarm+1","Inflame","Ghostly Armor+1","Deep Breath+1","Flame Barrier+1","Energy Potion"],"campfire_rested":1,"item_purchase_floors":[5,5,5,21,21,27,27,31,39,45,53,53],"current_hp_per_floor":[62,68,68,68,68,45,38,38,38,24,34,38,62,63,63,42,80,80,80,80,80,80,80,80,80,86,86,74,80,80,80,80,42,86,86,92,86,68,68,86,86,78,84,84,84,66,87,78,99,94,104,104,104,89,0],"gold":69,"neow_bonus":"RANDOM_COLORLESS_2","is_prod":false,"is_daily":false,"chose_seed":false,"campfire_upgraded":7,"win_rate":0,"timestamp":1549666255,"path_taken":["M","M","?","?","?","E","?","R","T","E","M","M","R","E","R","BOSS","M","M","?","$","?","E","?","E","T","?","M","M","R","$","R","BOSS","M","?","M","M","$","R","M","E","T","M","?","E","R","E","R","BOSS","R","$","E","BOSS"],"build_version":"2019-01-23","purchased_purges":3,"victory":false,"max_hp_per_floor":[80,80,80,80,80,80,80,80,80,80,80,80,80,80,80,80,80,80,80,80,80,80,80,80,80,86,86,86,86,86,86,86,86,86,86,92,92,92,92,92,98,98,104,104,104,104,104,104,104,104,104,104,104,104,104],"card_choices":[{"not_picked":["Warcry","Iron Wave"],"picked":"Whirlwind","floor":1.0},{"not_picked":["True Grit","Pommel Strike"],"picked":"Shrug It Off","floor":2.0},{"not_picked":["Flex","Blood for Blood"],"picked":"Body Slam","floor":3.0},{"not_picked":["Pummel","Whirlwind","Body Slam"],"picked":"SKIP","floor":6.0},{"not_picked":["Dropkick","Entrench"],"picked":"Impervious","floor":10.0},{"not_picked":["Corruption","Clothesline"],"picked":"Pommel Strike","floor":11.0},{"not_picked":["Corruption","Power Through","Cleave"],"picked":"SKIP","floor":12.0},{"not_picked":["Anger","Carnage"],"picked":"Double Tap","floor":14.0},{"not_picked":["Brutality","Bludgeon"],"picked":"Immolate","floor":16.0},{"not_picked":["Whirlwind","Power Through"],"picked":"Disarm+1","floor":18.0},{"not_picked":["Headbutt+1","Pummel"],"picked":"Feel No Pain","floor":19.0},{"not_picked":["Sword Boomerang","Pommel Strike"],"picked":"Spot Weakness","floor":20.0},{"not_picked":["Wild Strike+1","Body Slam"],"picked":"Shrug It Off","floor":23.0},{"not_picked":["Warcry","Armaments+1"],"picked":"Demon Form","floor":25.0},{"not_picked":["Flex+1","Pommel Strike"],"picked":"Warcry+1","floor":28.0},{"not_picked":["Clash+1","Sentinel+1"],"picked":"Entrench+1","floor":29.0},{"not_picked":["Reaper","Dark Embrace"],"picked":"Offering+1","floor":33.0},{"not_picked":["Fire Breathing+1","Hemokinesis"],"picked":"Feel No Pain+1","floor":35.0},{"not_picked":["Combust","Sentinel+1","Evolve"],"picked":"SKIP","floor":37.0},{"not_picked":["Searing Blow+1","Body Slam+1"],"picked":"Havoc+1","floor":38.0},{"not_picked":["Flex+1","Heavy Blade+1"],"picked":"Battle Trance+1","floor":41.0},{"not_picked":["Bludgeon","Wild Strike","Reckless Charge"],"picked":"SKIP","floor":42.0},{"not_picked":["Pummel","Corruption+1"],"picked":"True Grit+1","floor":44.0},{"not_picked":["Thunderclap+1","Rage+1","Dual Wield+1"],"picked":"SKIP","floor":46.0},{"not_picked":["Rupture","Berserk","Infernal Blade+1"],"picked":"SKIP","floor":48.0},{"not_picked":["Clash+1","Wild Strike"],"picked":"Warcry+1","floor":54}],"player_experience":308093,"relics_obtained":[{"floor":6.0,"key":"Darkstone Periapt"},{"floor":9.0,"key":"Lantern"},{"floor":10.0,"key":"Self Forming Clay"},{"floor":14.0,"key":"Bronze Scales"},{"floor":20.0,"key":"Red Mask"},{"floor":23.0,"key":"Centennial Puzzle"},{"floor":25.0,"key":"Pen Nib"},{"floor":26.0,"key":"Toxic Egg 2"},{"floor":42.0,"key":"Anchor"},{"floor":46.0,"key":"War Paint"},{"floor":48.0,"key":"Sundial"},{"floor":54,"key":"FossilizedHelix"}],"event_choices":[{"damage_healed":0.0,"max_hp_gain":0.0,"max_hp_loss":0.0,"gold_gain":0.0,"event_name":"The Woman in Blue","player_choice":"Bought 3 Potions","floor":4.0,"gold_loss":0.0,"damage_taken":0.0},{"cards_removed":["Strike_R"],"damage_healed":0.0,"max_hp_gain":0.0,"max_hp_loss":0.0,"gold_gain":0.0,"event_name":"Golden Wing","player_choice":"Card Removal","floor":7.0,"gold_loss":0.0,"damage_taken":7.0},{"damage_healed":0.0,"max_hp_gain":0.0,"max_hp_loss":0.0,"gold_gain":0.0,"event_name":"Masked Bandits","player_choice":"Fought Bandits","floor":20.0,"gold_loss":0.0,"damage_taken":0.0},{"damage_healed":0.0,"max_hp_gain":0.0,"max_hp_loss":0.0,"gold_gain":0.0,"event_name":"The Mausoleum","player_choice":"Opened","floor":22.0,"gold_loss":0.0,"damage_taken":0.0,"relics_obtained":["Old Coin"]},{"damage_healed":0.0,"max_hp_gain":0.0,"max_hp_loss":0.0,"gold_gain":0.0,"event_name":"Drug Dealer","player_choice":"Inject Mutagens","floor":24.0,"gold_loss":0.0,"damage_taken":0.0,"relics_obtained":["MutagenicStrength"]},{"damage_healed":0.0,"max_hp_gain":0.0,"max_hp_loss":0.0,"gold_gain":0.0,"event_name":"Accursed Blacksmith","player_choice":"Rummage","floor":36.0,"gold_loss":0.0,"damage_taken":0.0,"relics_obtained":["WarpedTongs"],"cards_obtained":["Pain"]}],"is_beta":false,"boss_relics":[{"not_picked":["Pandora\u0027s Box","Orrery"],"picked":"Cursed Key"},{"not_picked":["Runic Pyramid","Runic Cube"],"picked":"Eternal Feather"}],"items_purged_floors":[21,27,39],"is_endless":false,"potions_floor_spawned":[6,10,12,18,19,28,29,38,44,46,54],"killed_by":"The Heart","ascension_level":1}