{"gold_per_floor":[118,118,135,135,145,145,44,56,56,56,71,102,102,102,102,181,181,192,192,192,192,203,203,203],"floor_reached":24,"playtime":680,"items_purged":["Strike_B"],"score":378,"play_id":"399a3bab-379f-4604-a190-09f3d6b068b8","local_time":"20190201210735","is_ascension_mode":true,"campfire_choices":[{"data":"Biased Cognition","floor":6.0,"key":"SMITH"},{"floor":10.0,"key":"REST"},{"data":"Seek","floor":13.0,"key":"SMITH"},{"data":"Self Repair","floor":15.0,"key":"SMITH"},{"data":"Defragment","floor":23,"key":"SMITH"}],"neow_cost":"TEN_PERCENT_HP_LOSS","seed_source_timestamp":120876782184519,"circlet_count":0,"master_deck":["AscendersBane","Strike_B","Strike_B","Strike_B","Defend_B","Defend_B","Defend_B","Defend_B","Zap+1","Dualcast","Biased Cognition+1","Capacitor","Gash","Coolheaded","Cold Snap","Self Repair+1","Seek+1","Electrodynamics","Writhe","Defragment+1"],"special_seed":0,"relics":["Cracked Core","Mummified Hand","Letter Opener","Nuclear Battery","Turnip"],"potions_floor_usage":[16,16],"damage_taken":[{"damage":7.0,"enemies":"Jaw Worm","floor":1.0,"turns":3.0},{"damage":8.0,"enemies":"2 Louse","floor":3.0,"turns":2.0},{"damage":15.0,"enemies":"Small Slimes","floor":5.0,"turns":4.0},{"damage":13.0,"enemies":"3 Louse","floor":8.0,"turns":4.0},{"damage":3.0,"enemies":"2 Fungi Beasts","floor":11.0,"turns":3.0},{"damage":6.0,"enemies":"Lagavulin","floor":12.0,"turns":5.0},{"damage":38,"enemies":"Hexaghost","floor":16,"turns":9},{"damage":8,"enemies":"Spheric Guardian","floor":18,"turns":4},{"damage":3,"enemies":"Chosen","floor":22,"turns":4},{"damage":49,"enemies":"Slavers","floor":24,"turns":3}],"seed_played":"6114815724866993147","potions_obtained":[{"floor":1.0,"key":"LiquidBronze"},{"floor":11.0,"key":"SteroidPotion"},{"floor":16,"key":"SteroidPotion"}],"is_trial":false,"path_per_floor":["M","?","M","?","M","R","$","M","T","R","M","E","R","?","R","B",null,"M","?","?","?","M","R","E"],"character_chosen":"DEFECT","items_purchased":["Cold Snap"],"campfire_rested":1,"item_purchase_floors":[7],"current_hp_per_floor":[57,57,49,49,34,34,34,21,21,40,44,45,45,45,45,17,52,54,54,54,37,44,44,0],"gold":203,"neow_bonus":"THREE_RARE_CARDS","is_prod":false,"is_daily":false,"chose_seed":false,"campfire_upgraded":4,"win_rate":0,"timestamp":1549055255,"path_taken":["M","?","M","?","M","R","$","M","T","R","M","E","R","?","R","BOSS","M","?","?","?","M","R","E"],"build_version":"2019-01-23","purchased_purges":1,"victory":false,"max_hp_per_floor":[64,64,64,64,64,64,64,64,64,64,64,64,64,64,64,64,64,64,64,64,69,69,69,69],"card_choices":[{"not_picked":["Core Surge","Rainbow"],"picked":"Biased Cognition","floor":0.0},{"not_picked":["Beam Cell","Stack"],"picked":"Capacitor","floor":1.0},{"not_picked":["Scrape","Streamline"],"picked":"Gash","floor":3.0},{"not_picked":["Conserve Battery","Streamline"],"picked":"Coolheaded","floor":5.0},{"not_picked":["White Noise","Rebound"],"picked":"Self Repair","floor":8.0},{"not_picked":["Amplify","Darkness","Redo"],"picked":"SKIP","floor":11.0},{"not_picked":["Reprogram","Genetic Algorithm"],"picked":"Seek","floor":12.0},{"not_picked":["Buffer","Biased Cognition"],"picked":"Electrodynamics","floor":16},{"not_picked":["Self Repair","Redo","Reprogram"],"picked":"SKIP","floor":18},{"not_picked":["Aggregate","Gash"],"picked":"Defragment","floor":22}],"player_experience":1258858,"relics_obtained":[{"floor":9.0,"key":"Mummified Hand"},{"floor":12.0,"key":"Letter Opener"}],"event_choices":[{"damage_healed":0.0,"max_hp_gain":0.0,"max_hp_loss":0.0,"gold_gain":0.0,"event_name":"Shining Light","player_choice":"Ignored","floor":2.0,"gold_loss":0.0,"damage_taken":0.0},{"damage_healed":0.0,"max_hp_gain":0.0,"max_hp_loss":0.0,"gold_gain":0.0,"event_name":"Living Wall","player_choice":"Grow","floor":4.0,"gold_loss":0.0,"damage_taken":0.0,"cards_upgraded":["Zap"]},{"damage_healed":0.0,"max_hp_gain":0.0,"max_hp_loss":0.0,"gold_gain":0.0,"event_name":"Liars Game","player_choice":"Ignored","floor":14.0,"gold_loss":0.0,"damage_taken":0.0},{"damage_healed":0,"gold_gain":0,"player_choice":"Ignored","damage_taken":0,"max_hp_gain":0,"max_hp_loss":0,"event_name":"Vampires","floor":19,"gold_loss":0},{"damage_healed":0,"gold_gain":0,"player_choice":"Opened","damage_taken":0,"relics_obtained":["Turnip"],"max_hp_gain":0,"max_hp_loss":0,"event_name":"The Mausoleum","floor":20,"gold_loss":0,"cards_obtained":["Writhe"]},{"damage_healed":0,"gold_gain":0,"player_choice":"Shed Blood","damage_taken":22,"max_hp_gain":5,"max_hp_loss":0,"event_name":"Forgotten Altar","floor":21,"gold_loss":0}],"is_beta":false,"boss_relics":[{"not_picked":["Astrolabe","Runic Pyramid"],"picked":"Nuclear Battery"}],"items_purged_floors":[7],"is_endless":false,"potions_floor_spawned":[1,11,16],"killed_by":"Slavers","ascension_level":19}