{"gold_per_floor":[119,134,33,33,51,86,104,117,166,198,198,198,15,15,15,140,140,161,76,6,6,50,50],"floor_reached":23,"playtime":1046,"items_purged":["Strike_R"],"score":207,"play_id":"7b316b70-3eb8-46e3-9fbb-7e2a6985cc48","local_time":"20190207230106","is_ascension_mode":true,"campfire_choices":[{"floor":12,"key":"REST"},{"data":"Whirlwind","floor":15,"key":"SMITH"}],"neow_cost":"NONE","seed_source_timestamp":61967963771543,"circlet_count":0,"master_deck":["Strike_R","Strike_R","Strike_R","Defend_R","Defend_R","Defend_R","Defend_R","Bash","Seeing Red","Pommel Strike","Inflame","Demon Form","Headbutt","Dropkick","Evolve","Feel No Pain","Whirlwind+1","Impervious","Parasite","Normality","Parasite","Body Slam","Flame Barrier","Heavy Blade"],"relics":["Runic Cube","Gremlin Horn","Question Card","Golden Idol","Calling Bell","Ancient Tea Set","Self Forming Clay","Magic Flower","Oddly Smooth Stone","Prayer Wheel","Red Mask"],"potions_floor_usage":[8,10,10,16,22],"damage_taken":[{"damage":9,"enemies":"Cultist","floor":1,"turns":4},{"damage":5,"enemies":"2 Louse","floor":2,"turns":4},{"damage":6,"enemies":"Jaw Worm","floor":5,"turns":2},{"damage":26,"enemies":"Lagavulin","floor":6,"turns":7},{"damage":6,"enemies":"2 Fungi Beasts","floor":7,"turns":3},{"damage":3,"enemies":"Red Slaver","floor":8,"turns":3},{"damage":14,"enemies":"Gremlin Nob","floor":10,"turns":3},{"damage":40,"enemies":"The Guardian","floor":16,"turns":10},{"damage":6,"enemies":"3 Byrds","floor":18,"turns":6},{"damage":10,"enemies":"Masked Bandits","floor":22,"turns":2},{"damage":61,"enemies":"Slavers","floor":23,"turns":4}],"seed_played":"4111006489027649934","potions_obtained":[{"floor":1,"key":"Energy Potion"},{"floor":2,"key":"Weak Potion"},{"floor":5,"key":"SpeedPotion"},{"floor":16,"key":"FearPotion"}],"is_trial":false,"path_per_floor":["M","M","$","?","M","E","M","M","T","E","?","R","$","?","R","B",null,"M","?","$","?","?","E"],"character_chosen":"IRONCLAD","items_purchased":["Pommel Strike","Feel No Pain","Whirlwind","Regen Potion","Flame Barrier"],"campfire_rested":1,"item_purchase_floors":[3,13,13,13,20],"current_hp_per_floor":[71,66,66,66,60,34,28,25,25,11,11,33,33,33,33,8,74,68,68,68,68,58,0],"gold":50,"neow_bonus":"BOSS_RELIC","is_prod":false,"is_daily":false,"chose_seed":false,"campfire_upgraded":1,"win_rate":0,"timestamp":1549609266,"path_taken":["M","?","$","?","?","E","M","M","T","E","?","R","$","?","R","BOSS","M","?","$","?","?","E"],"build_version":"2019-01-23","purchased_purges":1,"victory":false,"max_hp_per_floor":[80,80,80,80,80,80,80,80,80,80,74,74,74,74,74,74,74,74,74,74,74,74,74],"card_choices":[{"not_picked":["Infernal Blade","Sword Boomerang","Twin Strike"],"picked":"SKIP","floor":1},{"not_picked":["Heavy Blade","Thunderclap"],"picked":"Seeing Red","floor":2},{"not_picked":["Warcry","Wild Strike"],"picked":"Inflame","floor":5},{"not_picked":["Thunderclap","Evolve"],"picked":"Demon Form","floor":6},{"not_picked":["Anger","Flex"],"picked":"Headbutt","floor":7},{"not_picked":["Pommel Strike","Sword Boomerang"],"picked":"Dropkick","floor":8},{"not_picked":["Demon Form","Clash"],"picked":"Evolve","floor":10},{"not_picked":["Brutality","Bludgeon","Double Tap"],"picked":"Impervious","floor":16},{"not_picked":["Sword Boomerang+1","Whirlwind+1","Wild Strike"],"picked":"Body Slam","floor":18},{"not_picked":["Second Wind+1","Flex","Power Through+1"],"picked":"Heavy Blade","floor":22}],"player_experience":306027,"relics_obtained":[{"floor":6,"key":"Gremlin Horn"},{"floor":10,"key":"Question Card"},{"floor":17,"key":"Ancient Tea Set"},{"floor":17,"key":"Self Forming Clay"},{"floor":17,"key":"Magic Flower"},{"floor":22,"key":"Red Mask"}],"event_choices":[{"cards_removed":["Strike_R"],"damage_healed":0,"gold_gain":0,"player_choice":"Offered Basic","damage_taken":0,"max_hp_gain":0,"max_hp_loss":0,"event_name":"Bonfire Elementals","floor":4,"gold_loss":0},{"damage_healed":0,"gold_gain":0,"player_choice":"Lose Max HP","damage_taken":0,"relics_obtained":["Golden Idol"],"max_hp_gain":0,"max_hp_loss":6,"event_name":"Golden Idol","floor":11,"gold_loss":0},{"damage_healed":0,"gold_gain":0,"player_choice":"Ignored","damage_taken":0,"max_hp_gain":0,"max_hp_loss":0,"event_name":"NoteForYourself","floor":14,"gold_loss":0},{"damage_healed":0,"gold_gain":0,"player_choice":"Obtained Relic","damage_taken":0,"relics_obtained":["Oddly Smooth Stone"],"max_hp_gain":0,"max_hp_loss":0,"event_name":"Addict","floor":19,"gold_loss":85},{"damage_healed":0,"gold_gain":0,"player_choice":"Opened","damage_taken":0,"relics_obtained":["Prayer Wheel"],"max_hp_gain":0,"max_hp_loss":0,"event_name":"The Mausoleum","floor":21,"gold_loss":0},{"damage_healed":0,"gold_gain":0,"player_choice":"Fought Bandits","damage_taken":0,"max_hp_gain":0,"max_hp_loss":0,"event_name":"Masked Bandits","floor":22,"gold_loss":0}],"is_beta":false,"boss_relics":[{"not_picked":["Fusion Hammer","Philosopher\u0027s Stone"],"picked":"Calling Bell"}],"items_purged_floors":[3],"is_endless":false,"potions_floor_spawned":[1,2,5,16],"killed_by":"Slavers","ascension_level":1}