{"gold_per_floor":[111,111,111,126,150,183,183,222,245,260,299,299,322,340,340,429,429,444,463,118,118,139,139,139,80,107,107,125,145,158,193,193,292,292,308,147,172,187,207,207,238,238,238,3,28,28,28,52,52,52],"floor_reached":51,"playtime":3182,"items_purged":["Strike_G"],"score":1358,"play_id":"0a7ebe1d-dbe8-4898-b683-d479332e43e2","local_time":"20190209004230","is_ascension_mode":true,"campfire_choices":[{"floor":7.0,"key":"REST"},{"floor":12.0,"key":"REST"},{"data":"Footwork","floor":15.0,"key":"SMITH"},{"floor":23.0,"key":"REST"},{"data":"Footwork","floor":27.0,"key":"SMITH"},{"floor":32.0,"key":"REST"},{"floor":40,"key":"REST"},{"floor":47,"key":"REST"},{"floor":49,"key":"REST"}],"neow_cost":"NONE","seed_source_timestamp":603248672808813,"circlet_count":0,"master_deck":["AscendersBane","Defend_G+1","Defend_G+1","Defend_G+1","Defend_G+1","Defend_G+1","Strike_G+1","Strike_G+1","Strike_G+1","Survivor","Neutralize+1","Deadly Poison","Footwork+1","Caltrops","Backflip","Footwork+1","Escape Plan","Caltrops","Leg Sweep","Sucker Punch","Adrenaline","Dodge and Roll+1","Footwork","Deadly Poison","Dagger Spray","Deflect","Adrenaline","Footwork+1","Dodge and Roll","Adrenaline","Footwork","Blur","Noxious Fumes+1"],"special_seed":0,"relics":["Lizard Tail","Golden Idol","Bag of Preparation","Pen Nib","Orichalcum","Letter Opener","White Beast Statue","Lantern","Happy Flower","Pocketwatch","WristBlade","Bronze Scales","PreservedInsect","Singing Bowl","Oddly Smooth Stone"],"potions_floor_usage":[37,39,41,41,45,50],"damage_taken":[{"damage":10.0,"enemies":"Jaw Worm","floor":1.0,"turns":8.0},{"damage":1.0,"enemies":"2 Louse","floor":4.0,"turns":3.0},{"damage":0.0,"enemies":"Cultist","floor":5.0,"turns":4.0},{"damage":41.0,"enemies":"3 Sentries","floor":6.0,"turns":15.0},{"damage":3.0,"enemies":"Lagavulin","floor":8.0,"turns":8.0},{"damage":0.0,"enemies":"Blue Slaver","floor":10.0,"turns":7.0},{"damage":13.0,"enemies":"3 Sentries","floor":11.0,"turns":12.0},{"damage":5.0,"enemies":"Looter","floor":13.0,"turns":5.0},{"damage":0.0,"enemies":"Exordium Wildlife","floor":14.0,"turns":5.0},{"damage":2.0,"enemies":"The Guardian","floor":16.0,"turns":12.0},{"damage":4.0,"enemies":"Shell Parasite","floor":18.0,"turns":8.0},{"damage":0.0,"enemies":"3 Byrds","floor":19.0,"turns":2.0},{"damage":20.0,"enemies":"Cultist and Chosen","floor":22.0,"turns":8.0},{"damage":13.0,"enemies":"Snake Plant","floor":28.0,"turns":4.0},{"damage":0.0,"enemies":"Snecko","floor":29.0,"turns":6.0},{"damage":6.0,"enemies":"Centurion and Healer","floor":30.0,"turns":9.0},{"damage":14.0,"enemies":"Gremlin Leader","floor":31.0,"turns":10.0},{"damage":34.0,"enemies":"Automaton","floor":33.0,"turns":17.0},{"damage":0,"enemies":"Orb Walker","floor":35,"turns":5},{"damage":21,"enemies":"3 Darklings","floor":37,"turns":5},{"damage":9,"enemies":"Spire Growth","floor":38,"turns":8},{"damage":0,"enemies":"Maw","floor":39,"turns":10},{"damage":17,"enemies":"Reptomancer","floor":41,"turns":9},{"damage":1,"enemies":"Writhing Mass","floor":45,"turns":8},{"damage":4,"enemies":"Spire Growth","floor":48,"turns":8},{"damage":45,"enemies":"Awakened One","floor":50,"turns":23}],"seed_played":"4029447968245949457","potions_obtained":[{"floor":6.0,"key":"PowerPotion"},{"floor":8.0,"key":"Energy Potion"},{"floor":10.0,"key":"EssenceOfSteel"},{"floor":16.0,"key":"Explosive Potion"},{"floor":18.0,"key":"PowerPotion"},{"floor":19.0,"key":"Explosive Potion"},{"floor":22.0,"key":"Dexterity Potion"},{"floor":29.0,"key":"AttackPotion"},{"floor":30.0,"key":"Ancient Potion"},{"floor":31.0,"key":"Energy Potion"},{"floor":33.0,"key":"GhostInAJar"},{"floor":35,"key":"SkillPotion"},{"floor":37,"key":"Block Potion"},{"floor":39,"key":"Dexterity Potion"},{"floor":41,"key":"GhostInAJar"},{"floor":45,"key":"SpeedPotion"},{"floor":48,"key":"GamblersBrew"}],"is_trial":false,"path_per_floor":["M","?","?","M","M","E","R","E","T","M","E","R","M","M","R","B",null,"M","M","$","?","M","R","?","$","T","R","M","M","M","E","R","B",null,"M","$","M","M","M","R","E","?","T","$","M","?","R","M","R","B",null],"character_chosen":"THE_SILENT","items_purchased":["Footwork","Lantern","Deadly Poison","Deflect","Bronze Scales","Oddly Smooth Stone","GhostInAJar"],"campfire_rested":7,"item_purchase_floors":[20,20,20,25,36,44,44],"current_hp_per_floor":[49,49,49,48,48,7,25,22,22,22,9,27,22,22,22,20,50,46,46,46,46,26,44,44,44,44,44,31,31,25,11,29,27,52,52,52,31,22,22,40,23,23,23,23,24,24,42,40,59,14],"gold":52,"neow_bonus":"BOSS_RELIC","is_prod":false,"is_daily":false,"chose_seed":false,"campfire_upgraded":2,"win_rate":0,"timestamp":1549672950,"path_taken":["M","?","?","M","M","E","R","E","T","M","E","R","M","?","R","BOSS","M","?","$","?","M","R","?","?","T","R","M","M","?","E","R","BOSS","M","$","M","M","M","R","E","?","T","$","M","?","R","M","R","BOSS"],"build_version":"2019-01-23","purchased_purges":1,"victory":true,"max_hp_per_floor":[66,60,60,60,60,60,60,60,60,60,60,60,60,60,60,60,60,60,60,60,60,60,60,60,60,60,60,60,60,60,60,60,60,60,60,60,60,60,60,60,60,60,60,60,62,62,62,64,64,64],"card_choices":[{"not_picked":["Sucker Punch","Backstab"],"picked":"Deadly Poison","floor":1.0},{"not_picked":["Setup","Blade Dance"],"picked":"Footwork","floor":4.0},{"not_picked":["Slice","Dagger Spray"],"picked":"Caltrops","floor":5.0},{"not_picked":["Eviscerate","Outmaneuver"],"picked":"Backflip","floor":6.0},{"not_picked":["Underhanded Strike","Masterful Stab"],"picked":"Footwork","floor":8.0},{"not_picked":["Finisher","Accuracy"],"picked":"Escape Plan","floor":10.0},{"not_picked":["Catalyst","Deadly Poison"],"picked":"Caltrops","floor":11.0},{"not_picked":["PiercingWail","Escape Plan"],"picked":"Leg Sweep","floor":13.0},{"not_picked":["Prepared","Cloak And Dagger"],"picked":"Sucker Punch","floor":14.0},{"not_picked":["Grand Finale","After Image"],"picked":"Adrenaline","floor":16.0},{"not_picked":["Bane","Expertise"],"picked":"Dodge and Roll+1","floor":18.0},{"not_picked":["Quick Slash","Unload","Underhanded Strike"],"picked":"SKIP","floor":19.0},{"not_picked":["Terror","Underhanded Strike"],"picked":"Dagger Spray","floor":22.0},{"not_picked":["Dagger Spray","Quick Slash","Setup+1"],"picked":"SKIP","floor":28.0},{"not_picked":["Dash","Calculated Gamble"],"picked":"Adrenaline","floor":29.0},{"not_picked":["Dodge and Roll","Outmaneuver"],"picked":"Footwork+1","floor":30.0},{"not_picked":["Cloak And Dagger","PiercingWail"],"picked":"Dodge and Roll","floor":31.0},{"not_picked":["Grand Finale","After Image"],"picked":"Adrenaline","floor":33.0},{"not_picked":["Outmaneuver","Dagger Spray+1","Accuracy"],"picked":"SKIP","floor":35},{"not_picked":["Well Laid Plans","Caltrops"],"picked":"Footwork","floor":37},{"not_picked":["Riddle With Holes+1","Tactician"],"picked":"Blur","floor":38},{"not_picked":["Deflect","Cloak And Dagger"],"picked":"Noxious Fumes+1","floor":39},{"not_picked":["Setup","Finisher","Terror+1"],"picked":"SKIP","floor":41},{"not_picked":["Backflip","Dodge and Roll","Blade Dance"],"picked":"Singing Bowl","floor":45},{"not_picked":["Cloak And Dagger","Deadly Poison","Tactician"],"picked":"Singing Bowl","floor":48}],"player_experience":1282114,"relics_obtained":[{"floor":6.0,"key":"Bag of Preparation"},{"floor":8.0,"key":"Pen Nib"},{"floor":9.0,"key":"Orichalcum"},{"floor":11.0,"key":"Letter Opener"},{"floor":26.0,"key":"Happy Flower"},{"floor":31.0,"key":"Pocketwatch"},{"floor":41,"key":"PreservedInsect"},{"floor":43,"key":"Singing Bowl"}],"event_choices":[{"damage_healed":0.0,"max_hp_gain":0.0,"max_hp_loss":6.0,"gold_gain":0.0,"event_name":"Golden Idol","player_choice":"Lose Max HP","floor":2.0,"gold_loss":0.0,"damage_taken":0.0,"relics_obtained":["Golden Idol"]},{"damage_healed":0.0,"max_hp_gain":0.0,"max_hp_loss":0.0,"gold_gain":0.0,"event_name":"Living Wall","player_choice":"Grow","floor":3.0,"gold_loss":0.0,"damage_taken":0.0,"cards_upgraded":["Neutralize"]},{"damage_healed":0.0,"max_hp_gain":0.0,"max_hp_loss":0.0,"gold_gain":0.0,"event_name":"Ghosts","player_choice":"Ignored","floor":21.0,"gold_loss":0.0,"damage_taken":0.0},{"damage_healed":0.0,"max_hp_gain":0.0,"max_hp_loss":0.0,"gold_gain":0.0,"event_name":"Back to Basics","player_choice":"Simplicity","floor":24.0,"gold_loss":0.0,"damage_taken":0.0,"cards_upgraded":["Defend_G","Defend_G","Defend_G","Defend_G","Defend_G","Strike_G","Strike_G","Strike_G","Strike_G"]},{"damage_healed":0,"gold_gain":0,"player_choice":"Ignored","damage_taken":0,"max_hp_gain":0,"max_hp_loss":0,"event_name":"Tomb of Lord Red Mask","floor":42,"gold_loss":0},{"cards_removed":["Strike_G"],"damage_healed":0,"gold_gain":0,"player_choice":"Removed Attack","damage_taken":0,"max_hp_gain":0,"max_hp_loss":0,"event_name":"Falling","floor":46,"gold_loss":0}],"is_beta":false,"boss_relics":[{"not_picked":["Orrery","HoveringKite"],"picked":"White Beast Statue"},{"not_picked":["Coffee Dripper","Astrolabe"],"picked":"WristBlade"}],"items_purged_floors":[20],"is_endless":false,"potions_floor_spawned":[6,8,10,14,16,18,19,22,28,29,30,31,33,35,37,38,39,41,45,48],"ascension_level":19}