{"gold_per_floor":[15,34,134,148,158,190,210,210,278,278],"floor_reached":10,"playtime":830,"items_purged":[],"score":74,"play_id":"bf7aed3a-6e44-4e08-b86a-6bfadcde32e7","local_time":"20190125221412","is_ascension_mode":true,"campfire_choices":[{"data":"Bash","floor":8,"key":"SMITH"}],"neow_cost":"NO_GOLD","seed_source_timestamp":5823168034770,"circlet_count":0,"master_deck":["Strike_R","Strike_R","Strike_R","Strike_R","Strike_R","Defend_R","Defend_R","Bash+1","Sever Soul","Dropkick","Double Tap"],"relics":["Burning Blood","Omamori"],"potions_floor_usage":[6,6],"damage_taken":[{"damage":1,"enemies":"Cultist","floor":1,"turns":3},{"damage":7,"enemies":"2 Louse","floor":2,"turns":2},{"damage":6,"enemies":"Jaw Worm","floor":4,"turns":2},{"damage":19,"enemies":"Lots of Slimes","floor":5,"turns":5},{"damage":26,"enemies":"Lagavulin","floor":6,"turns":6},{"damage":12,"enemies":"Blue Slaver","floor":7,"turns":2},{"damage":44,"enemies":"3 Sentries","floor":10,"turns":6}],"seed_played":"-8258351614169844790","potions_obtained":[{"floor":4,"key":"Weak Potion"},{"floor":5,"key":"Ancient Potion"}],"is_trial":false,"path_per_floor":["M","M","?","M","M","E","M","R","T","E"],"character_chosen":"IRONCLAD","items_purchased":[],"campfire_rested":0,"item_purchase_floors":[],"current_hp_per_floor":[80,79,79,79,66,46,40,40,40,0],"gold":278,"neow_bonus":"REMOVE_TWO","is_prod":false,"is_daily":false,"chose_seed":false,"campfire_upgraded":1,"win_rate":0,"timestamp":1548432852,"path_taken":["M","M","?","M","?","E","?","R","T","E"],"build_version":"2019-01-23","purchased_purges":0,"victory":false,"max_hp_per_floor":[80,80,80,80,80,80,80,80,80,80],"card_choices":[{"not_picked":["Wild Strike","Iron Wave"],"picked":"Sever Soul","floor":1},{"not_picked":["Clothesline","Flex"],"picked":"Dropkick","floor":2},{"not_picked":["Clothesline","Fire Breathing","Shockwave"],"picked":"SKIP","floor":4},{"not_picked":["Hemokinesis","Body Slam","Shockwave"],"picked":"SKIP","floor":5},{"not_picked":["Perfected Strike","Headbutt"],"picked":"Double Tap","floor":6},{"not_picked":["Perfected Strike","Metallicize","Wild Strike"],"picked":"SKIP","floor":7}],"player_experience":655876,"relics_obtained":[{"floor":6,"key":"Omamori"}],"event_choices":[{"damage_healed":0,"gold_gain":100,"player_choice":"Gold","damage_taken":0,"max_hp_gain":0,"max_hp_loss":0,"event_name":"Wheel of Change","floor":3,"gold_loss":0}],"is_beta":false,"boss_relics":[],"items_purged_floors":[],"is_endless":false,"potions_floor_spawned":[4,5],"killed_by":"3 Sentries","ascension_level":1}