{"gold_per_floor":[15,15,28,28,40,71,71,41,41,52,83,83,83,108,108,237,237,255,273,273,273,198,198,211,211,264,280,293,307,323,354,354,452,452,470,480,480,480,532,532,557,139,215,225,225,243,243,38,38,38,38,38,38,71,71],"floor_reached":56,"playtime":5234,"items_purged":["Strike_R","Strike_R+1","Defend_R"],"score":1232,"play_id":"9d1bddf1-ae4f-4bf1-a261-1f6bdc81ecff","local_time":"20190209095926","is_ascension_mode":false,"campfire_choices":[{"floor":7,"key":"REST"},{"data":"Body Slam","floor":13,"key":"SMITH"},{"data":"Armaments","floor":15,"key":"SMITH"},{"data":"Ghostly Armor","floor":23,"key":"SMITH"},{"floor":32,"key":"RECALL"},{"floor":40,"key":"REST"},{"floor":45,"key":"REST"},{"data":"Metallicize","floor":47,"key":"SMITH"},{"data":"Entrench","floor":49,"key":"SMITH"},{"data":"Ghostly Armor","floor":52,"key":"SMITH"}],"neow_cost":"NO_GOLD","seed_source_timestamp":5699783374214,"circlet_count":0,"master_deck":["Defend_R","Defend_R","Defend_R","Barricade+1","Ghostly Armor+1","Body Slam+1","Ghostly Armor+1","Shrug It Off","Shrug It Off","Armaments+1","Demon Form","Ghostly Armor+1","Cleave+1","Entrench+1","Battle Trance+1","Shrug It Off","Warcry+1","Evolve+1","Metallicize+1","Ghostly Armor+1","Disarm+1","Entrench+1"],"relics":["Burning Blood","Letter Opener","Question Card","Bloody Idol","Astrolabe","Art of War","The Courier","Busted Crown","StoneCalendar","Orichalcum","Omamori","Anchor","Bottled Lightning","Gremlin Horn"],"potions_floor_usage":[10,11,14,16,18,31,31,36,39,55,55],"damage_taken":[{"damage":1,"enemies":"Cultist","floor":1,"turns":3},{"damage":0,"enemies":"Small Slimes","floor":3,"turns":4},{"damage":3,"enemies":"Jaw Worm","floor":5,"turns":4},{"damage":44,"enemies":"Lagavulin","floor":6,"turns":13},{"damage":0,"enemies":"Looter","floor":8,"turns":4},{"damage":6,"enemies":"Blue Slaver","floor":10,"turns":5},{"damage":4,"enemies":"3 Sentries","floor":11,"turns":13},{"damage":9,"enemies":"2 Fungi Beasts","floor":14,"turns":5},{"damage":17,"enemies":"Slime Boss","floor":16,"turns":14},{"damage":12,"enemies":"Shell Parasite","floor":18,"turns":8},{"damage":3,"enemies":"Spheric Guardian","floor":19,"turns":8},{"damage":9,"enemies":"Snake Plant","floor":24,"turns":7},{"damage":25,"enemies":"Cultist and Chosen","floor":27,"turns":12},{"damage":13,"enemies":"3 Cultists","floor":28,"turns":6},{"damage":0,"enemies":"Snecko","floor":29,"turns":6},{"damage":3,"enemies":"Centurion and Healer","floor":30,"turns":7},{"damage":1,"enemies":"Gremlin Leader","floor":31,"turns":8},{"damage":1,"enemies":"Champ","floor":33,"turns":11},{"damage":26,"enemies":"3 Darklings","floor":35,"turns":8},{"damage":0,"enemies":"3 Shapes","floor":36,"turns":3},{"damage":53,"enemies":"2 Orb Walkers","floor":39,"turns":8},{"damage":19,"enemies":"Reptomancer","floor":41,"turns":7},{"damage":0,"enemies":"Writhing Mass","floor":44,"turns":7},{"damage":0,"enemies":"Maw","floor":46,"turns":6},{"damage":0,"enemies":"Awakened One","floor":50,"turns":8},{"damage":10,"enemies":"Shield and Spear","floor":54,"turns":7},{"damage":40,"enemies":"The Heart","floor":55,"turns":14}],"seed_played":"-1349087116386483067","potions_obtained":[{"floor":6,"key":"SkillPotion"},{"floor":10,"key":"PowerPotion"},{"floor":11,"key":"FearPotion"},{"floor":14,"key":"FearPotion"},{"floor":16,"key":"Fruit Juice"},{"floor":18,"key":"Dexterity Potion"},{"floor":19,"key":"Explosive Potion"},{"floor":29,"key":"SkillPotion"},{"floor":31,"key":"Strength Potion"},{"floor":36,"key":"Weak Potion"},{"floor":41,"key":"FearPotion"}],"is_trial":false,"path_per_floor":["M","?","M","?","M","E","R","M","T","M","E","?","R","M","R","B",null,"M","M","?","?","$","R","M","?","T","M","M","M","M","E","R","B",null,"M","M","?","?","?","R","E","$","T","M","R","M","R","$","R","B",null,"R","$","E","B",null],"character_chosen":"IRONCLAD","items_purchased":["Regen Potion","Ghostly Armor","Omamori","Anchor","Entrench","Weak Potion"],"campfire_rested":3,"item_purchase_floors":[42,42,42,42,48,48],"current_hp_per_floor":[80,64,70,70,73,35,59,65,65,65,67,67,67,64,64,53,74,73,76,76,76,76,76,73,73,78,64,62,73,79,79,79,79,79,64,75,75,75,33,55,47,47,52,63,75,75,75,75,75,75,75,75,75,75,56],"gold":71,"neow_bonus":"THREE_RARE_CARDS","is_prod":false,"is_daily":false,"chose_seed":false,"campfire_upgraded":6,"win_rate":0,"timestamp":1549684766,"path_taken":["M","?","M","?","M","E","R","M","T","M","E","?","R","M","R","BOSS","M","M","?","?","$","R","M","?","T","M","M","M","M","E","R","BOSS","M","M","?","?","?","R","E","$","T","M","R","M","R","?","R","BOSS","R","$","E","BOSS"],"build_version":"2019-01-23","purchased_purges":3,"victory":true,"max_hp_per_floor":[80,80,80,80,80,80,80,80,80,80,80,74,74,74,74,74,74,79,79,79,79,79,79,79,79,79,79,79,79,79,79,79,79,79,79,79,79,75,75,75,75,75,75,75,75,75,75,75,75,75,75,75,75,75,75],"card_choices":[{"not_picked":["Exhume","Offering"],"picked":"Barricade","floor":0},{"not_picked":["Thunderclap","Perfected Strike"],"picked":"Ghostly Armor","floor":1},{"not_picked":["Havoc","Feel No Pain"],"picked":"Body Slam","floor":3},{"not_picked":["Combust","Warcry","Pommel Strike"],"picked":"SKIP","floor":5},{"not_picked":["Corruption","Fiend Fire"],"picked":"Ghostly Armor","floor":6},{"not_picked":["Dual Wield","Shockwave","Flex"],"picked":"SKIP","floor":8},{"not_picked":["Spot Weakness","Sword Boomerang"],"picked":"Shrug It Off","floor":10},{"not_picked":["Clothesline","Dropkick"],"picked":"Shrug It Off","floor":11},{"not_picked":["Demon Form","Sword Boomerang","Flex"],"picked":"Armaments","floor":14},{"not_picked":["Brutality","Double Tap","Barricade"],"picked":"Demon Form","floor":16},{"not_picked":["Rupture","Flame Barrier+1","Pommel Strike+1","Body Slam"],"picked":"SKIP","floor":18},{"not_picked":["Cleave+1","Shrug It Off","Warcry+1"],"picked":"Battle Trance+1","floor":19},{"not_picked":["Second Wind","True Grit","Iron Wave"],"picked":"Warcry+1","floor":24},{"not_picked":["Bludgeon","Pommel Strike","Flex","Iron Wave"],"picked":"SKIP","floor":27},{"not_picked":["True Grit","Thunderclap","Flex+1"],"picked":"Evolve+1","floor":28},{"not_picked":["Whirlwind+1","Twin Strike+1","Iron Wave"],"picked":"Metallicize","floor":29},{"not_picked":["Sentinel","Iron Wave","Wild Strike","Dual Wield"],"picked":"SKIP","floor":30},{"not_picked":["Anger","Shrug It Off","Evolve","Thunderclap"],"picked":"SKIP","floor":31},{"not_picked":["Armaments","Pommel Strike+1"],"picked":"SKIP","floor":35},{"not_picked":["True Grit+1","Cleave+1"],"picked":"SKIP","floor":36},{"not_picked":["Perfected Strike+1","Heavy Blade+1"],"picked":"SKIP","floor":41},{"not_picked":["Clash"],"picked":"Disarm+1","floor":44},{"not_picked":["Thunderclap","Sword Boomerang+1"],"picked":"SKIP","floor":46},{"not_picked":["Uppercut","Feel No Pain+1"],"picked":"SKIP","floor":54}],"player_experience":770107,"relics_obtained":[{"floor":6,"key":"Letter Opener"},{"floor":11,"key":"Question Card"},{"floor":26,"key":"Art of War"},{"floor":31,"key":"The Courier"},{"floor":39,"key":"StoneCalendar"},{"floor":41,"key":"Orichalcum"},{"floor":43,"key":"Bottled Lightning"},{"floor":54,"key":"Gremlin Horn"}],"event_choices":[{"damage_healed":0,"gold_gain":0,"player_choice":"Entered Light","damage_taken":16,"max_hp_gain":0,"max_hp_loss":0,"event_name":"Shining Light","floor":2,"gold_loss":0,"cards_upgraded":["Barricade","Strike_R"]},{"damage_healed":0,"gold_gain":0,"player_choice":"Grow","damage_taken":0,"max_hp_gain":0,"max_hp_loss":0,"event_name":"Living Wall","floor":4,"gold_loss":0,"cards_upgraded":["Ghostly Armor"]},{"damage_healed":0,"gold_gain":0,"player_choice":"Lose Max HP","damage_taken":0,"relics_obtained":["Golden Idol"],"max_hp_gain":0,"max_hp_loss":6,"event_name":"Golden Idol","floor":12,"gold_loss":0},{"damage_healed":0,"gold_gain":0,"player_choice":"Ignored","damage_taken":0,"max_hp_gain":0,"max_hp_loss":0,"event_name":"The Mausoleum","floor":20,"gold_loss":0},{"damage_healed":0,"gold_gain":0,"player_choice":"Read","damage_taken":0,"max_hp_gain":0,"max_hp_loss":0,"event_name":"The Library","floor":21,"gold_loss":0,"cards_obtained":["Shrug It Off"]},{"damage_healed":0,"gold_gain":0,"player_choice":"Gave Idol","damage_taken":0,"relics_obtained":["Bloody Idol"],"max_hp_gain":0,"max_hp_loss":0,"event_name":"Forgotten Altar","floor":25,"relics_lost":["Golden Idol"],"gold_loss":0},{"cards_removed":["Bash"],"damage_healed":0,"gold_gain":0,"player_choice":"Removed Attack","damage_taken":0,"max_hp_gain":0,"max_hp_loss":0,"event_name":"Falling","floor":37,"gold_loss":0},{"damage_healed":0,"gold_gain":0,"player_choice":"Max HP","damage_taken":0,"max_hp_gain":0,"max_hp_loss":4,"event_name":"Winding Halls","floor":38,"gold_loss":0},{"damage_healed":0,"gold_gain":0,"player_choice":"Fight","damage_taken":0,"max_hp_gain":0,"max_hp_loss":0,"event_name":"Mysterious Sphere","floor":39,"gold_loss":0}],"is_beta":false,"boss_relics":[{"not_picked":["Runic Cube","Coffee Dripper"],"picked":"Astrolabe"},{"not_picked":["Eternal Feather","Tiny House"],"picked":"Busted Crown"}],"items_purged_floors":[22,42,48],"is_endless":false,"potions_floor_spawned":[6,10,11,14,16,18,19,29,31,36,41,44,54],"ascension_level":0}