{"gold_per_floor":[118,137,25,36,36,69,79,105,105,105,135,155,168,179,179,179],"floor_reached":16,"playtime":1188,"items_purged":["Strike_R"],"score":130,"play_id":"80c4666d-5946-424a-8d77-8d83ee2b8d76","local_time":"20190207174527","is_ascension_mode":true,"campfire_choices":[{"floor":15,"key":"REST"}],"neow_cost":"NONE","seed_source_timestamp":48662084922650,"circlet_count":0,"master_deck":["Strike_R","Strike_R","Strike_R","Defend_R","Defend_R","Defend_R","Defend_R","Bash","True Grit","Whirlwind","Metallicize","True Grit","Offering","Shrug It Off","Shrug It Off","Second Wind","Seeing Red","Shrug It Off"],"relics":["Runic Pyramid","Vajra","Mercury Hourglass","Dead Branch","Girya"],"potions_floor_usage":[6,14,16],"damage_taken":[{"damage":6,"enemies":"Cultist","floor":1,"turns":3},{"damage":5,"enemies":"2 Louse","floor":2,"turns":3},{"damage":0,"enemies":"Jaw Worm","floor":4,"turns":5},{"damage":19,"enemies":"3 Sentries","floor":6,"turns":10},{"damage":16,"enemies":"Looter","floor":7,"turns":2},{"damage":37,"enemies":"Lagavulin","floor":8,"turns":7},{"damage":7,"enemies":"3 Sentries","floor":11,"turns":7},{"damage":0,"enemies":"3 Louse","floor":12,"turns":3},{"damage":0,"enemies":"Red Slaver","floor":13,"turns":4},{"damage":0,"enemies":"2 Fungi Beasts","floor":14,"turns":3},{"damage":37,"enemies":"Hexaghost","floor":16,"turns":16}],"seed_played":"790684230405371955","potions_obtained":[{"floor":2,"key":"Regen Potion"},{"floor":7,"key":"Swift Potion"},{"floor":13,"key":"EssenceOfSteel"},{"floor":14,"key":"SkillPotion"}],"is_trial":false,"path_per_floor":["M","M","$","M","?","E","M","E","T","?","E","M","M","M","R","B"],"character_chosen":"IRONCLAD","items_purchased":["Metallicize"],"campfire_rested":1,"item_purchase_floors":[3],"current_hp_per_floor":[74,69,69,69,74,70,54,17,17,17,10,10,10,10,35,0],"gold":179,"neow_bonus":"BOSS_RELIC","is_prod":false,"is_daily":false,"chose_seed":false,"campfire_upgraded":0,"win_rate":0,"timestamp":1549590327,"path_taken":["M","M","$","M","?","E","M","E","T","?","E","?","M","M","R","BOSS"],"build_version":"2019-01-23","purchased_purges":1,"victory":false,"max_hp_per_floor":[80,80,80,80,85,85,85,85,85,85,85,85,85,85,85,85],"card_choices":[{"not_picked":["Headbutt","Heavy Blade"],"picked":"True Grit","floor":1},{"not_picked":["Heavy Blade","Twin Strike"],"picked":"Whirlwind","floor":2},{"not_picked":["Wild Strike","Fire Breathing"],"picked":"True Grit","floor":4},{"not_picked":["Headbutt","Thunderclap"],"picked":"Offering","floor":6},{"not_picked":["Evolve","Thunderclap"],"picked":"Shrug It Off","floor":7},{"not_picked":["Anger","Heavy Blade"],"picked":"Shrug It Off","floor":8},{"not_picked":["Clothesline","Twin Strike"],"picked":"Second Wind","floor":11},{"not_picked":["Twin Strike","Anger"],"picked":"Seeing Red","floor":12},{"not_picked":["Reckless Charge","Armaments"],"picked":"Shrug It Off","floor":13},{"not_picked":["Cleave","Twin Strike","True Grit"],"picked":"SKIP","floor":14}],"player_experience":301317,"relics_obtained":[{"floor":6,"key":"Vajra"},{"floor":8,"key":"Mercury Hourglass"},{"floor":9,"key":"Dead Branch"},{"floor":11,"key":"Girya"}],"event_choices":[{"damage_healed":0,"gold_gain":0,"player_choice":"Donut","damage_taken":0,"max_hp_gain":5,"max_hp_loss":0,"event_name":"Big Fish","floor":5,"gold_loss":0},{"cards_removed":["Strike_R"],"damage_healed":0,"gold_gain":0,"player_choice":"Purged","damage_taken":0,"max_hp_gain":0,"max_hp_loss":0,"event_name":"Purifier","floor":10,"gold_loss":0}],"is_beta":false,"boss_relics":[],"items_purged_floors":[3],"is_endless":false,"potions_floor_spawned":[2,7,13,14],"killed_by":"Hexaghost","ascension_level":1}