{"gold_per_floor":[112,129,129,9,22,22,53,69,148,178,189,204,204],"floor_reached":13,"playtime":669,"items_purged":["Defend_B"],"score":126,"play_id":"06b8ea7b-2590-43e9-bb96-40388acf404a","local_time":"20190120100709","is_ascension_mode":true,"campfire_choices":[{"data":"Zap","floor":6,"key":"SMITH"}],"neow_cost":"NONE","seed_source_timestamp":429604846522,"circlet_count":0,"master_deck":["Strike_B","Strike_B","Strike_B","Defend_B","Defend_B","Defend_B","Zap+1","Dualcast","Beam Cell","Cold Snap","Rebound","Steam","Steam","Ball Lightning"],"relics":["Cracked Core","StoneCalendar","Letter Opener","Tiny Chest"],"potions_floor_usage":[7,7,13],"damage_taken":[{"damage":1,"enemies":"Cultist","floor":1,"turns":4},{"damage":16,"enemies":"Small Slimes","floor":2,"turns":3},{"damage":14,"enemies":"2 Louse","floor":5,"turns":2},{"damage":9,"enemies":"3 Sentries","floor":7,"turns":7},{"damage":3,"enemies":"Blue Slaver","floor":8,"turns":4},{"damage":0,"enemies":"3 Louse","floor":11,"turns":2},{"damage":15,"enemies":"Exordium Wildlife","floor":12,"turns":4},{"damage":12,"enemies":"Lagavulin","floor":13,"turns":2}],"seed_played":"-7510705930188368485","potions_obtained":[{"floor":1,"key":"LiquidBronze"},{"floor":5,"key":"SkillPotion"},{"floor":12,"key":"Swift Potion"}],"is_trial":false,"path_per_floor":["M","M","?","$","M","R","E","M","T","?","M","M","E"],"character_chosen":"DEFECT","items_purchased":["Cold Snap"],"campfire_rested":0,"item_purchase_floors":[4],"current_hp_per_floor":[67,51,51,51,37,37,28,25,25,25,25,10,0],"gold":204,"neow_bonus":"TRANSFORM_CARD","is_prod":false,"is_daily":false,"chose_seed":false,"campfire_upgraded":1,"win_rate":0,"timestamp":1547957229,"path_taken":["M","?","?","?","?","R","E","M","T","?","M","M","E"],"build_version":"2019-01-17v2","purchased_purges":1,"victory":false,"max_hp_per_floor":[75,75,75,75,75,75,75,75,75,75,75,75,75],"card_choices":[{"not_picked":["Blizzard","Redo","Turbo"],"picked":"SKIP","floor":1},{"not_picked":["Aggregate","BootSequence"],"picked":"Beam Cell","floor":2},{"not_picked":["Hologram","Gash"],"picked":"Rebound","floor":5},{"not_picked":["Cold Snap","Undo"],"picked":"Steam","floor":7},{"not_picked":["Core Surge","Beam Cell"],"picked":"Steam","floor":8},{"not_picked":["Steam Power","Turbo","Static Discharge"],"picked":"SKIP","floor":11},{"not_picked":["Steam Power","Redo"],"picked":"Ball Lightning","floor":12}],"player_experience":606105,"relics_obtained":[{"floor":7,"key":"StoneCalendar"},{"floor":9,"key":"Letter Opener"}],"event_choices":[{"cards_removed":["Multi-Cast"],"damage_healed":0,"gold_gain":0,"player_choice":"Purged","damage_taken":0,"max_hp_gain":0,"max_hp_loss":0,"event_name":"Purifier","floor":3,"gold_loss":0},{"damage_healed":0,"gold_gain":0,"player_choice":"Searched \u00271\u0027 times","damage_taken":0,"relics_obtained":["Tiny Chest"],"max_hp_gain":0,"max_hp_loss":0,"event_name":"Dead Adventurer","floor":10,"gold_loss":0}],"is_beta":false,"boss_relics":[],"items_purged_floors":[4],"is_endless":false,"potions_floor_spawned":[1,5,12],"killed_by":"Lagavulin","ascension_level":9}