{"gold_per_floor":[15,15,30,30,46,46,77,77,77,94,120,120,135,169,169,169],"floor_reached":16,"playtime":1187,"items_purged":[],"score":120,"play_id":"217883d7-4d1e-4c1e-bb3f-7e3eb4f4be47","local_time":"20190131202814","is_ascension_mode":false,"campfire_choices":[{"data":"Havoc","floor":6,"key":"SMITH"},{"data":"Iron Wave","floor":8,"key":"SMITH"},{"floor":15,"key":"REST"}],"neow_cost":"NO_GOLD","seed_source_timestamp":165457390383124,"circlet_count":0,"master_deck":["Strike_R","Strike_R+1","Strike_R","Strike_R","Strike_R","Defend_R","Defend_R","Defend_R","Defend_R","Bash+1","Iron Wave+1","Havoc+1","Pommel Strike","Iron Wave","Body Slam","Metallicize+1","Flame Barrier"],"relics":["Burning Blood","Calipers","Prayer Wheel","Mummified Hand","Pen Nib","Oddly Smooth Stone"],"potions_floor_usage":[16,16],"damage_taken":[{"damage":0,"enemies":"2 Louse","floor":1,"turns":2},{"damage":1,"enemies":"Jaw Worm","floor":3,"turns":4},{"damage":1,"enemies":"Cultist","floor":5,"turns":3},{"damage":30,"enemies":"Gremlin Nob","floor":7,"turns":4},{"damage":6,"enemies":"3 Louse","floor":10,"turns":3},{"damage":38,"enemies":"3 Sentries","floor":11,"turns":10},{"damage":4,"enemies":"Exordium Wildlife","floor":13,"turns":4},{"damage":14,"enemies":"Gremlin Nob","floor":14,"turns":5},{"damage":39,"enemies":"Slime Boss","floor":16,"turns":9}],"seed_played":"1457324673781266551","potions_obtained":[{"floor":13,"key":"SpeedPotion"},{"floor":14,"key":"GamblersBrew"}],"is_trial":false,"path_per_floor":["M","?","M","?","M","R","E","R","T","M","E","?","M","E","R","B"],"character_chosen":"IRONCLAD","items_purchased":[],"campfire_rested":1,"item_purchase_floors":[],"current_hp_per_floor":[80,64,69,66,71,71,47,47,47,47,15,15,17,9,33,0],"gold":169,"neow_bonus":"ONE_RARE_RELIC","is_prod":false,"is_daily":false,"chose_seed":false,"campfire_upgraded":2,"win_rate":0,"timestamp":1548995294,"path_taken":["M","?","M","?","M","R","E","R","T","M","E","?","?","E","R","BOSS"],"build_version":"2019-01-23","purchased_purges":0,"victory":false,"max_hp_per_floor":[80,80,80,80,80,80,80,80,80,80,80,80,80,80,80,80],"card_choices":[{"not_picked":["Headbutt","Wild Strike"],"picked":"Iron Wave","floor":1},{"not_picked":["Heavy Blade","Blood for Blood"],"picked":"Havoc","floor":3},{"not_picked":["Second Wind","Seeing Red"],"picked":"Pommel Strike","floor":5},{"not_picked":["Dropkick","Cleave","Headbutt"],"picked":"SKIP","floor":5},{"not_picked":["Burning Pact","Combust"],"picked":"Iron Wave","floor":7},{"not_picked":["Reckless Charge","Cleave"],"picked":"Body Slam","floor":10},{"not_picked":["Wild Strike","Carnage","Dual Wield"],"picked":"SKIP","floor":10},{"not_picked":["Double Tap","Shrug It Off"],"picked":"Metallicize","floor":11},{"not_picked":["Seeing Red","Headbutt"],"picked":"Flame Barrier","floor":13},{"not_picked":["Twin Strike","Thunderclap","Wild Strike"],"picked":"SKIP","floor":13},{"not_picked":["Whirlwind","Perfected Strike","Clothesline"],"picked":"SKIP","floor":14}],"player_experience":212439,"relics_obtained":[{"floor":7,"key":"Mummified Hand"},{"floor":11,"key":"Pen Nib"},{"floor":14,"key":"Oddly Smooth Stone"}],"event_choices":[{"damage_healed":0,"gold_gain":0,"player_choice":"Entered Light","damage_taken":16,"max_hp_gain":0,"max_hp_loss":0,"event_name":"Shining Light","floor":2,"gold_loss":0,"cards_upgraded":["Strike_R","Bash"]},{"damage_healed":0,"gold_gain":0,"player_choice":"Success","damage_taken":3,"relics_obtained":["Prayer Wheel"],"max_hp_gain":0,"max_hp_loss":0,"event_name":"Scrap Ooze","floor":4,"gold_loss":0},{"damage_healed":0,"gold_gain":0,"player_choice":"Forge","damage_taken":0,"max_hp_gain":0,"max_hp_loss":0,"event_name":"Accursed Blacksmith","floor":12,"gold_loss":0,"cards_upgraded":["Metallicize"]}],"is_beta":false,"boss_relics":[],"items_purged_floors":[],"is_endless":false,"potions_floor_spawned":[13,14],"killed_by":"Slime Boss","ascension_level":0}