{"gold_per_floor":[368,318,318,333,110,110,138,213,213,60,90,105,105,115,115,210,210,227,227,227,142,154,185,185,199,222,73,96,115,35,64,64,164,164,184,195,195],"floor_reached":37,"playtime":2506,"items_purged":["Strike_R","Decay"],"score":436,"play_id":"3fe801c4-423a-456a-aeb9-ed633dacbdbf","local_time":"20190206164443","is_ascension_mode":true,"campfire_choices":[{"data":"True Grit","floor":6,"key":"SMITH"},{"data":"Whirlwind","floor":13,"key":"SMITH"},{"data":"Ghostly Armor","floor":15,"key":"SMITH"},{"data":"Armaments","floor":24,"key":"SMITH"},{"floor":32,"key":"DIG"}],"neow_cost":"PERCENT_DAMAGE","seed_source_timestamp":4346190982963,"circlet_count":0,"master_deck":["Strike_R","Strike_R","Defend_R","Defend_R","Defend_R","Defend_R","Bash","Whirlwind+1","True Grit+1","Pummel","Pommel Strike","Inflame","Uppercut","Armaments+1","Ghostly Armor+1","Impervious","Shame","Decay","Offering","RitualDagger","Shrug It Off","Exhume","Shrug It Off","Inflame","Limit Break","Shrug It Off","Havoc+1","Inflame+1","Flame Barrier+1","Warcry+1","Pommel Strike+1"],"relics":["Burning Blood","Oddly Smooth Stone","Question Card","Bottled Flame","Meat on the Bone","Calling Bell","Ancient Tea Set","Mercury Hourglass","Shovel","Blood Vial","Lantern","Potion Belt","Frozen Egg 2","Boot","Orrery"],"potions_floor_usage":[7,7,22,29,33,37,37],"damage_taken":[{"damage":6,"enemies":"Jaw Worm","floor":1,"turns":6},{"damage":0,"enemies":"2 Louse","floor":4,"turns":2},{"damage":23,"enemies":"3 Sentries","floor":7,"turns":7},{"damage":34,"enemies":"Gremlin Nob","floor":11,"turns":5},{"damage":0,"enemies":"Small Slimes","floor":12,"turns":2},{"damage":9,"enemies":"2 Fungi Beasts","floor":14,"turns":2},{"damage":33,"enemies":"Slime Boss","floor":16,"turns":8},{"damage":7,"enemies":"Shell Parasite","floor":18,"turns":10},{"damage":15,"enemies":"Chosen","floor":22,"turns":6},{"damage":37,"enemies":"Book of Stabbing","floor":23,"turns":7},{"damage":27,"enemies":"Snake Plant","floor":25,"turns":2},{"damage":19,"enemies":"Shelled Parasite and Fungi","floor":29,"turns":7},{"damage":7,"enemies":"Gremlin Leader","floor":31,"turns":5},{"damage":57,"enemies":"Automaton","floor":33,"turns":11},{"damage":21,"enemies":"3 Darklings","floor":35,"turns":5},{"damage":42,"enemies":"3 Shapes","floor":36,"turns":1},{"damage":46,"enemies":"2 Orb Walkers","floor":37,"turns":7}],"seed_played":"-6345158137968667980","potions_obtained":[{"floor":1,"key":"Regen Potion"},{"floor":4,"key":"AttackPotion"},{"floor":16,"key":"Fire Potion"},{"floor":23,"key":"Energy Potion"},{"floor":25,"key":"PowerPotion"},{"floor":33,"key":"Dexterity Potion"},{"floor":35,"key":"Ancient Potion"},{"floor":36,"key":"SneckoOil"}],"is_trial":false,"path_per_floor":["M","?","?","M","$","R","E","?","T","$","E","M","R","M","R","B",null,"M","?","?","?","M","E","R","M","T","$","T","M","$","E","R","B",null,"M","M","?"],"character_chosen":"IRONCLAD","items_purchased":["Oddly Smooth Stone","Pummel","Inflame","Shrug It Off","Inflame"],"campfire_rested":0,"item_purchase_floors":[5,5,10,27,30],"current_hp_per_floor":[56,56,49,55,55,55,53,42,42,42,14,32,32,41,41,26,80,79,79,73,73,66,49,49,42,42,42,42,43,43,56,56,19,80,65,43,0],"gold":195,"neow_bonus":"TWO_FIFTY_GOLD","is_prod":false,"is_daily":false,"chose_seed":false,"campfire_upgraded":4,"win_rate":0,"timestamp":1549500283,"path_taken":["M","?","?","M","$","R","E","?","T","$","E","M","R","M","R","BOSS","M","?","?","?","M","E","R","M","T","$","?","?","$","E","R","BOSS","M","M","?"],"build_version":"2019-01-23","purchased_purges":2,"victory":false,"max_hp_per_floor":[80,80,80,80,80,80,80,80,80,80,80,80,80,80,80,80,80,80,80,80,80,80,80,80,80,80,80,80,80,80,80,80,80,80,80,80,80],"card_choices":[{"not_picked":["True Grit","Sword Boomerang"],"picked":"Whirlwind","floor":1},{"not_picked":["Clash","Sentinel"],"picked":"True Grit","floor":4},{"not_picked":["Armaments","Wild Strike"],"picked":"Pommel Strike","floor":7},{"not_picked":["Juggernaut","Wild Strike","Pummel"],"picked":"Uppercut","floor":11},{"not_picked":["Heavy Blade","Iron Wave","Perfected Strike"],"picked":"Armaments","floor":12},{"not_picked":["True Grit","Iron Wave","Warcry"],"picked":"Ghostly Armor","floor":14},{"not_picked":["Brutality","Immolate","Feed"],"picked":"Impervious","floor":16},{"not_picked":["Headbutt+1","Clash","Wild Strike"],"picked":"Offering","floor":18},{"not_picked":["Warcry","Wild Strike","Rampage"],"picked":"Shrug It Off","floor":22},{"not_picked":["Bloodletting","Entrench","Sword Boomerang"],"picked":"Exhume","floor":23},{"not_picked":["Heavy Blade","Second Wind","Rampage","Power Through"],"picked":"SKIP","floor":25},{"not_picked":["Wild Strike","Thunderclap+1","Cleave","Power Through+1"],"picked":"SKIP","floor":29},{"not_picked":["Heavy Blade+1","Dual Wield+1","Pummel","Twin Strike"],"picked":"SKIP","floor":31},{"not_picked":["Juggernaut+1","Brutality+1","Bludgeon"],"picked":"Limit Break","floor":33},{"not_picked":["Sword Boomerang","Clothesline","Anger"],"picked":"Shrug It Off","floor":34},{"not_picked":["Infernal Blade+1","Armaments","Sword Boomerang"],"picked":"Havoc+1","floor":34},{"not_picked":["Twin Strike","Feed","Clash"],"picked":"Inflame+1","floor":34},{"not_picked":["Evolve+1","Dual Wield","Inflame+1"],"picked":"Flame Barrier+1","floor":34},{"not_picked":["Flex+1","Sword Boomerang+1","Heavy Blade+1"],"picked":"Warcry+1","floor":35},{"not_picked":["Combust+1","Cleave+1","Sword Boomerang"],"picked":"Pommel Strike+1","floor":36}],"player_experience":290051,"relics_obtained":[{"floor":7,"key":"Question Card"},{"floor":9,"key":"Bottled Flame"},{"floor":11,"key":"Meat on the Bone"},{"floor":17,"key":"Ancient Tea Set"},{"floor":17,"key":"Mercury Hourglass"},{"floor":17,"key":"Shovel"},{"floor":23,"key":"Lantern"},{"floor":28,"key":"Potion Belt"},{"floor":31,"key":"Frozen Egg 2"},{"floor":32,"key":"Boot"}],"event_choices":[{"cards_removed":["Strike_R"],"damage_healed":0,"gold_gain":0,"player_choice":"Card Removal","damage_taken":0,"max_hp_gain":0,"max_hp_loss":0,"event_name":"The Cleric","floor":2,"gold_loss":50},{"cards_removed":["Strike_R"],"damage_healed":0,"gold_gain":0,"player_choice":"Card Removal","damage_taken":7,"max_hp_gain":0,"max_hp_loss":0,"event_name":"Golden Wing","floor":3,"gold_loss":0},{"damage_healed":0,"gold_gain":75,"player_choice":"Gather Gold","damage_taken":11,"max_hp_gain":0,"max_hp_loss":0,"event_name":"World of Goop","floor":8,"gold_loss":0},{"damage_healed":0,"gold_gain":0,"player_choice":"Ignored","damage_taken":0,"max_hp_gain":0,"max_hp_loss":0,"event_name":"Vampires","floor":19,"gold_loss":0},{"damage_healed":0,"gold_gain":0,"player_choice":"Joined the Cult","damage_taken":6,"max_hp_gain":0,"max_hp_loss":0,"event_name":"Nest","floor":20,"gold_loss":0,"cards_obtained":["RitualDagger"]},{"damage_healed":0,"gold_gain":0,"player_choice":"Obtained Relic","damage_taken":0,"relics_obtained":["Blood Vial"],"max_hp_gain":0,"max_hp_loss":0,"event_name":"Addict","floor":21,"gold_loss":85},{"damage_healed":0,"gold_gain":0,"player_choice":"Fight","damage_taken":0,"max_hp_gain":0,"max_hp_loss":0,"event_name":"Mysterious Sphere","floor":37,"gold_loss":0}],"is_beta":false,"boss_relics":[{"not_picked":["Coffee Dripper","Mark of Pain"],"picked":"Calling Bell"},{"not_picked":["Runic Pyramid","Cursed Key"],"picked":"Orrery"}],"items_purged_floors":[10,27],"is_endless":false,"potions_floor_spawned":[1,4,16,23,25,33,35,36],"killed_by":"2 Orb Walkers","ascension_level":1}