{"gold_per_floor":[116,126,139,314,314,314,93,121,121,148,159,159,159,175,175,270,270,286,286,70,87,87,87,116,126,177,192,192,192,207,225,225,225],"floor_reached":33,"playtime":1739,"items_purged":["Regret"],"score":438,"play_id":"63c84d82-c90d-43b0-be5a-049038e99c36","local_time":"20190120125755","is_ascension_mode":true,"campfire_choices":[{"data":"Zap","floor":6,"key":"SMITH"},{"data":"Consume","floor":13,"key":"SMITH"},{"data":"Auto Shields","floor":15,"key":"SMITH"},{"data":"BootSequence","floor":23,"key":"SMITH"},{"floor":28,"key":"REST"},{"floor":32,"key":"REST"}],"neow_cost":"NONE","seed_source_timestamp":9605234324360,"circlet_count":0,"master_deck":["Strike_B","Strike_B","Strike_B","Defend_B","Defend_B","Defend_B","Defend_B","Zap+1","Dualcast","Ball Lightning","Hologram","Ball Lightning","Leap","Doubt","Electrodynamics","Consume+1","Cold Snap","Auto Shields+1","Double Energy","Seek","Coolheaded","BootSequence+1","Coolheaded","Necronomicurse","Leap+1","Glacier","Reprogram+1","Core Surge","Coolheaded+1"],"relics":["Cracked Core","Mummified Hand","Mango","DataDisk","Gremlin Horn","Nuclear Battery","Orichalcum","Necronomicon","Bird Faced Urn","Potion Belt","Nloth\u0027s Gift"],"potions_floor_usage":[11,16,16,33,33,33],"damage_taken":[{"damage":4,"enemies":"Jaw Worm","floor":1,"turns":3},{"damage":0,"enemies":"2 Louse","floor":2,"turns":4},{"damage":4,"enemies":"Small Slimes","floor":3,"turns":3},{"damage":0,"enemies":"3 Sentries","floor":8,"turns":2},{"damage":16,"enemies":"Gremlin Nob","floor":10,"turns":3},{"damage":11,"enemies":"Looter","floor":11,"turns":2},{"damage":3,"enemies":"Exordium Thugs","floor":14,"turns":2},{"damage":25,"enemies":"Hexaghost","floor":16,"turns":9},{"damage":20,"enemies":"Shell Parasite","floor":18,"turns":5},{"damage":1,"enemies":"Chosen","floor":21,"turns":3},{"damage":15,"enemies":"Slavers","floor":24,"turns":2},{"damage":0,"enemies":"Centurion and Healer","floor":25,"turns":8},{"damage":0,"enemies":"Shelled Parasite and Fungi","floor":27,"turns":9},{"damage":10,"enemies":"Snake Plant","floor":30,"turns":6},{"damage":25,"enemies":"Centurion and Healer","floor":31,"turns":5},{"damage":46,"enemies":"Champ","floor":33,"turns":8}],"seed_played":"-7870217488529946910","potions_obtained":[{"floor":10,"key":"FearPotion"},{"floor":11,"key":"SkillPotion"},{"floor":14,"key":"SkillPotion"},{"floor":21,"key":"FocusPotion"},{"floor":27,"key":"Dexterity Potion"},{"floor":31,"key":"FocusPotion"}],"is_trial":false,"path_per_floor":["M","M","M","?","?","R","$","E","T","E","M","?","R","M","R","B",null,"M","?","$","M","?","R","E","M","T","M","R","?","M","M","R","B"],"character_chosen":"DEFECT","items_purchased":["Electrodynamics","Consume","Orichalcum","BootSequence"],"campfire_rested":2,"item_purchase_floors":[7,7,20,20],"current_hp_per_floor":[64,64,60,60,60,60,60,74,74,58,47,44,44,41,41,16,71,51,51,51,50,34,34,19,21,21,23,49,49,39,14,40,0],"gold":225,"neow_bonus":"THREE_CARDS","is_prod":false,"is_daily":false,"chose_seed":false,"campfire_upgraded":4,"win_rate":0,"timestamp":1547967475,"path_taken":["M","M","M","?","?","R","$","E","T","E","M","?","R","M","R","BOSS","M","?","?","M","?","R","E","M","T","M","R","?","M","M","R","BOSS"],"build_version":"2019-01-17v2","purchased_purges":1,"victory":false,"max_hp_per_floor":[75,75,75,75,75,75,75,89,89,89,89,89,89,89,89,89,89,89,89,89,89,89,89,89,89,89,89,89,89,89,89,89,89],"card_choices":[{"not_picked":["White Noise","Recycle"],"picked":"Ball Lightning","floor":0},{"not_picked":["Beam Cell","Heatsinks"],"picked":"Hologram","floor":1},{"not_picked":["Conserve Battery","Heatsinks"],"picked":"Ball Lightning","floor":2},{"not_picked":["Chaos","Compile Driver"],"picked":"Leap","floor":3},{"not_picked":["Turbo","Blizzard","Ball Lightning"],"picked":"SKIP","floor":8},{"not_picked":["Sweeping Beam","Compile Driver"],"picked":"Cold Snap","floor":10},{"not_picked":["Rebound","Streamline"],"picked":"Auto Shields","floor":11},{"not_picked":["Undo","Compile Driver"],"picked":"Double Energy","floor":14},{"not_picked":["Electrodynamics","Buffer"],"picked":"Seek","floor":16},{"not_picked":["Turbo+1","Cold Snap"],"picked":"Coolheaded","floor":18},{"not_picked":["Redo","Stack"],"picked":"Coolheaded","floor":21},{"not_picked":["BootSequence","Barrage+1"],"picked":"Leap+1","floor":24},{"not_picked":["Cold Snap","Compile Driver"],"picked":"Glacier","floor":25},{"not_picked":["Barrage","Compile Driver"],"picked":"Reprogram+1","floor":27},{"not_picked":["Aggregate+1","Double Energy+1"],"picked":"Core Surge","floor":30},{"not_picked":["Reprogram","Steam Power+1"],"picked":"Coolheaded+1","floor":31}],"player_experience":611208,"relics_obtained":[{"floor":8,"key":"Mango"},{"floor":9,"key":"Oddly Smooth Stone"},{"floor":10,"key":"DataDisk"},{"floor":22,"key":"Necronomicon"},{"floor":24,"key":"Bird Faced Urn"},{"floor":26,"key":"Potion Belt"}],"event_choices":[{"damage_healed":0,"gold_gain":175,"player_choice":"AGREE","damage_taken":0,"max_hp_gain":0,"max_hp_loss":0,"event_name":"Liars Game","floor":4,"gold_loss":0,"cards_obtained":["Doubt"]},{"damage_healed":0,"gold_gain":0,"player_choice":"Box","damage_taken":0,"relics_obtained":["Mummified Hand"],"max_hp_gain":0,"max_hp_loss":0,"event_name":"Big Fish","floor":5,"gold_loss":0,"cards_obtained":["Regret"]},{"damage_healed":0,"gold_gain":0,"player_choice":"Success","damage_taken":3,"relics_obtained":["Gremlin Horn"],"max_hp_gain":0,"max_hp_loss":0,"event_name":"Scrap Ooze","floor":12,"gold_loss":0},{"cards_removed":["Strike_B"],"damage_healed":0,"gold_gain":0,"player_choice":"Elegance","damage_taken":0,"max_hp_gain":0,"max_hp_loss":0,"event_name":"Back to Basics","floor":19,"gold_loss":0},{"damage_healed":0,"gold_gain":0,"player_choice":"Obtained Book","damage_taken":16,"max_hp_gain":0,"max_hp_loss":0,"event_name":"Cursed Tome","floor":22,"gold_loss":0},{"damage_healed":0,"gold_gain":0,"player_choice":"Traded Relic","damage_taken":0,"relics_obtained":["Nloth\u0027s Gift"],"max_hp_gain":0,"max_hp_loss":0,"event_name":"N\u0027loth","floor":29,"relics_lost":["Oddly Smooth Stone"],"gold_loss":0}],"is_beta":false,"boss_relics":[{"not_picked":["Orrery","Runic Dome"],"picked":"Nuclear Battery"}],"items_purged_floors":[7],"is_endless":false,"potions_floor_spawned":[10,11,14,21,27,31],"killed_by":"Champ","ascension_level":9}