{"gold_per_floor":[19,19,19,19,19,34,34,58,134,134,168,168,193,216,216,311,311,326,251,17,42,57,57,81,81,81,105,7,25,25,43,43,43],"floor_reached":33,"playtime":2209,"items_purged":[],"score":486,"play_id":"2aef0b61-a067-4e8c-a378-16a55518c3a2","local_time":"20190204182924","is_ascension_mode":true,"campfire_choices":[{"data":"Neutralize","floor":7.0,"key":"SMITH"},{"floor":10.0,"key":"REST"},{"data":"Deflect","floor":12.0,"key":"SMITH"},{"data":"Deadly Poison","floor":15.0,"key":"SMITH"},{"data":"Strike_G","floor":23.0,"key":"PURGE"},{"floor":32,"key":"REST"}],"neow_cost":"NO_GOLD","seed_source_timestamp":236268539354802,"circlet_count":0,"master_deck":["AscendersBane","Defend_G+1","Defend_G","Defend_G","Defend_G","Strike_G","Strike_G","Strike_G","Survivor","Neutralize+1","Sucker Punch+1","Deflect+1","Backflip","Heel Hook","Deadly Poison+1","After Image+1","Dagger Spray","Blur","Infinite Blades+1","Finesse","Crippling Poison","Escape Plan","Dodge and Roll","Caltrops+1","Finesse","Dagger Throw","After Image+1","Dagger Throw"],"special_seed":0,"relics":["Ring of the Snake","Pocketwatch","Golden Idol","Frozen Egg 2","Sundial","Peace Pipe","Runic Pyramid","Darkstone Periapt"],"potions_floor_usage":[29,33],"damage_taken":[{"damage":2.0,"enemies":"Small Slimes","floor":1.0,"turns":3.0},{"damage":0.0,"enemies":"2 Louse","floor":6.0,"turns":2.0},{"damage":0.0,"enemies":"Cultist","floor":8.0,"turns":5.0},{"damage":16.0,"enemies":"3 Sentries","floor":11.0,"turns":12.0},{"damage":0.0,"enemies":"Looter","floor":13.0,"turns":3.0},{"damage":3.0,"enemies":"Lots of Slimes","floor":14.0,"turns":5.0},{"damage":15.0,"enemies":"Hexaghost","floor":16.0,"turns":11.0},{"damage":0.0,"enemies":"Chosen","floor":18.0,"turns":6.0},{"damage":4.0,"enemies":"2 Thieves","floor":21.0,"turns":4.0},{"damage":3.0,"enemies":"Snake Plant","floor":22.0,"turns":6.0},{"damage":3.0,"enemies":"3 Cultists","floor":24.0,"turns":6.0},{"damage":6,"enemies":"Sentry and Sphere","floor":27,"turns":10},{"damage":3,"enemies":"Shelled Parasite and Fungi","floor":29,"turns":6},{"damage":28,"enemies":"Snecko","floor":31,"turns":8},{"damage":24,"enemies":"Champ","floor":33,"turns":12}],"seed_played":"8040611758306494976","potions_obtained":[{"floor":6.0,"key":"GhostInAJar"},{"floor":11.0,"key":"Explosive Potion"},{"floor":14.0,"key":"GhostInAJar"},{"floor":24.0,"key":"SkillPotion"}],"is_trial":false,"path_per_floor":["M","?","?","?","T","M","R","M","T","R","E","R","M","M","R","B",null,"M","?","$","M","M","R","M","?","T","M","$","M","?","M","R","B"],"character_chosen":"THE_SILENT","items_purchased":["Blur","Infinite Blades+1","Finesse","Finesse"],"campfire_rested":2,"item_purchase_floors":[20,20,20,28],"current_hp_per_floor":[57,57,39,32,32,32,32,32,32,50,34,34,34,31,31,16,49,49,49,49,45,42,42,39,39,39,33,33,30,30,2,20,0],"gold":43,"neow_bonus":"ONE_RARE_RELIC","is_prod":false,"is_daily":false,"chose_seed":false,"campfire_upgraded":3,"win_rate":0,"timestamp":1549304964,"path_taken":["M","?","?","?","?","M","R","M","T","R","E","R","M","M","R","BOSS","M","?","$","M","M","R","M","?","T","M","$","?","?","M","R","BOSS"],"build_version":"2019-01-23","purchased_purges":0,"victory":false,"max_hp_per_floor":[66,60,60,60,60,60,60,60,60,60,60,60,60,60,60,60,60,60,60,60,60,60,60,60,60,60,60,60,60,60,60,60,60],"card_choices":[{"not_picked":["Underhanded Strike","Acrobatics"],"picked":"Sucker Punch","floor":1.0},{"not_picked":["Eviscerate","Reflex"],"picked":"Deflect","floor":6.0},{"not_picked":["Underhanded Strike","Expertise"],"picked":"Backflip","floor":8.0},{"not_picked":["Predator","Skewer"],"picked":"Heel Hook","floor":11.0},{"not_picked":["Quick Slash","Reflex"],"picked":"Deadly Poison","floor":13.0},{"not_picked":["Slice","Riddle With Holes","Dagger Spray"],"picked":"SKIP","floor":14.0},{"not_picked":["Malaise","Doppelganger"],"picked":"After Image+1","floor":16.0},{"not_picked":["Calculated Gamble","Poisoned Stab"],"picked":"Dagger Spray","floor":18.0},{"not_picked":["Expertise","Endless Agony+1"],"picked":"Crippling Poison","floor":21.0},{"not_picked":["Cloak And Dagger","Deflect"],"picked":"Escape Plan","floor":22.0},{"not_picked":["Underhanded Strike","Finisher"],"picked":"Dodge and Roll","floor":24.0},{"not_picked":["Quick Slash","Acrobatics"],"picked":"Caltrops+1","floor":27},{"not_picked":["Blade Dance","Cloak And Dagger"],"picked":"Dagger Throw","floor":29},{"not_picked":["Grand Finale","Accuracy+1"],"picked":"Dagger Throw","floor":31}],"player_experience":1264753,"relics_obtained":[{"floor":5.0,"key":"Frozen Egg 2"},{"floor":9.0,"key":"Sundial"},{"floor":11.0,"key":"Peace Pipe"},{"floor":26,"key":"Darkstone Periapt"}],"event_choices":[{"damage_healed":0.0,"max_hp_gain":0.0,"max_hp_loss":6.0,"gold_gain":0.0,"event_name":"Golden Idol","player_choice":"Lose Max HP","floor":2.0,"gold_loss":0.0,"damage_taken":0.0,"relics_obtained":["Golden Idol"]},{"damage_healed":0.0,"max_hp_gain":0.0,"max_hp_loss":0.0,"gold_gain":0.0,"event_name":"Shining Light","player_choice":"Entered Light","floor":3.0,"gold_loss":0.0,"damage_taken":18.0,"cards_upgraded":["Defend_G","Sucker Punch"]},{"cards_removed":["Strike_G"],"damage_healed":0.0,"max_hp_gain":0.0,"max_hp_loss":0.0,"gold_gain":0.0,"event_name":"Golden Wing","player_choice":"Card Removal","floor":4.0,"gold_loss":0.0,"damage_taken":7.0},{"cards_removed":["Defend_G"],"damage_healed":0.0,"max_hp_gain":0.0,"max_hp_loss":0.0,"gold_gain":0.0,"event_name":"Beggar","player_choice":"Gave Gold","floor":19.0,"gold_loss":75.0,"damage_taken":0.0},{"damage_healed":0,"gold_gain":0,"player_choice":"Leave","damage_taken":0,"max_hp_gain":0,"max_hp_loss":0,"event_name":"FaceTrader","floor":25,"gold_loss":0},{"damage_healed":0,"gold_gain":0,"player_choice":"Copied","damage_taken":0,"max_hp_gain":0,"max_hp_loss":0,"event_name":"Duplicator","floor":30,"gold_loss":0,"cards_obtained":["After Image"]}],"is_beta":false,"boss_relics":[{"not_picked":["Orrery","Velvet Choker"],"picked":"Runic Pyramid"}],"items_purged_floors":[],"is_endless":false,"potions_floor_spawned":[6,11,14,16,21,24,27],"killed_by":"Champ","ascension_level":19}