{"gold_per_floor":[110,110,130,130,143,143,178,189,189,208,208,239,249,265,265,265],"floor_reached":16,"playtime":1003,"items_purged":[],"score":114,"play_id":"d4cd441d-d777-425f-a166-2f465d40f374","local_time":"20190128195520","is_ascension_mode":false,"campfire_choices":[{"data":"True Grit","floor":6,"key":"SMITH"},{"data":"Entrench","floor":11,"key":"SMITH"},{"data":"Whirlwind","floor":15,"key":"SMITH"}],"neow_cost":"NONE","seed_source_timestamp":168330636457180,"circlet_count":0,"master_deck":["Strike_R","Strike_R","Strike_R","Defend_R","Defend_R","Defend_R","Defend_R","Bash","Headbutt","Ghostly Armor","Entrench+1","True Grit+1","Whirlwind+1","Pommel Strike","Ghostly Armor","Pommel Strike"],"relics":["Burning Blood","Art of War","Pantograph"],"potions_floor_usage":[10,12,14,16],"damage_taken":[{"damage":6,"enemies":"Jaw Worm","floor":1,"turns":3},{"damage":1,"enemies":"2 Louse","floor":3,"turns":3},{"damage":0,"enemies":"Small Slimes","floor":5,"turns":4},{"damage":56,"enemies":"Lagavulin","floor":7,"turns":11},{"damage":0,"enemies":"3 Louse","floor":8,"turns":2},{"damage":0,"enemies":"Red Slaver","floor":10,"turns":3},{"damage":9,"enemies":"3 Sentries","floor":12,"turns":4},{"damage":7,"enemies":"Exordium Thugs","floor":13,"turns":7},{"damage":10,"enemies":"Looter","floor":14,"turns":3},{"damage":78,"enemies":"Hexaghost","floor":16,"turns":9}],"seed_played":"2874153175084730125","potions_obtained":[{"floor":1,"key":"Swift Potion"},{"floor":3,"key":"Block Potion"},{"floor":7,"key":"Energy Potion"},{"floor":13,"key":"Regen Potion"}],"is_trial":false,"path_per_floor":["M","?","M","?","M","R","E","M","T","M","R","E","M","M","R","B"],"character_chosen":"IRONCLAD","items_purchased":[],"campfire_rested":0,"item_purchase_floors":[],"current_hp_per_floor":[88,88,88,81,87,87,37,43,43,49,49,46,45,50,50,0],"gold":265,"neow_bonus":"TEN_PERCENT_HP_BONUS","is_prod":false,"is_daily":false,"chose_seed":false,"campfire_upgraded":3,"win_rate":0,"timestamp":1548734120,"path_taken":["M","?","M","?","M","R","E","M","T","M","R","E","M","M","R","BOSS"],"build_version":"2019-01-23","purchased_purges":0,"victory":false,"max_hp_per_floor":[88,88,88,88,88,88,88,88,88,88,88,88,88,88,88,88],"card_choices":[{"not_picked":["Clothesline","Hemokinesis"],"picked":"Headbutt","floor":1},{"not_picked":["Dropkick","Perfected Strike"],"picked":"Entrench","floor":3},{"not_picked":["Heavy Blade","Thunderclap"],"picked":"True Grit","floor":5},{"not_picked":["Brutality","Clash"],"picked":"Whirlwind","floor":7},{"not_picked":["Anger","Perfected Strike"],"picked":"Pommel Strike","floor":8},{"not_picked":["Blood for Blood","Double Tap"],"picked":"Ghostly Armor","floor":10},{"not_picked":["Flex","Clash","Havoc"],"picked":"SKIP","floor":12},{"not_picked":["Whirlwind","Cleave"],"picked":"Pommel Strike","floor":13},{"not_picked":["Dropkick","Hemokinesis","Uppercut"],"picked":"SKIP","floor":14}],"player_experience":188350,"relics_obtained":[{"floor":9,"key":"Art of War"},{"floor":12,"key":"Pantograph"}],"event_choices":[{"damage_healed":0,"gold_gain":0,"cards_transformed":["Strike_R"],"player_choice":"Change","damage_taken":0,"max_hp_gain":0,"max_hp_loss":0,"event_name":"Living Wall","floor":2,"gold_loss":0,"cards_obtained":["Ghostly Armor"]},{"cards_removed":["Strike_R"],"damage_healed":0,"gold_gain":0,"player_choice":"Card Removal","damage_taken":7,"max_hp_gain":0,"max_hp_loss":0,"event_name":"Golden Wing","floor":4,"gold_loss":0}],"is_beta":false,"boss_relics":[],"items_purged_floors":[],"is_endless":false,"potions_floor_spawned":[1,3,7,8,13],"killed_by":"Hexaghost","ascension_level":0}