{"gold_per_floor":[14,14,14,25,25,25,52,52,125,125,150,185,198,225,225,303,303,320,320,320,339,356,356,373,407,407,407,441,441,347,171,171,245,245,265,215,215,230,245,258,291,309,309,341,341,366,366,26,26,26,26],"floor_reached":52,"playtime":3167,"items_purged":["Doubt","Writhe","Well Laid Plans","Strike_G"],"score":2338,"play_id":"844e40f8-0764-4e00-abfa-bbe9fd0aa555","local_time":"20190208110233","is_ascension_mode":true,"campfire_choices":[{"floor":6.0,"key":"REST"},{"data":"Noxious Fumes","floor":8.0,"key":"SMITH"},{"data":"Bane","floor":10.0,"key":"SMITH"},{"floor":15.0,"key":"REST"},{"data":"Ghostly","floor":23.0,"key":"SMITH"},{"data":"Ghostly","floor":27.0,"key":"SMITH"},{"data":"Ghostly","floor":29.0,"key":"SMITH"},{"data":"Catalyst","floor":32.0,"key":"SMITH"},{"data":"Blur","floor":45,"key":"SMITH"},{"data":"Catalyst","floor":49,"key":"SMITH"}],"neow_cost":"NO_GOLD","seed_source_timestamp":2440458152265293,"circlet_count":0,"master_deck":["AscendersBane","Defend_G","Defend_G","Defend_G","Defend_G","Strike_G","Strike_G","Strike_G","Strike_G","Survivor","Neutralize","Corpse Explosion+1","Noxious Fumes+1","Bane+1","Poisoned Stab","Ghostly+1","Ghostly+1","Ghostly+1","PiercingWail","Blur+1","Catalyst+1","Catalyst+1","Crippling Poison","Dodge and Roll","After Image","Catalyst+1","Catalyst+1"],"special_seed":0,"relics":["Ring of the Snake","Gambling Chip","Anchor","PreservedInsect","WingedGreaves","Thread and Needle","Odd Mushroom","Cursed Key","Regal Pillow","Smiling Mask","Meat on the Bone","Vajra","Runic Pyramid","Dream Catcher","Oddly Smooth Stone","Ice Cream","DollysMirror"],"potions_floor_usage":[51,51],"damage_taken":[{"damage":4.0,"enemies":"2 Louse","floor":1.0,"turns":4.0},{"damage":9.0,"enemies":"Small Slimes","floor":4.0,"turns":6.0},{"damage":15.0,"enemies":"Lagavulin","floor":7.0,"turns":7.0},{"damage":5.0,"enemies":"3 Sentries","floor":11.0,"turns":3.0},{"damage":15.0,"enemies":"Lagavulin","floor":12.0,"turns":5.0},{"damage":0.0,"enemies":"Jaw Worm","floor":13.0,"turns":2.0},{"damage":0.0,"enemies":"The Mushroom Lair","floor":14.0,"turns":2.0},{"damage":11.0,"enemies":"Slime Boss","floor":16.0,"turns":6.0},{"damage":2.0,"enemies":"Chosen","floor":18.0,"turns":4.0},{"damage":5.0,"enemies":"Shell Parasite","floor":21.0,"turns":5.0},{"damage":0.0,"enemies":"Centurion and Healer","floor":22.0,"turns":4.0},{"damage":0.0,"enemies":"Snake Plant","floor":24.0,"turns":5.0},{"damage":0.0,"enemies":"Book of Stabbing","floor":25.0,"turns":5.0},{"damage":0.0,"enemies":"Gremlin Leader","floor":28.0,"turns":5.0},{"damage":14.0,"enemies":"Champ","floor":33.0,"turns":10.0},{"damage":0.0,"enemies":"3 Darklings","floor":35.0,"turns":3.0},{"damage":0.0,"enemies":"3 Shapes","floor":38.0,"turns":4.0},{"damage":0.0,"enemies":"Transient","floor":39.0,"turns":6.0},{"damage":0.0,"enemies":"Spire Growth","floor":40.0,"turns":3.0},{"damage":0.0,"enemies":"Reptomancer","floor":41.0,"turns":4.0},{"damage":0.0,"enemies":"Writhing Mass","floor":42.0,"turns":4.0},{"damage":0,"enemies":"Nemesis","floor":44,"turns":3},{"damage":0,"enemies":"Reptomancer","floor":46,"turns":4},{"damage":4,"enemies":"Awakened One","floor":50,"turns":11},{"damage":0,"enemies":"Donu and Deca","floor":51,"turns":3}],"seed_played":"6665621052123166490","potions_obtained":[{"floor":7.0,"key":"Regen Potion"},{"floor":12.0,"key":"GamblersBrew"},{"floor":13.0,"key":"Energy Potion"},{"floor":16.0,"key":"SkillPotion"},{"floor":21.0,"key":"SneckoOil"},{"floor":38.0,"key":"Explosive Potion"},{"floor":41.0,"key":"Swift Potion"}],"is_trial":false,"path_per_floor":["M","?","?","M","T","R","E","R","T","R","E","E","M","?","R","B",null,"M","?","?","M","M","R","M","E","T","R","E","R","$","$","R","B",null,"M","$","?","M","M","M","E","M","T","E","R","E","?","$","R","B","B",null],"character_chosen":"THE_SILENT","items_purchased":["Blur","Well Laid Plans","Catalyst","Catalyst","DollysMirror"],"campfire_rested":2,"item_purchase_floors":[30,31,31,48,48],"current_hp_per_floor":[55,55,37,28,28,47,32,32,32,32,27,27,27,27,46,35,58,56,56,33,28,28,28,28,28,28,28,28,28,28,28,28,26,31,31,31,31,31,31,31,31,31,31,31,31,31,31,31,31,27,27],"gold":26,"neow_bonus":"THREE_RARE_CARDS","is_prod":false,"is_daily":false,"chose_seed":false,"campfire_upgraded":8,"win_rate":0,"timestamp":1549620153,"path_taken":["M","?","?","M","?","R","E","R","T","R","E","E","M","?","R","BOSS","M","?","?","M","M","R","M","E","T","R","E","R","$","$","R","BOSS","M","$","?","M","M","M","E","M","T","E","R","E","?","$","R","BOSS","BOSS"],"build_version":"2019-02-06","purchased_purges":4,"victory":true,"max_hp_per_floor":[66,66,66,66,66,66,66,66,66,66,66,66,66,66,66,66,66,66,66,33,33,33,33,33,33,33,33,33,33,33,33,33,33,33,33,33,33,33,33,33,33,33,33,33,33,33,33,33,33,33,33],"card_choices":[{"not_picked":["Doppelganger","After Image"],"picked":"Corpse Explosion","floor":0.0},{"not_picked":["Underhanded Strike","PiercingWail","Blade Dance"],"picked":"SKIP","floor":1.0},{"not_picked":["Tactician","Reflex"],"picked":"Noxious Fumes","floor":4.0},{"not_picked":["Predator","Choke"],"picked":"Bane","floor":7.0},{"not_picked":["Backflip","Sucker Punch","Accuracy"],"picked":"SKIP","floor":11.0},{"not_picked":["Reflex","Eviscerate","Acrobatics"],"picked":"SKIP","floor":12.0},{"not_picked":["Reflex","Eviscerate","Acrobatics"],"picked":"SKIP","floor":12.0},{"not_picked":["Bane","Flying Knee","Dagger Spray"],"picked":"SKIP","floor":13.0},{"not_picked":["Outmaneuver","Backflip"],"picked":"Poisoned Stab","floor":14.0},{"not_picked":["Concentrate","Deadly Poison","Blade Dance"],"picked":"SKIP","floor":18.0},{"not_picked":["Dagger Throw","Caltrops","Tactician"],"picked":"SKIP","floor":21.0},{"not_picked":["Deflect","Tactician+1","Underhanded Strike"],"picked":"SKIP","floor":22.0},{"not_picked":["Quick Slash","Leg Sweep"],"picked":"PiercingWail","floor":24.0},{"not_picked":["Sucker Punch","Storm of Steel","Underhanded Strike"],"picked":"SKIP","floor":25.0},{"not_picked":["Dagger Throw","Setup","Bullet Time"],"picked":"SKIP","floor":28.0},{"not_picked":["Flechettes","Riddle With Holes"],"picked":"Catalyst+1","floor":35.0},{"not_picked":["Infinite Blades","Dodge and Roll","Underhanded Strike"],"picked":"SKIP","floor":38.0},{"not_picked":["Dagger Spray+1","Cloak And Dagger","Accuracy"],"picked":"SKIP","floor":39.0},{"not_picked":["Poisoned Stab","Blade Dance","Corpse Explosion"],"picked":"SKIP","floor":40.0},{"not_picked":["Blade Dance","Outmaneuver+1"],"picked":"Crippling Poison","floor":41.0},{"not_picked":["Prepared","PiercingWail","Cloak And Dagger"],"picked":"SKIP","floor":42.0},{"not_picked":["Cloak And Dagger","Dodge and Roll","Outmaneuver"],"picked":"SKIP","floor":44},{"not_picked":["Cloak And Dagger","Outmaneuver"],"picked":"Dodge and Roll","floor":44},{"not_picked":["Sucker Punch","Quick Slash","After Image"],"picked":"SKIP","floor":46},{"not_picked":["Sucker Punch","Quick Slash"],"picked":"After Image","floor":46}],"player_experience":2924946,"relics_obtained":[{"floor":5.0,"key":"Anchor"},{"floor":7.0,"key":"PreservedInsect"},{"floor":11.0,"key":"WingedGreaves"},{"floor":12.0,"key":"Thread and Needle"},{"floor":14.0,"key":"Odd Mushroom"},{"floor":25.0,"key":"Smiling Mask"},{"floor":26.0,"key":"Meat on the Bone"},{"floor":28.0,"key":"Vajra"},{"floor":41.0,"key":"Dream Catcher"},{"floor":44,"key":"Oddly Smooth Stone"},{"floor":46,"key":"Ice Cream"}],"event_choices":[{"damage_healed":0.0,"max_hp_gain":0.0,"max_hp_loss":0.0,"gold_gain":0.0,"event_name":"Living Wall","player_choice":"Grow","floor":2.0,"gold_loss":0.0,"damage_taken":0.0,"cards_upgraded":["Corpse Explosion"]},{"damage_healed":0.0,"max_hp_gain":0.0,"max_hp_loss":0.0,"gold_gain":0.0,"event_name":"Scrap Ooze","player_choice":"Success","floor":3.0,"gold_loss":0.0,"damage_taken":18.0,"relics_obtained":["Gambling Chip"]},{"damage_healed":0.0,"max_hp_gain":0.0,"max_hp_loss":0.0,"gold_gain":0.0,"event_name":"Mushrooms","player_choice":"Fought Mushrooms","floor":14.0,"gold_loss":0.0,"damage_taken":0.0},{"damage_healed":0.0,"max_hp_gain":0.0,"max_hp_loss":0.0,"gold_gain":0.0,"event_name":"The Mausoleum","player_choice":"Opened","floor":19.0,"gold_loss":0.0,"damage_taken":0.0,"relics_obtained":["Regal Pillow"],"cards_obtained":["Writhe"]},{"damage_healed":0.0,"max_hp_gain":0.0,"max_hp_loss":33.0,"gold_gain":0.0,"event_name":"Ghosts","player_choice":"Became a Ghost","floor":20.0,"gold_loss":0.0,"damage_taken":0.0,"cards_obtained":["Ghostly","Ghostly","Ghostly"]},{"cards_removed":["Defend_G"],"damage_healed":0.0,"max_hp_gain":0.0,"max_hp_loss":0.0,"gold_gain":0.0,"event_name":"Falling","player_choice":"Removed Skill","floor":37.0,"gold_loss":0.0,"damage_taken":0.0},{"damage_healed":0,"gold_gain":0,"player_choice":"Ignored","damage_taken":0,"max_hp_gain":0,"max_hp_loss":0,"event_name":"Tomb of Lord Red Mask","floor":47,"gold_loss":0}],"is_beta":true,"boss_relics":[{"not_picked":["Ring of the Serpent","Empty Cage"],"picked":"Cursed Key"},{"not_picked":["Calling Bell","Eternal Feather"],"picked":"Runic Pyramid"}],"items_purged_floors":[30,31,36,48],"is_endless":false,"potions_floor_spawned":[7,12,13,16,21,38,41,42,46],"ascension_level":20}