{"gold_per_floor":[19,35,35,52,52,83,83,110,155,155,168,182,192,225,225,323,323,336,336,336,347,367,401,401,433,433,453,471,503,521,535,535,635,685,703,554,554,99,114,114,139,139,220,231,249,54,54,66,66,66],"floor_reached":51,"playtime":4138,"items_purged":["Defend_B","Defend_B"],"score":847,"play_id":"b9def1fb-99e6-4192-85f1-c01d7f474243","local_time":"20190121221921","is_ascension_mode":true,"campfire_choices":[{"data":"Rebound","floor":7,"key":"SMITH"},{"floor":10,"key":"REST"},{"data":"Steam","floor":15,"key":"SMITH"},{"data":"Coolheaded","floor":24,"key":"SMITH"},{"floor":32,"key":"REST"},{"data":"Hologram","floor":40,"key":"SMITH"},{"data":"Streamline","floor":47,"key":"SMITH"},{"floor":49,"key":"REST"}],"neow_cost":"NO_GOLD","seed_source_timestamp":7778971592815,"circlet_count":0,"master_deck":["Strike_B","Strike_B","Strike_B","Strike_B+1","Defend_B+1","Defend_B","Zap+1","Dualcast","Rebound+1","Leap","Steam+1","Leap","Sweeping Beam","Coolheaded+1","Steam","Gash","Ball Lightning","Sweeping Beam","Ball Lightning+1","Hologram+1","Gash","Sweeping Beam","Leap+1","Writhe","Streamline+1","Go for the Eyes","Steam+1"],"relics":["Cracked Core","Sundial","Ancient Tea Set","Bag of Preparation","Pen Nib","Busted Crown","MutagenicStrength","Du-Vu Doll","Singing Bowl","Mercury Hourglass","Shuriken","Tiny House","Mango","Cables","Bottled Flame","Bronze Scales"],"potions_floor_usage":[6,13,14,16,20,21,22,25,27,30,39,41],"damage_taken":[{"damage":0,"enemies":"Cultist","floor":1,"turns":4},{"damage":6,"enemies":"Jaw Worm","floor":2,"turns":3},{"damage":0,"enemies":"Small Slimes","floor":4,"turns":3},{"damage":13,"enemies":"3 Sentries","floor":6,"turns":7},{"damage":27,"enemies":"Gremlin Nob","floor":8,"turns":5},{"damage":0,"enemies":"Red Slaver","floor":11,"turns":2},{"damage":2,"enemies":"Looter","floor":12,"turns":3},{"damage":2,"enemies":"Large Slime","floor":13,"turns":4},{"damage":11,"enemies":"3 Sentries","floor":14,"turns":6},{"damage":24,"enemies":"Hexaghost","floor":16,"turns":11},{"damage":2,"enemies":"2 Thieves","floor":18,"turns":4},{"damage":2,"enemies":"3 Byrds","floor":21,"turns":4},{"damage":9,"enemies":"Shelled Parasite and Fungi","floor":22,"turns":7},{"damage":21,"enemies":"Slavers","floor":23,"turns":8},{"damage":7,"enemies":"Gremlin Leader","floor":25,"turns":5},{"damage":0,"enemies":"3 Cultists","floor":27,"turns":4},{"damage":6,"enemies":"Snake Plant","floor":28,"turns":4},{"damage":18,"enemies":"Slavers","floor":29,"turns":4},{"damage":0,"enemies":"Sentry and Sphere","floor":30,"turns":3},{"damage":0,"enemies":"Centurion and Healer","floor":31,"turns":4},{"damage":38,"enemies":"Automaton","floor":33,"turns":7},{"damage":0,"enemies":"Orb Walker","floor":35,"turns":2},{"damage":15,"enemies":"3 Darklings","floor":39,"turns":3},{"damage":43,"enemies":"Nemesis","floor":41,"turns":7},{"damage":0,"enemies":"4 Shapes","floor":44,"turns":4},{"damage":0,"enemies":"Maw","floor":45,"turns":6},{"damage":31,"enemies":"Jaw Worm Horde","floor":48,"turns":3},{"damage":88,"enemies":"Awakened One","floor":50,"turns":12}],"seed_played":"6787225371981466430","potions_obtained":[{"floor":4,"key":"Explosive Potion"},{"floor":8,"key":"Strength Potion"},{"floor":13,"key":"GamblersBrew"},{"floor":14,"key":"FearPotion"},{"floor":20,"key":"SmokeBomb"},{"floor":20,"key":"Fruit Juice"},{"floor":20,"key":"PowerPotion"},{"floor":21,"key":"Fruit Juice"},{"floor":23,"key":"FocusPotion"},{"floor":25,"key":"Regen Potion"},{"floor":29,"key":"Block Potion"},{"floor":31,"key":"Poison Potion"},{"floor":33,"key":"GamblersBrew"},{"floor":34,"key":"Regen Potion"},{"floor":35,"key":"AttackPotion"},{"floor":44,"key":"SteroidPotion"},{"floor":45,"key":"Regen Potion"},{"floor":48,"key":"Fire Potion"}],"is_trial":false,"path_per_floor":["M","M","?","M","?","E","R","E","T","R","M","M","M","E","R","B",null,"M","?","?","M","M","E","R","E","T","M","M","E","M","M","R","B",null,"M","$","?","$","M","R","E","?","T","M","M","$","R","M","R","B",null],"character_chosen":"DEFECT","items_purchased":["Hologram","Gash","Mango","Sweeping Beam","Bronze Scales","Go for the Eyes"],"campfire_rested":3,"item_purchase_floors":[36,36,38,38,46,46],"current_hp_per_floor":[89,83,65,65,65,52,52,25,25,51,51,49,47,36,36,12,89,87,87,92,95,86,65,65,60,60,74,70,54,56,58,91,55,120,122,122,124,138,123,123,94,129,129,131,131,131,131,100,142,54],"gold":66,"neow_bonus":"TWENTY_PERCENT_HP_BONUS","is_prod":false,"is_daily":false,"chose_seed":false,"campfire_upgraded":5,"win_rate":0,"timestamp":1548087561,"path_taken":["M","?","?","M","?","E","R","E","T","R","?","M","M","E","R","BOSS","M","?","?","M","?","E","R","E","T","?","M","E","M","M","R","BOSS","M","$","?","$","M","R","E","?","T","M","M","?","R","M","R","BOSS"],"build_version":"2019-01-17v2","purchased_purges":2,"victory":true,"max_hp_per_floor":[89,89,89,89,89,89,89,89,89,89,89,89,89,89,89,89,89,89,89,94,99,99,99,99,101,101,103,105,107,109,111,111,113,120,122,122,124,138,138,138,140,140,140,142,142,142,142,142,142,142],"card_choices":[{"not_picked":["Heatsinks","Steam"],"picked":"Rebound","floor":1},{"not_picked":["Rebound","Barrage"],"picked":"Leap","floor":2},{"not_picked":["Leap","Compile Driver"],"picked":"Steam","floor":4},{"not_picked":["Turbo","Barrage"],"picked":"Leap","floor":6},{"not_picked":["Go for the Eyes","Beam Cell"],"picked":"Sweeping Beam","floor":8},{"not_picked":["Steam","Fusion"],"picked":"Coolheaded","floor":11},{"not_picked":["White Noise","Turbo"],"picked":"Steam","floor":12},{"not_picked":["Redo","Defragment"],"picked":"Gash","floor":13},{"not_picked":["Undo","Aggregate"],"picked":"Ball Lightning","floor":14},{"not_picked":["Scrape"],"picked":"SKIP","floor":18},{"not_picked":["Barrage"],"picked":"SKIP","floor":21},{"not_picked":[],"picked":"Sweeping Beam","floor":22},{"not_picked":[],"picked":"Ball Lightning","floor":23},{"not_picked":["Undo+1"],"picked":"Singing Bowl","floor":25},{"not_picked":["Sweeping Beam+1"],"picked":"Singing Bowl","floor":27},{"not_picked":["Ball Lightning"],"picked":"Singing Bowl","floor":28},{"not_picked":["Turbo"],"picked":"Singing Bowl","floor":29},{"not_picked":["Turbo"],"picked":"Singing Bowl","floor":30},{"not_picked":["Beam Cell"],"picked":"Singing Bowl","floor":31},{"not_picked":["Amplify"],"picked":"Singing Bowl","floor":33},{"not_picked":["Ball Lightning"],"picked":"Singing Bowl","floor":34},{"not_picked":["Aggregate"],"picked":"Singing Bowl","floor":35},{"not_picked":["Enlightenment"],"picked":"Singing Bowl","floor":37},{"not_picked":[],"picked":"Leap+1","floor":39},{"not_picked":["Meteor Strike"],"picked":"Singing Bowl","floor":41},{"not_picked":["Turbo"],"picked":"Singing Bowl","floor":44},{"not_picked":[],"picked":"Streamline","floor":45},{"not_picked":[],"picked":"Steam+1","floor":48}],"player_experience":622395,"relics_obtained":[{"floor":6,"key":"Sundial"},{"floor":8,"key":"Ancient Tea Set"},{"floor":9,"key":"Bag of Preparation"},{"floor":14,"key":"Pen Nib"},{"floor":23,"key":"Du-Vu Doll"},{"floor":25,"key":"Singing Bowl"},{"floor":26,"key":"Mercury Hourglass"},{"floor":29,"key":"Shuriken"},{"floor":41,"key":"Cables"},{"floor":43,"key":"Bottled Flame"}],"event_choices":[{"damage_healed":0,"gold_gain":0,"player_choice":"Entered Light","damage_taken":18,"max_hp_gain":0,"max_hp_loss":0,"event_name":"Shining Light","floor":3,"gold_loss":0,"cards_upgraded":["Defend_B","Strike_B"]},{"damage_healed":0,"gold_gain":0,"player_choice":"Upgraded","damage_taken":0,"max_hp_gain":0,"max_hp_loss":0,"event_name":"Upgrade Shrine","floor":5,"gold_loss":0,"cards_upgraded":["Zap"]},{"damage_healed":0,"gold_gain":0,"player_choice":"Inject Mutagens","damage_taken":0,"relics_obtained":["MutagenicStrength"],"max_hp_gain":0,"max_hp_loss":0,"event_name":"Drug Dealer","floor":19,"gold_loss":0},{"damage_healed":0,"gold_gain":0,"player_choice":"Got Potions","damage_taken":0,"max_hp_gain":0,"max_hp_loss":0,"event_name":"Lab","floor":20,"gold_loss":0},{"damage_healed":0,"gold_gain":0,"player_choice":"Memory 1","damage_taken":0,"max_hp_gain":0,"max_hp_loss":0,"event_name":"SensoryStone","floor":37,"gold_loss":0},{"damage_healed":35,"gold_gain":0,"player_choice":"Writhe","damage_taken":0,"max_hp_gain":0,"max_hp_loss":0,"event_name":"Winding Halls","floor":42,"gold_loss":0,"cards_obtained":["Writhe"]}],"is_beta":false,"boss_relics":[{"not_picked":["Pandora\u0027s Box","Astrolabe"],"picked":"Busted Crown"},{"not_picked":["Nuclear Battery","Philosopher\u0027s Stone"],"picked":"Tiny House"}],"items_purged_floors":[36,38],"is_endless":false,"potions_floor_spawned":[4,8,13,14,21,23,25,29,31,33,35,44,45,48],"ascension_level":1}