{"gold_per_floor":[118,132,146,163,176,31,31,62,118,118],"floor_reached":10,"playtime":759,"items_purged":[],"score":70,"play_id":"4b9075a2-c5fe-447e-bb9c-b8a4efe89cf9","local_time":"20190201161414","is_ascension_mode":false,"campfire_choices":[],"neow_cost":"NONE","seed_source_timestamp":16451865041222,"circlet_count":0,"master_deck":["Strike_R","Strike_R","Strike_R","Strike_R","Defend_R","Defend_R","Defend_R","Defend_R","Bash","Battle Trance","Inflame","Headbutt","Seeing Red","Armaments"],"relics":["Burning Blood","Art of War","Blue Candle","Tiny Chest"],"potions_floor_usage":[8,10,10],"damage_taken":[{"damage":10,"enemies":"Small Slimes","floor":1,"turns":4},{"damage":5,"enemies":"Cultist","floor":2,"turns":4},{"damage":8,"enemies":"Jaw Worm","floor":3,"turns":4},{"damage":30,"enemies":"Exordium Thugs","floor":4,"turns":4},{"damage":11,"enemies":"Exordium Wildlife","floor":5,"turns":5},{"damage":44,"enemies":"3 Sentries","floor":8,"turns":7},{"damage":50,"enemies":"Gremlin Nob","floor":10,"turns":4}],"seed_played":"7009833964566195850","potions_obtained":[{"floor":4,"key":"AttackPotion"},{"floor":5,"key":"PowerPotion"},{"floor":8,"key":"AttackPotion"}],"is_trial":false,"path_per_floor":["M","M","M","M","M","$","?","E","T","E"],"character_chosen":"IRONCLAD","items_purchased":["Art of War"],"campfire_rested":0,"item_purchase_floors":[6],"current_hp_per_floor":[84,85,83,59,54,54,54,16,16,0],"gold":118,"neow_bonus":"TEN_PERCENT_HP_BONUS","is_prod":false,"is_daily":false,"chose_seed":false,"campfire_upgraded":0,"win_rate":0,"timestamp":1549066454,"path_taken":["M","M","M","M","M","$","?","E","T","E"],"build_version":"2019-01-23","purchased_purges":0,"victory":false,"max_hp_per_floor":[88,88,88,88,88,88,88,88,88,88],"card_choices":[{"not_picked":["Thunderclap","True Grit"],"picked":"Battle Trance","floor":1},{"not_picked":["Anger","Cleave"],"picked":"Inflame","floor":2},{"not_picked":["Searing Blow","Clash","Carnage"],"picked":"SKIP","floor":3},{"not_picked":["Warcry","Anger"],"picked":"Headbutt","floor":4},{"not_picked":["Clothesline","Perfected Strike","Twin Strike"],"picked":"SKIP","floor":5},{"not_picked":["Rage","Battle Trance"],"picked":"Armaments","floor":8}],"player_experience":230834,"relics_obtained":[{"floor":8,"key":"Blue Candle"},{"floor":9,"key":"Tiny Chest"}],"event_choices":[{"damage_healed":0,"gold_gain":0,"cards_transformed":["Strike_R"],"player_choice":"Transformed","damage_taken":0,"max_hp_gain":0,"max_hp_loss":0,"event_name":"Transmorgrifier","floor":7,"gold_loss":0,"cards_obtained":["Seeing Red"]}],"is_beta":false,"boss_relics":[],"items_purged_floors":[],"is_endless":false,"potions_floor_spawned":[4,5,8],"killed_by":"Gremlin Nob","ascension_level":0}