{"gold_per_floor":[114,132,142,156,156,156,156,175,175,175,195,195,145,172,172,172],"floor_reached":16,"playtime":1154,"items_purged":[],"score":122,"play_id":"e2424b8b-8fc6-49d6-ac8f-8cff2ecb5195","local_time":"20190127195311","is_ascension_mode":true,"campfire_choices":[{"data":"Neutralize","floor":6,"key":"SMITH"},{"floor":10,"key":"REST"},{"data":"Well Laid Plans","floor":12,"key":"SMITH"},{"data":"Leg Sweep","floor":15,"key":"SMITH"}],"neow_cost":"PERCENT_DAMAGE","seed_source_timestamp":20205164708791,"circlet_count":0,"master_deck":["Defend_G","Defend_G","Defend_G","Defend_G","Defend_G","Strike_G","Strike_G","Strike_G+1","Survivor","Neutralize+1","Well Laid Plans+1","Quick Slash+1","Masterful Stab","Flying Knee","Dodge and Roll","Acrobatics","Leg Sweep+1"],"relics":["Ring of the Snake","Gambling Chip","Meat on the Bone","Anchor"],"potions_floor_usage":[14],"damage_taken":[{"damage":7,"enemies":"Jaw Worm","floor":1,"turns":6},{"damage":0,"enemies":"Small Slimes","floor":2,"turns":3},{"damage":0,"enemies":"2 Louse","floor":3,"turns":3},{"damage":20,"enemies":"Gremlin Gang","floor":4,"turns":7},{"damage":0,"enemies":"2 Fungi Beasts","floor":8,"turns":2},{"damage":0,"enemies":"Looter","floor":11,"turns":2},{"damage":1,"enemies":"3 Sentries","floor":14,"turns":7},{"damage":40,"enemies":"Hexaghost","floor":16,"turns":16}],"seed_played":"-3481467792460050460","potions_obtained":[{"floor":2,"key":"Swift Potion"},{"floor":4,"key":"LiquidBronze"}],"is_trial":false,"path_per_floor":["M","M","M","M","?","R","?","M","T","R","M","R","?","E","R","B"],"character_chosen":"THE_SILENT","items_purchased":[],"campfire_rested":1,"item_purchase_floors":[],"current_hp_per_floor":[42,42,42,22,22,22,8,8,8,29,41,41,41,40,40,0],"gold":172,"neow_bonus":"ONE_RARE_RELIC","is_prod":false,"is_daily":false,"chose_seed":false,"campfire_upgraded":3,"win_rate":0,"timestamp":1548597191,"path_taken":["M","M","M","M","?","R","?","M","T","R","M","R","?","E","R","BOSS"],"build_version":"2019-01-23","purchased_purges":0,"victory":false,"max_hp_per_floor":[70,70,70,70,70,70,70,70,70,70,70,70,70,70,70,70],"card_choices":[{"not_picked":["Dagger Throw","Cloak And Dagger"],"picked":"Well Laid Plans","floor":1},{"not_picked":["Flechettes","Backflip"],"picked":"Quick Slash","floor":2},{"not_picked":["Underhanded Strike","Expertise"],"picked":"Masterful Stab","floor":3},{"not_picked":["Deflect","Flechettes"],"picked":"Flying Knee","floor":4},{"not_picked":["Deadly Poison","Poisoned Stab"],"picked":"Dodge and Roll","floor":8},{"not_picked":["Accuracy","Riddle With Holes"],"picked":"Acrobatics","floor":11},{"not_picked":["Dash","Deflect"],"picked":"Leg Sweep","floor":14}],"player_experience":671322,"relics_obtained":[{"floor":9,"key":"Meat on the Bone"},{"floor":14,"key":"Anchor"}],"event_choices":[{"cards_removed":["Strike_G"],"damage_healed":0,"gold_gain":0,"player_choice":"Forget","damage_taken":0,"max_hp_gain":0,"max_hp_loss":0,"event_name":"Living Wall","floor":5,"gold_loss":0},{"damage_healed":0,"gold_gain":0,"player_choice":"Entered Light","damage_taken":14,"max_hp_gain":0,"max_hp_loss":0,"event_name":"Shining Light","floor":7,"gold_loss":0,"cards_upgraded":["Quick Slash","Strike_G"]},{"cards_removed":["Strike_G"],"damage_healed":0,"gold_gain":0,"player_choice":"Card Removal","damage_taken":0,"max_hp_gain":0,"max_hp_loss":0,"event_name":"The Cleric","floor":13,"gold_loss":50}],"is_beta":false,"boss_relics":[],"items_purged_floors":[],"is_endless":false,"potions_floor_spawned":[2,4],"killed_by":"Hexaghost","ascension_level":4}