{"gold_per_floor":[99,99,99,99,99,99,99,99,99,99,99],"floor_reached":11,"playtime":275,"items_purged":[],"score":138,"play_id":"57bbf05a-8ad1-4d7a-a3b0-0f767925fb23","local_time":"20190201172725","is_ascension_mode":true,"campfire_choices":[{"data":"Neutralize","floor":6.0,"key":"SMITH"},{"data":"Dodge and Roll","floor":8.0,"key":"SMITH"}],"neow_cost":"NONE","seed_source_timestamp":108119957870188,"circlet_count":0,"master_deck":["AscendersBane","Defend_G","Defend_G","Defend_G","Defend_G","Defend_G","Strike_G","Strike_G","Strike_G","Strike_G","Strike_G","Survivor","Neutralize+1","Deadly Poison","Deadly Poison","Deadly Poison","Dodge and Roll+1"],"special_seed":0,"relics":["Ectoplasm","FaceOfCleric","WarpedTongs","Anchor","Boot"],"potions_floor_usage":[],"damage_taken":[{"damage":0.0,"enemies":"Small Slimes","floor":1.0,"turns":4.0},{"damage":0.0,"enemies":"Cultist","floor":3.0,"turns":3.0},{"damage":2.0,"enemies":"2 Louse","floor":5.0,"turns":3.0},{"damage":13.0,"enemies":"Lagavulin","floor":7.0,"turns":6.0},{"damage":54,"enemies":"Gremlin Nob","floor":11,"turns":4}],"seed_played":"695547084384751352","potions_obtained":[{"floor":3.0,"key":"Fruit Juice"}],"is_trial":false,"path_per_floor":["M","?","M","?","M","R","E","R","T","?","E"],"character_chosen":"THE_SILENT","items_purchased":[],"campfire_rested":0,"item_purchase_floors":[],"current_hp_per_floor":[59,59,65,65,64,64,52,52,52,45,0],"gold":99,"neow_bonus":"BOSS_RELIC","is_prod":false,"is_daily":false,"chose_seed":false,"campfire_upgraded":2,"win_rate":0,"timestamp":1549042045,"path_taken":["M","?","?","?","?","R","E","R","T","?","E"],"build_version":"2019-01-23","purchased_purges":0,"victory":false,"max_hp_per_floor":[66,66,72,72,73,73,74,74,74,74,74],"card_choices":[{"not_picked":["Quick Slash","Riddle With Holes"],"picked":"Deadly Poison","floor":1.0},{"not_picked":["Dagger Throw","Blade Dance"],"picked":"Deadly Poison","floor":3.0},{"not_picked":["Finisher","Bouncing Flask"],"picked":"Deadly Poison","floor":5.0},{"not_picked":["Riddle With Holes","Venomology"],"picked":"Dodge and Roll","floor":7.0}],"player_experience":1257601,"relics_obtained":[{"floor":7.0,"key":"Anchor"},{"floor":9.0,"key":"Boot"}],"event_choices":[{"damage_healed":0.0,"max_hp_gain":0.0,"max_hp_loss":0.0,"gold_gain":0.0,"event_name":"FaceTrader","player_choice":"Trade","floor":2.0,"gold_loss":0.0,"damage_taken":0.0,"relics_obtained":["FaceOfCleric"]},{"damage_healed":0.0,"max_hp_gain":0.0,"max_hp_loss":0.0,"gold_gain":0.0,"event_name":"Accursed Blacksmith","player_choice":"Rummage","floor":4.0,"gold_loss":0.0,"damage_taken":0.0,"relics_obtained":["WarpedTongs"],"cards_obtained":["Pain"]},{"cards_removed":["Pain"],"damage_healed":0.0,"max_hp_gain":0.0,"max_hp_loss":0.0,"gold_gain":0.0,"event_name":"Golden Wing","player_choice":"Card Removal","floor":10.0,"gold_loss":0.0,"damage_taken":7.0}],"is_beta":false,"boss_relics":[],"items_purged_floors":[],"is_endless":false,"potions_floor_spawned":[3],"killed_by":"Gremlin Nob","ascension_level":19}