{"gold_per_floor":[113,130,130,20,20,49,49,69,122,148,168,181,181,199,199,298,298,315,240,240,240,240,275,285,301,301,326,344,375,385,95,95,191,191,204,204,78,155,230,230,263,263,263,290,301,7,17,37,37,37],"floor_reached":50,"playtime":3972,"items_purged":["Injury","Pain","Doubt"],"score":620,"play_id":"6e31748b-ecaa-4721-807e-60f9493048df","local_time":"20190131230548","is_ascension_mode":false,"campfire_choices":[{"data":"Shockwave","floor":7,"key":"SMITH"},{"floor":15,"key":"REST"},{"floor":32,"key":"RECALL"},{"data":"Ghostly","floor":40,"key":"SMITH"},{"data":"Ghostly","floor":42,"key":"SMITH"},{"data":"Ghostly","floor":49,"key":"SMITH"}],"neow_cost":"CURSE","seed_source_timestamp":172227538520885,"circlet_count":0,"master_deck":["Strike_R+1","Strike_R+1","Strike_R","Strike_R","Defend_R","Defend_R","Defend_R","Defend_R","Bash","Inflame","Shockwave+1","Metallicize","Uppercut","Battle Trance","Offering","Havoc+1","Ghostly+1","Ghostly+1","Ghostly+1","Ghostly","Ghostly","Pommel Strike","Pommel Strike","Impervious","Pommel Strike+1","Shrug It Off","Armaments+1","Shrug It Off","Injury","True Grit+1","Parasite","Feel No Pain+1","Dropkick","Apotheosis","Havoc+1"],"relics":["Burning Blood","Bird Faced Urn","Blood Vial","Ginger","Bag of Preparation","Bag of Marbles","Omamori","Cursed Key","Ancient Tea Set","Anchor","Darkstone Periapt","Singing Bowl","Gremlin Horn","Calling Bell","Vajra","Matryoshka","Turnip","Tiny Chest","Bronze Scales","Ornamental Fan","Art of War","Boot"],"potions_floor_usage":[10,14,14,16,23,33,33,33,33,33,33,41,41,48,50,50],"damage_taken":[{"damage":1,"enemies":"2 Louse","floor":1,"turns":3},{"damage":6,"enemies":"Jaw Worm","floor":2,"turns":3},{"damage":23,"enemies":"Gremlin Nob","floor":6,"turns":4},{"damage":5,"enemies":"Small Slimes","floor":8,"turns":3},{"damage":38,"enemies":"3 Sentries","floor":10,"turns":7},{"damage":14,"enemies":"Looter","floor":11,"turns":2},{"damage":9,"enemies":"3 Louse","floor":12,"turns":4},{"damage":4,"enemies":"Exordium Thugs","floor":14,"turns":3},{"damage":41,"enemies":"Slime Boss","floor":16,"turns":18},{"damage":18,"enemies":"3 Byrds","floor":18,"turns":6},{"damage":5,"enemies":"Book of Stabbing","floor":23,"turns":6},{"damage":6,"enemies":"Spheric Guardian","floor":24,"turns":4},{"damage":6,"enemies":"Cultist and Chosen","floor":25,"turns":6},{"damage":4,"enemies":"Gremlin Leader","floor":27,"turns":6},{"damage":1,"enemies":"Snake Plant","floor":28,"turns":4},{"damage":2,"enemies":"Book of Stabbing","floor":29,"turns":5},{"damage":6,"enemies":"Snecko","floor":30,"turns":5},{"damage":32,"enemies":"Automaton","floor":33,"turns":11},{"damage":15,"enemies":"3 Darklings","floor":35,"turns":6},{"damage":4,"enemies":"Reptomancer","floor":41,"turns":5},{"damage":48,"enemies":"Nemesis","floor":44,"turns":9},{"damage":1,"enemies":"3 Shapes","floor":45,"turns":5},{"damage":0,"enemies":"Transient","floor":47,"turns":5},{"damage":1,"enemies":"Writhing Mass","floor":48,"turns":5},{"damage":75,"enemies":"Awakened One","floor":50,"turns":18}],"seed_played":"6104206686003193576","potions_obtained":[{"floor":6,"key":"FearPotion"},{"floor":10,"key":"SkillPotion"},{"floor":11,"key":"SteroidPotion"},{"floor":12,"key":"BloodPotion"},{"floor":16,"key":"SkillPotion"},{"floor":23,"key":"Ancient Potion"},{"floor":25,"key":"SpeedPotion"},{"floor":27,"key":"Block Potion"},{"floor":30,"key":"EntropicBrew"},{"floor":33,"key":"FearPotion"},{"floor":36,"key":"SkillPotion"},{"floor":36,"key":"Dexterity Potion"},{"floor":45,"key":"PowerPotion"},{"floor":47,"key":"SpeedPotion"}],"is_trial":false,"path_per_floor":["M","M","?","$","?","E","R","M","T","E","M","M","?","M","R","B",null,"M","?","?","?","?","E","M","M","T","E","M","E","M","$","R","B",null,"M","?","$","T","?","R","E","R","T","E","M","$","M","M","R","B"],"character_chosen":"IRONCLAD","items_purchased":["Shockwave","Gremlin Horn","Shrug It Off","Shrug It Off","Apotheosis"],"campfire_rested":1,"item_purchase_floors":[4,31,31,37,46],"current_hp_per_floor":[80,80,62,62,62,49,49,52,52,24,20,21,5,19,43,14,80,72,72,72,72,40,40,40,40,40,40,40,42,42,42,42,18,56,51,51,51,57,51,51,59,59,65,29,42,42,56,70,70,0],"gold":37,"neow_bonus":"ONE_RARE_RELIC","is_prod":false,"is_daily":false,"chose_seed":false,"campfire_upgraded":4,"win_rate":0,"timestamp":1549004748,"path_taken":["M","M","?","$","?","E","R","M","T","E","M","?","?","M","R","BOSS","M","?","?","?","?","E","M","M","T","E","M","E","M","?","R","BOSS","M","?","$","?","?","R","E","R","T","E","M","$","?","M","R","BOSS"],"build_version":"2019-01-23","purchased_purges":3,"victory":false,"max_hp_per_floor":[80,80,80,80,80,80,80,80,80,80,80,80,80,80,80,80,80,80,80,80,80,40,40,40,40,40,40,40,42,42,42,42,44,56,56,56,56,62,62,62,62,62,68,68,68,68,68,70,70,70],"card_choices":[{"not_picked":["Perfected Strike","Reckless Charge","Fire Breathing"],"picked":"SKIP","floor":1},{"not_picked":["Armaments","Warcry"],"picked":"Inflame","floor":2},{"not_picked":["Sever Soul","Heavy Blade","Searing Blow"],"picked":"SKIP","floor":6},{"not_picked":["Heavy Blade","Flex","Combust"],"picked":"SKIP","floor":8},{"not_picked":["Perfected Strike","Clash","Anger"],"picked":"SKIP","floor":10},{"not_picked":["Anger","Pommel Strike"],"picked":"Metallicize","floor":11},{"not_picked":["Iron Wave","Anger"],"picked":"Uppercut","floor":12},{"not_picked":["Clash","Combust"],"picked":"Battle Trance","floor":14},{"not_picked":["Juggernaut","Double Tap"],"picked":"Offering","floor":16},{"not_picked":["Feel No Pain","Hemokinesis+1"],"picked":"Havoc+1","floor":18},{"not_picked":["Heavy Blade+1","Carnage+1"],"picked":"Pommel Strike","floor":23},{"not_picked":["Hemokinesis","Power Through+1","Clash"],"picked":"SKIP","floor":24},{"not_picked":["Sword Boomerang","Carnage"],"picked":"Pommel Strike","floor":25},{"not_picked":["Sword Boomerang","Body Slam"],"picked":"Impervious","floor":27},{"not_picked":["Fire Breathing","Warcry","Intimidate"],"picked":"SKIP","floor":28},{"not_picked":["Shockwave","Warcry+1","Clash+1"],"picked":"Singing Bowl","floor":29},{"not_picked":["Reckless Charge","Dual Wield"],"picked":"Pommel Strike+1","floor":30},{"not_picked":["Barricade","Fiend Fire","Immolate"],"picked":"Singing Bowl","floor":33},{"not_picked":["Heavy Blade","Anger"],"picked":"Armaments+1","floor":35},{"not_picked":["Power Through","Sentinel"],"picked":"True Grit+1","floor":41},{"not_picked":["Inflame","Reckless Charge"],"picked":"Feel No Pain+1","floor":44},{"not_picked":["Thunderclap","Warcry"],"picked":"Dropkick","floor":45},{"not_picked":["Clothesline+1","Armaments+1"],"picked":"Havoc+1","floor":47},{"not_picked":["Pommel Strike+1","Pummel+1","Flex"],"picked":"Singing Bowl","floor":48}],"player_experience":216590,"relics_obtained":[{"floor":6,"key":"Bag of Preparation"},{"floor":9,"key":"Bag of Marbles"},{"floor":10,"key":"Omamori"},{"floor":23,"key":"Ancient Tea Set"},{"floor":26,"key":"Anchor"},{"floor":27,"key":"Darkstone Periapt"},{"floor":29,"key":"Singing Bowl"},{"floor":34,"key":"Vajra"},{"floor":34,"key":"Matryoshka"},{"floor":34,"key":"Turnip"},{"floor":38,"key":"Tiny Chest"},{"floor":38,"key":"Bronze Scales"},{"floor":41,"key":"Ornamental Fan"},{"floor":43,"key":"Art of War"},{"floor":44,"key":"Boot"}],"event_choices":[{"damage_healed":0,"gold_gain":0,"player_choice":"Success","damage_taken":18,"relics_obtained":["Blood Vial"],"max_hp_gain":0,"max_hp_loss":0,"event_name":"Scrap Ooze","floor":3,"gold_loss":0},{"damage_healed":0,"gold_gain":0,"player_choice":"Box","damage_taken":0,"relics_obtained":["Ginger"],"max_hp_gain":0,"max_hp_loss":0,"event_name":"Big Fish","floor":5,"gold_loss":0,"cards_obtained":["Regret"]},{"damage_healed":0,"gold_gain":0,"player_choice":"Entered Light","damage_taken":16,"max_hp_gain":0,"max_hp_loss":0,"event_name":"Shining Light","floor":13,"gold_loss":0,"cards_upgraded":["Strike_R","Strike_R"]},{"cards_removed":["Regret"],"damage_healed":0,"gold_gain":0,"player_choice":"Gave Gold","damage_taken":0,"max_hp_gain":0,"max_hp_loss":0,"event_name":"Beggar","floor":19,"gold_loss":75},{"cards_removed":["Strike_R"],"damage_healed":0,"gold_gain":0,"player_choice":"Elegance","damage_taken":0,"max_hp_gain":0,"max_hp_loss":0,"event_name":"Back to Basics","floor":20,"gold_loss":0},{"damage_healed":0,"gold_gain":0,"player_choice":"Ignored","damage_taken":0,"max_hp_gain":0,"max_hp_loss":0,"event_name":"Vampires","floor":21,"gold_loss":0},{"damage_healed":0,"gold_gain":0,"player_choice":"Became a Ghost","damage_taken":0,"max_hp_gain":0,"max_hp_loss":40,"event_name":"Ghosts","floor":22,"gold_loss":0,"cards_obtained":["Ghostly","Ghostly","Ghostly","Ghostly","Ghostly"]},{"damage_healed":0,"gold_gain":0,"player_choice":"Got Potions","damage_taken":0,"max_hp_gain":0,"max_hp_loss":0,"event_name":"Lab","floor":36,"gold_loss":0},{"damage_healed":0,"gold_gain":75,"player_choice":"Touch","damage_taken":6,"max_hp_gain":0,"max_hp_loss":0,"event_name":"FaceTrader","floor":39,"gold_loss":0}],"is_beta":false,"boss_relics":[{"not_picked":["Tiny House","Eternal Feather"],"picked":"Cursed Key"},{"not_picked":["Philosopher\u0027s Stone","Busted Crown"],"picked":"Calling Bell"}],"items_purged_floors":[4,37,46],"is_endless":false,"potions_floor_spawned":[6,10,11,12,16,23,25,27,30,33,45,47],"killed_by":"Awakened One","ascension_level":0}