{"gold_per_floor":[118,138,45,320,331,359,359,369,369,339,296,314,344,319,319,422,422,439,65,78,94,94],"floor_reached":22,"playtime":902,"items_purged":[],"score":284,"play_id":"eb529dfc-daa3-4573-a3e2-f1a2d3cbc959","local_time":"20190120165910","is_ascension_mode":true,"campfire_choices":[{"floor":15,"key":"REST"}],"neow_cost":"NONE","seed_source_timestamp":24915632963542,"circlet_count":0,"master_deck":["Strike_B","Strike_B","Strike_B","Strike_B","Defend_B","Defend_B","Defend_B","Defend_B","Zap","Dualcast","Chill","Doom and Gloom","Conserve Battery","Ball Lightning","Core Surge","Sunder","Redo","Capacitor","Cold Snap","Echo Form","Glacier+1","Apotheosis","Genetic Algorithm+1","Coolheaded"],"relics":["Cracked Core","NeowsBlessing","Kunai","Ornamental Fan","Symbiotic Virus","Eternal Feather","Lee\u0027s Waffle"],"potions_floor_usage":[6,13,13,18,21],"damage_taken":[{"damage":0,"enemies":"Small Slimes","floor":1,"turns":1},{"damage":0,"enemies":"Cultist","floor":2,"turns":1},{"damage":0,"enemies":"2 Louse","floor":5,"turns":1},{"damage":18,"enemies":"3 Sentries","floor":6,"turns":4},{"damage":7,"enemies":"Red Slaver","floor":8,"turns":2},{"damage":4,"enemies":"Looter","floor":10,"turns":4},{"damage":0,"enemies":"2 Fungi Beasts","floor":12,"turns":2},{"damage":18,"enemies":"Gremlin Nob","floor":13,"turns":4},{"damage":18,"enemies":"The Guardian","floor":16,"turns":10},{"damage":35,"enemies":"2 Thieves","floor":18,"turns":4},{"damage":12,"enemies":"3 Byrds","floor":20,"turns":4},{"damage":22,"enemies":"Snake Plant","floor":21,"turns":5},{"damage":24,"enemies":"Colosseum Slavers","floor":22,"turns":4},{"damage":24,"enemies":"Colosseum Nobs","floor":22,"turns":2}],"seed_played":"3955579303055857023","potions_obtained":[{"floor":1,"key":"Fire Potion"},{"floor":6,"key":"SteroidPotion"},{"floor":12,"key":"PowerPotion"},{"floor":13,"key":"LiquidBronze"},{"floor":20,"key":"SkillPotion"}],"is_trial":false,"path_per_floor":["M","M","$","?","M","E","?","M","T","M","?","M","E","$","R","B",null,"M","$","M","M","?"],"character_chosen":"DEFECT","items_purchased":["Doom and Gloom","Conserve Battery","Cold Snap","Lee\u0027s Waffle","Apotheosis"],"campfire_rested":1,"item_purchase_floors":[3,3,14,19,19],"current_hp_per_floor":[68,68,68,68,68,50,50,43,43,39,39,39,21,21,43,25,63,28,82,70,48,0],"gold":94,"neow_bonus":"THREE_ENEMY_KILL","is_prod":false,"is_daily":false,"chose_seed":false,"campfire_upgraded":0,"win_rate":0,"timestamp":1547981950,"path_taken":["M","M","$","?","?","E","?","M","T","?","?","M","E","$","R","BOSS","M","$","M","M","?"],"build_version":"2019-01-17v2","purchased_purges":0,"victory":false,"max_hp_per_floor":[75,75,75,75,75,75,75,75,75,75,75,75,75,75,75,75,75,75,82,82,82,82],"card_choices":[{"not_picked":["Force Field","Consume"],"picked":"Chill","floor":1},{"not_picked":["Turbo","Reprogram","Blizzard"],"picked":"SKIP","floor":2},{"not_picked":["Barrage","Conserve Battery"],"picked":"Ball Lightning","floor":5},{"not_picked":["Storm","Turbo"],"picked":"Core Surge","floor":6},{"not_picked":["Leap","Stack","Undo"],"picked":"SKIP","floor":8},{"not_picked":["Heatsinks","Compile Driver"],"picked":"Sunder","floor":10},{"not_picked":["Beam Cell","Conserve Battery"],"picked":"Redo","floor":12},{"not_picked":["Gash","Defragment"],"picked":"Capacitor","floor":13},{"not_picked":["Machine Learning","Creative AI"],"picked":"Echo Form","floor":16},{"not_picked":["Barrage","Conserve Battery"],"picked":"Glacier+1","floor":18},{"not_picked":["Tempest","Auto Shields+1"],"picked":"Genetic Algorithm+1","floor":20},{"not_picked":["Hologram","Hyperbeam"],"picked":"Coolheaded","floor":21}],"player_experience":613812,"relics_obtained":[{"floor":6,"key":"Kunai"},{"floor":9,"key":"Ornamental Fan"},{"floor":13,"key":"Symbiotic Virus"}],"event_choices":[{"damage_healed":0,"gold_gain":275,"player_choice":"Desecrate","damage_taken":0,"max_hp_gain":0,"max_hp_loss":0,"event_name":"Golden Shrine","floor":4,"gold_loss":0,"cards_obtained":["Regret"]},{"cards_removed":["Regret"],"damage_healed":0,"gold_gain":0,"player_choice":"Purged","damage_taken":0,"max_hp_gain":0,"max_hp_loss":0,"event_name":"Purifier","floor":7,"gold_loss":0},{"damage_healed":0,"gold_gain":0,"player_choice":"Left Gold","damage_taken":0,"max_hp_gain":0,"max_hp_loss":0,"event_name":"World of Goop","floor":11,"gold_loss":43},{"damage_healed":0,"gold_gain":0,"player_choice":"Fight","damage_taken":0,"max_hp_gain":0,"max_hp_loss":0,"event_name":"Colosseum","floor":22,"gold_loss":0},{"damage_healed":0,"gold_gain":0,"player_choice":"Fought Nobs","damage_taken":0,"max_hp_gain":0,"max_hp_loss":0,"event_name":"Colosseum","floor":22,"gold_loss":0}],"is_beta":false,"boss_relics":[{"not_picked":["White Beast Statue","Tiny House"],"picked":"Eternal Feather"}],"items_purged_floors":[],"is_endless":false,"potions_floor_spawned":[1,6,12,13,20,22],"killed_by":"Colosseum Nobs","ascension_level":9}