{"gold_per_floor":[212,223,398,473,488,522,597,597,623,649,166,166,183,196,196,298,298,313,313],"floor_reached":19,"playtime":1075,"items_purged":["Doubt"],"score":186,"play_id":"d0144c34-7b1b-4edf-9969-4f317724d41b","local_time":"20190206170251","is_ascension_mode":true,"campfire_choices":[{"floor":8,"key":"RECALL"},{"data":"Dark Shackles","floor":12,"key":"SMITH"},{"floor":15,"key":"REST"}],"neow_cost":"NONE","seed_source_timestamp":6864689239843,"circlet_count":0,"master_deck":["Strike_R","Strike_R","Strike_R","Defend_R","Defend_R","Defend_R","Defend_R","Bash","Ghostly Armor","Inflame","Battle Trance","Spot Weakness","Inflame","Dark Shackles+1","Battle Trance","True Grit","Reaper","Flame Barrier"],"relics":["Burning Blood","Juzu Bracelet","Oddly Smooth Stone","Bottled Flame","Gremlin Horn","Empty Cage"],"potions_floor_usage":[5,6,16,16],"damage_taken":[{"damage":6,"enemies":"Cultist","floor":1,"turns":3},{"damage":6,"enemies":"Jaw Worm","floor":2,"turns":4},{"damage":0,"enemies":"Small Slimes","floor":5,"turns":3},{"damage":18,"enemies":"3 Sentries","floor":6,"turns":10},{"damage":36,"enemies":"Lagavulin","floor":10,"turns":6},{"damage":10,"enemies":"Looter","floor":13,"turns":3},{"damage":1,"enemies":"Blue Slaver","floor":14,"turns":5},{"damage":18,"enemies":"Hexaghost","floor":16,"turns":7},{"damage":39,"enemies":"Spheric Guardian","floor":18,"turns":12},{"damage":50,"enemies":"Colosseum Slavers","floor":19,"turns":11},{"damage":65,"enemies":"Colosseum Nobs","floor":19,"turns":4}],"seed_played":"6985159678325789293","potions_obtained":[{"floor":1,"key":"Block Potion"},{"floor":5,"key":"AttackPotion"},{"floor":10,"key":"LiquidBronze"},{"floor":14,"key":"LiquidBronze"}],"is_trial":false,"path_per_floor":["M","M","?","?","M","E","?","R","T","E","$","R","M","M","R","B",null,"M","?"],"character_chosen":"IRONCLAD","items_purchased":["Gremlin Horn","Dark Shackles","Battle Trance"],"campfire_rested":1,"item_purchase_floors":[11,11,11],"current_hp_per_floor":[80,80,80,72,78,66,55,55,55,25,25,25,21,26,50,38,80,47,0],"gold":313,"neow_bonus":"HUNDRED_GOLD","is_prod":false,"is_daily":false,"chose_seed":false,"campfire_upgraded":1,"win_rate":0,"timestamp":1549501371,"path_taken":["M","?","?","?","M","E","?","R","T","E","$","R","M","M","R","BOSS","M","?"],"build_version":"2019-01-23","purchased_purges":1,"victory":false,"max_hp_per_floor":[80,80,80,80,80,80,80,80,80,80,80,80,80,80,80,80,80,80,80],"card_choices":[{"not_picked":["Entrench","Body Slam"],"picked":"Ghostly Armor","floor":1},{"not_picked":["True Grit","Havoc"],"picked":"Inflame","floor":2},{"not_picked":["Inflame","Rupture"],"picked":"Battle Trance","floor":5},{"not_picked":["Burning Pact","Second Wind"],"picked":"Spot Weakness","floor":6},{"not_picked":["Berserk","True Grit"],"picked":"Inflame","floor":10},{"not_picked":["Rupture","Evolve","Anger"],"picked":"SKIP","floor":13},{"not_picked":["Headbutt","Hemokinesis"],"picked":"True Grit","floor":14},{"not_picked":["Bludgeon","Juggernaut"],"picked":"Reaper","floor":16},{"not_picked":["Burning Pact","Combust"],"picked":"Flame Barrier","floor":18}],"player_experience":292557,"relics_obtained":[{"floor":6,"key":"Juzu Bracelet"},{"floor":9,"key":"Oddly Smooth Stone"},{"floor":10,"key":"Bottled Flame"}],"event_choices":[{"damage_healed":0,"gold_gain":175,"player_choice":"AGREE","damage_taken":0,"max_hp_gain":0,"max_hp_loss":0,"event_name":"Liars Game","floor":3,"gold_loss":0,"cards_obtained":["Doubt"]},{"damage_healed":0,"gold_gain":75,"player_choice":"Touch","damage_taken":8,"max_hp_gain":0,"max_hp_loss":0,"event_name":"FaceTrader","floor":4,"gold_loss":0},{"damage_healed":0,"gold_gain":75,"player_choice":"Gather Gold","damage_taken":11,"max_hp_gain":0,"max_hp_loss":0,"event_name":"World of Goop","floor":7,"gold_loss":0},{"damage_healed":0,"gold_gain":0,"player_choice":"Fight","damage_taken":0,"max_hp_gain":0,"max_hp_loss":0,"event_name":"Colosseum","floor":19,"gold_loss":0},{"damage_healed":0,"gold_gain":0,"player_choice":"Fought Nobs","damage_taken":0,"max_hp_gain":0,"max_hp_loss":0,"event_name":"Colosseum","floor":19,"gold_loss":0}],"is_beta":false,"boss_relics":[{"not_picked":["Mark of Pain","Velvet Choker"],"picked":"Empty Cage"}],"items_purged_floors":[11],"is_endless":false,"potions_floor_spawned":[1,5,10,14,19],"killed_by":"Colosseum Nobs","ascension_level":1}