{"gold_per_floor":[113,131,131,143,143,171,171,183,183,200,218,183,194,224,224,325,325,344,371,129,129,145,145,174,174,174,194,154,183,183,200,200,305,305,322,335,56,56,56,88,88,88,112,112,126,154,169,269,269,269,269,269,39,69,69],"floor_reached":55,"playtime":16947,"items_purged":["Strike_R"],"score":725,"play_id":"954def63-d060-494e-9509-bbdee9cdec5b","local_time":"20190208215617","is_ascension_mode":false,"campfire_choices":[{"data":"Power Through","floor":7.0,"key":"SMITH"},{"data":"Evolve","floor":15.0,"key":"SMITH"},{"floor":23.0,"key":"RECALL"},{"data":"Second Wind","floor":25.0,"key":"SMITH"},{"data":"Anger","floor":30.0,"key":"SMITH"},{"data":"Immolate","floor":32.0,"key":"SMITH"},{"floor":41.0,"key":"REST"},{"data":"Battle Trance","floor":44.0,"key":"SMITH"},{"data":"Demon Form","floor":49.0,"key":"SMITH"},{"data":"Deep Breath","floor":52.0,"key":"SMITH"}],"neow_cost":"PERCENT_DAMAGE","seed_source_timestamp":0,"circlet_count":0,"master_deck":["Defend_R+1","Defend_R+1","Bash","Evolve+1","Iron Wave","Power Through+1","Flex","Anger+1","Reckless Charge+1","Second Wind+1","Pommel Strike","Immolate+1","Shrug It Off","Battle Trance+1","Rampage+1","Deep Breath+1","Demon Form+1","Feel No Pain","Armaments+1","Inflame+1"],"special_seed":0,"relics":["Burning Blood","Happy Flower","Ancient Tea Set","Question Card","Empty Cage","Red Mask","Kunai","Centennial Puzzle","Mark of Pain","Sundial","Lantern","Bag of Preparation","Bronze Scales","Prayer Wheel","Bag of Marbles","Strawberry"],"potions_floor_usage":[55,55,55],"damage_taken":[{"damage":6.0,"enemies":"Cultist","floor":1.0,"turns":4.0},{"damage":6.0,"enemies":"Jaw Worm","floor":2.0,"turns":3.0},{"damage":2.0,"enemies":"2 Louse","floor":4.0,"turns":3.0},{"damage":22.0,"enemies":"3 Sentries","floor":6.0,"turns":13.0},{"damage":7.0,"enemies":"2 Fungi Beasts","floor":8.0,"turns":3.0},{"damage":7.0,"enemies":"3 Louse","floor":10.0,"turns":4.0},{"damage":4.0,"enemies":"Red Slaver","floor":11.0,"turns":6.0},{"damage":2.0,"enemies":"Looter","floor":13.0,"turns":4.0},{"damage":15.0,"enemies":"Gremlin Nob","floor":14.0,"turns":4.0},{"damage":23.0,"enemies":"Hexaghost","floor":16.0,"turns":7.0},{"damage":10.0,"enemies":"2 Thieves","floor":18.0,"turns":3.0},{"damage":0.0,"enemies":"Masked Bandits","floor":19.0,"turns":4.0},{"damage":7.0,"enemies":"Shell Parasite","floor":22.0,"turns":4.0},{"damage":10.0,"enemies":"Slavers","floor":24.0,"turns":4.0},{"damage":0.0,"enemies":"Centurion and Healer","floor":27.0,"turns":5.0},{"damage":15.0,"enemies":"Book of Stabbing","floor":29.0,"turns":6.0},{"damage":1.0,"enemies":"Chosen and Byrds","floor":31.0,"turns":4.0},{"damage":6.0,"enemies":"Automaton","floor":33.0,"turns":8.0},{"damage":0.0,"enemies":"Orb Walker","floor":35.0,"turns":3.0},{"damage":3.0,"enemies":"3 Shapes","floor":36.0,"turns":3.0},{"damage":44.0,"enemies":"Nemesis","floor":40.0,"turns":7.0},{"damage":0.0,"enemies":"Jaw Worm Horde","floor":45.0,"turns":3.0},{"damage":12.0,"enemies":"Giant Head","floor":46.0,"turns":6.0},{"damage":2.0,"enemies":"3 Darklings","floor":47.0,"turns":4.0},{"damage":6.0,"enemies":"Mind Bloom Boss Battle","floor":48.0,"turns":7.0},{"damage":31.0,"enemies":"Donu and Deca","floor":50.0,"turns":8.0},{"damage":18.0,"enemies":"Shield and Spear","floor":54.0,"turns":4.0},{"damage":79,"enemies":"The Heart","floor":55,"turns":3}],"seed_played":"642968206592284796","potions_obtained":[{"floor":6.0,"key":"Poison Potion"},{"floor":8.0,"key":"SkillPotion"},{"floor":10.0,"key":"Ancient Potion"},{"floor":11.0,"key":"Poison Potion"},{"floor":14.0,"key":"EntropicBrew"},{"floor":19.0,"key":"BloodPotion"},{"floor":22.0,"key":"SkillPotion"},{"floor":29.0,"key":"Weak Potion"},{"floor":35.0,"key":"BloodPotion"},{"floor":46.0,"key":"AttackPotion"},{"floor":54.0,"key":"LiquidBronze"}],"is_trial":false,"path_per_floor":["M","M","?","M","?","E","R","M","T","M","M","?","M","E","R","B",null,"M","?","$","?","M","R","E","R","T","M","?","E","R","M","R","B",null,"M","M","$","?","?","E","R","?","T","R","M","E","M","?","R","B",null,"R","$","E","B"],"character_chosen":"IRONCLAD","items_purchased":["Rampage","Deep Breath","Sundial","Feel No Pain","LiquidBronze","Bag of Marbles"],"campfire_rested":1,"item_purchase_floors":[20,20,37,37,53,53],"current_hp_per_floor":[56,56,56,60,80,64,64,63,63,62,64,80,80,71,71,54,80,76,80,80,80,79,79,75,75,75,80,80,71,71,76,76,76,80,80,80,80,76,76,38,60,60,60,60,73,67,71,71,71,46,76,76,76,71,0],"gold":69,"neow_bonus":"REMOVE_TWO","is_prod":false,"is_daily":false,"chose_seed":false,"campfire_upgraded":8,"win_rate":0,"timestamp":1549659377,"path_taken":["M","M","?","M","?","E","R","M","T","M","M","?","M","E","R","BOSS","M","?","$","?","M","R","E","R","T","M","?","E","R","M","R","BOSS","M","M","$","?","?","E","R","?","T","R","M","E","M","?","R","BOSS","R","$","E","BOSS"],"build_version":"2019-01-23","purchased_purges":1,"victory":false,"max_hp_per_floor":[80,80,80,80,80,80,80,80,80,80,80,80,80,80,80,80,80,80,80,80,80,80,80,80,80,80,80,80,80,80,80,80,80,80,80,80,80,76,76,76,76,76,76,76,76,76,76,76,76,76,76,76,76,83,83],"card_choices":[{"not_picked":["Havoc","Clothesline","Intimidate"],"picked":"SKIP","floor":1.0},{"not_picked":["Combust","Twin Strike"],"picked":"Evolve","floor":2.0},{"not_picked":["Second Wind","Shrug It Off"],"picked":"Iron Wave","floor":4.0},{"not_picked":["Havoc","Searing Blow"],"picked":"Power Through","floor":6.0},{"not_picked":["Burning Pact","Perfected Strike"],"picked":"Flex","floor":8.0},{"not_picked":["Warcry","Heavy Blade"],"picked":"Anger","floor":10.0},{"not_picked":["Power Through","Carnage"],"picked":"Reckless Charge","floor":11.0},{"not_picked":["Pummel","Headbutt"],"picked":"Second Wind","floor":13.0},{"not_picked":["Searing Blow","Feed"],"picked":"Pommel Strike","floor":14.0},{"not_picked":["Dark Embrace","Double Tap","Limit Break"],"picked":"Immolate","floor":16.0},{"not_picked":["Iron Wave","Perfected Strike","Blood for Blood"],"picked":"Shrug It Off","floor":18.0},{"not_picked":["Warcry","Twin Strike","Pommel Strike"],"picked":"Battle Trance","floor":19.0},{"not_picked":["Body Slam","Thunderclap+1","Fire Breathing+1","Clothesline"],"picked":"SKIP","floor":22.0},{"not_picked":["Evolve","Inflame","Shockwave","Clothesline"],"picked":"SKIP","floor":24.0},{"not_picked":["Evolve","Inflame","Shockwave","Clothesline"],"picked":"SKIP","floor":24.0},{"not_picked":["Twin Strike","Pummel","Shrug It Off","Fire Breathing"],"picked":"SKIP","floor":27.0},{"not_picked":["Blood for Blood","Cleave+1","Battle Trance+1","Disarm"],"picked":"SKIP","floor":29.0},{"not_picked":["Blood for Blood","Cleave+1","Battle Trance+1","Disarm"],"picked":"SKIP","floor":29.0},{"not_picked":["Blood for Blood","Cleave+1","Battle Trance+1","Disarm"],"picked":"SKIP","floor":29.0},{"not_picked":["Twin Strike+1","Clothesline","Cleave","Blood for Blood"],"picked":"SKIP","floor":31.0},{"not_picked":["Feed","Reaper","Limit Break"],"picked":"Demon Form","floor":33.0},{"not_picked":["Wild Strike","Clash+1","Headbutt","Havoc"],"picked":"SKIP","floor":35.0},{"not_picked":["Clothesline","Thunderclap","Perfected Strike+1","Iron Wave"],"picked":"SKIP","floor":36.0},{"not_picked":["Bludgeon","Combust","Wild Strike","Pommel Strike+1"],"picked":"SKIP","floor":40.0},{"not_picked":["Anger","Metallicize+1","Seeing Red"],"picked":"Armaments+1","floor":45.0},{"not_picked":["Thunderclap+1","Warcry+1","Sword Boomerang","Juggernaut"],"picked":"SKIP","floor":46.0},{"not_picked":["Second Wind","Rupture","Sword Boomerang+1","Whirlwind"],"picked":"SKIP","floor":47.0},{"not_picked":["Carnage","True Grit+1","Combust"],"picked":"Inflame+1","floor":54.0}],"player_experience":127497,"relics_obtained":[{"floor":6.0,"key":"Happy Flower"},{"floor":9.0,"key":"Ancient Tea Set"},{"floor":14.0,"key":"Question Card"},{"floor":19.0,"key":"Red Mask"},{"floor":24.0,"key":"Kunai"},{"floor":29.0,"key":"Centennial Puzzle"},{"floor":40.0,"key":"Lantern"},{"floor":43.0,"key":"Bag of Preparation"},{"floor":46.0,"key":"Bronze Scales"},{"floor":48.0,"key":"Prayer Wheel"},{"floor":54.0,"key":"Strawberry"}],"event_choices":[{"cards_removed":["Strike_R"],"damage_healed":0.0,"max_hp_gain":0.0,"max_hp_loss":0.0,"gold_gain":0.0,"event_name":"Living Wall","player_choice":"Forget","floor":3.0,"gold_loss":0.0,"damage_taken":0.0},{"damage_healed":26.0,"max_hp_gain":0.0,"max_hp_loss":0.0,"gold_gain":0.0,"event_name":"Big Fish","player_choice":"Banana","floor":5.0,"gold_loss":0.0,"damage_taken":0.0},{"damage_healed":20.0,"max_hp_gain":0.0,"max_hp_loss":0.0,"gold_gain":0.0,"event_name":"The Cleric","player_choice":"Healed","floor":12.0,"gold_loss":35.0,"damage_taken":0.0},{"damage_healed":0.0,"max_hp_gain":0.0,"max_hp_loss":0.0,"gold_gain":0.0,"event_name":"Masked Bandits","player_choice":"Fought Bandits","floor":19.0,"gold_loss":0.0,"damage_taken":0.0},{"damage_healed":0.0,"max_hp_gain":0.0,"max_hp_loss":0.0,"gold_gain":0.0,"event_name":"Back to Basics","player_choice":"Simplicity","floor":21.0,"gold_loss":0.0,"damage_taken":0.0,"cards_upgraded":["Defend_R","Defend_R","Defend_R"]},{"damage_healed":0.0,"max_hp_gain":0.0,"max_hp_loss":0.0,"gold_gain":0.0,"event_name":"Designer","player_choice":"Upgraded Two","floor":28.0,"gold_loss":40.0,"damage_taken":0.0,"cards_upgraded":["Rampage","Reckless Charge"]},{"damage_healed":0.0,"max_hp_gain":0.0,"max_hp_loss":4.0,"gold_gain":0.0,"event_name":"Winding Halls","player_choice":"Max HP","floor":38.0,"gold_loss":0.0,"damage_taken":0.0},{"cards_removed":["Defend_R"],"damage_healed":0.0,"max_hp_gain":0.0,"max_hp_loss":0.0,"gold_gain":0.0,"event_name":"Falling","player_choice":"Removed Skill","floor":39.0,"gold_loss":0.0,"damage_taken":0.0},{"damage_healed":0.0,"max_hp_gain":0.0,"max_hp_loss":0.0,"gold_gain":0.0,"event_name":"Tomb of Lord Red Mask","player_choice":"Ignored","floor":42.0,"gold_loss":0.0,"damage_taken":0.0},{"damage_healed":0.0,"max_hp_gain":0.0,"max_hp_loss":0.0,"gold_gain":0.0,"event_name":"MindBloom","player_choice":"Fight","floor":48.0,"gold_loss":0.0,"damage_taken":0.0}],"is_beta":false,"boss_relics":[{"not_picked":["Lizard Tail","Black Star"],"picked":"Empty Cage"},{"not_picked":["Velvet Choker","Tiny House"],"picked":"Mark of Pain"}],"items_purged_floors":[20],"is_endless":false,"potions_floor_spawned":[6,8,10,11,14,19,22,29,35,46,54],"killed_by":"The Heart","ascension_level":0}