{"gold_per_floor":[114,189,29,43,43,69,69,69,69,69,94,124,143,163,163,268,268,282,382,399,12,38,66,66,66,66,101,101,114,134,36,36,134,134,152,152,374,374,170,170,203,203,203,203,219,236,236,250,250,250,250,250,13,38,38],"floor_reached":55,"playtime":4166,"items_purged":["Writhe","Strike_R"],"score":775,"play_id":"92e496fb-80db-4c55-b37a-3e575dadb5a4","local_time":"20190122231824","is_ascension_mode":true,"campfire_choices":[{"data":"Bash","floor":8,"key":"SMITH"},{"data":"Limit Break","floor":15,"key":"SMITH"},{"floor":24,"key":"REST"},{"floor":28,"key":"REST"},{"floor":32,"key":"RECALL"},{"data":"Bludgeon","floor":40,"key":"SMITH"},{"data":"Immolate","floor":42,"key":"SMITH"},{"data":"Whirlwind","floor":44,"key":"SMITH"},{"data":"Double Tap","floor":47,"key":"SMITH"},{"floor":49,"key":"REST"},{"data":"Flex","floor":52,"key":"SMITH"}],"neow_cost":"NONE","seed_source_timestamp":11328851535885,"circlet_count":0,"master_deck":["Strike_R","Strike_R+1","Strike_R+1","Defend_R+1","Defend_R+1","Bash+1","Flex+1","Immolate+1","Whirlwind+1","Limit Break+1","Perfected Strike","Flex","Sever Soul","Double Tap+1","Clash","Clothesline","Pummel+1","Bludgeon+1","Heavy Blade+1","Evolve+1","Dropkick","Berserk+1","Flex","Madness","Madness","Evolve+1","Bandage Up","Metallicize+1","Metallicize+1","Shrug It Off","Limit Break","Iron Wave+1"],"relics":["Burning Blood","NeowsBlessing","Vajra","Art of War","Whetstone","PreservedInsect","Centennial Puzzle","Empty Cage","StoneCalendar","Self Forming Clay","Membership Card","Frozen Egg 2","Red Mask","Mummified Hand","Red Skull","Ancient Tea Set","Chemical X","Velvet Choker","Singing Bowl","Anchor","Turnip","FossilizedHelix","Toolbox","Oddly Smooth Stone"],"potions_floor_usage":[12,19,20,22,23,33,50,50,50],"damage_taken":[{"damage":0,"enemies":"Small Slimes","floor":1,"turns":1},{"damage":0,"enemies":"2 Louse","floor":4,"turns":1},{"damage":0,"enemies":"Lagavulin","floor":6,"turns":1},{"damage":10,"enemies":"Gremlin Nob","floor":12,"turns":3},{"damage":0,"enemies":"Cultist","floor":13,"turns":2},{"damage":12,"enemies":"Blue Slaver","floor":14,"turns":2},{"damage":48,"enemies":"The Guardian","floor":16,"turns":9},{"damage":20,"enemies":"2 Thieves","floor":18,"turns":2},{"damage":30,"enemies":"Colosseum Slavers","floor":19,"turns":4},{"damage":7,"enemies":"Colosseum Nobs","floor":19,"turns":2},{"damage":0,"enemies":"Chosen","floor":20,"turns":4},{"damage":9,"enemies":"Masked Bandits","floor":22,"turns":3},{"damage":12,"enemies":"Gremlin Leader","floor":23,"turns":3},{"damage":19,"enemies":"Slavers","floor":27,"turns":3},{"damage":15,"enemies":"Snake Plant","floor":29,"turns":3},{"damage":6,"enemies":"Centurion and Healer","floor":30,"turns":4},{"damage":45,"enemies":"Champ","floor":33,"turns":9},{"damage":10,"enemies":"3 Shapes","floor":35,"turns":3},{"damage":18,"enemies":"Reptomancer","floor":41,"turns":4},{"damage":11,"enemies":"3 Darklings","floor":45,"turns":2},{"damage":16,"enemies":"Sphere and 2 Shapes","floor":46,"turns":4},{"damage":16,"enemies":"Spire Growth","floor":48,"turns":3},{"damage":65,"enemies":"Time Eater","floor":50,"turns":12},{"damage":20,"enemies":"Shield and Spear","floor":54,"turns":5},{"damage":78,"enemies":"The Heart","floor":55,"turns":6}],"seed_played":"-3098133307679693723","potions_obtained":[{"floor":1,"key":"SpeedPotion"},{"floor":6,"key":"Regen Potion"},{"floor":18,"key":"SteroidPotion"},{"floor":22,"key":"Explosive Potion"},{"floor":23,"key":"Weak Potion"},{"floor":27,"key":"PowerPotion"},{"floor":33,"key":"Poison Potion"},{"floor":46,"key":"Weak Potion"},{"floor":48,"key":"Weak Potion"}],"is_trial":false,"path_per_floor":["M","?","$","M","?","E","?","R","T","?","T","E","M","M","R","B",null,"M","?","M","$","?","E","R","?","T","E","R","M","M","$","R","B",null,"M","?","?","T","$","R","E","R","T","R","M","M","R","M","R","B",null,"R","$","E","B"],"character_chosen":"IRONCLAD","items_purchased":["Immolate","Membership Card","Frozen Egg 2","Bludgeon","Swift Potion","Chemical X","Anchor","Evolve+1","Bandage Up","Shrug It Off","Limit Break","Toolbox"],"campfire_rested":3,"item_purchase_floors":[3,21,21,21,21,31,39,39,39,53,53,53],"current_hp_per_floor":[80,69,69,75,68,74,62,62,62,46,46,51,57,51,51,9,80,66,41,47,47,44,38,62,62,62,49,73,64,64,64,64,25,80,76,66,66,66,66,66,58,58,58,58,55,49,49,45,70,15,84,84,84,74,0],"gold":38,"neow_bonus":"THREE_ENEMY_KILL","is_prod":false,"is_daily":false,"chose_seed":false,"campfire_upgraded":7,"win_rate":0,"timestamp":1548177504,"path_taken":["M","?","$","M","?","E","?","R","T","?","?","E","M","M","R","BOSS","M","?","M","$","?","E","R","?","T","E","R","?","M","$","R","BOSS","M","?","?","?","$","R","E","R","T","R","M","M","R","M","R","BOSS","R","$","E","BOSS"],"build_version":"2019-01-17v2","purchased_purges":2,"victory":false,"max_hp_per_floor":[80,80,80,80,80,80,80,80,80,80,80,80,80,80,80,80,80,80,80,80,80,80,80,80,80,80,80,80,80,80,80,80,80,80,80,80,80,80,80,80,80,80,80,80,82,82,82,84,84,84,84,84,84,84,84],"card_choices":[{"not_picked":["Twin Strike","Shrug It Off"],"picked":"Flex","floor":1},{"not_picked":["Havoc","Perfected Strike"],"picked":"Whirlwind","floor":4},{"not_picked":["Pommel Strike","Brutality"],"picked":"Limit Break","floor":6},{"not_picked":["Armaments","Cleave"],"picked":"Perfected Strike","floor":12},{"not_picked":["Combust","Bloodletting"],"picked":"Flex","floor":13},{"not_picked":["Uppercut","Burning Pact"],"picked":"Sever Soul","floor":14},{"not_picked":["Exhume","Brutality"],"picked":"Double Tap","floor":16},{"not_picked":["Anger+1","Havoc+1"],"picked":"Clash","floor":18},{"not_picked":["Reckless Charge","Sword Boomerang"],"picked":"Clothesline","floor":19},{"not_picked":["Burning Pact","Havoc"],"picked":"Pummel+1","floor":20},{"not_picked":["Flex","Havoc+1"],"picked":"Heavy Blade+1","floor":23},{"not_picked":["Pommel Strike","True Grit+1"],"picked":"Evolve+1","floor":27},{"not_picked":["Rampage","Headbutt","Wild Strike"],"picked":"SKIP","floor":29},{"not_picked":["Perfected Strike+1","Havoc"],"picked":"Dropkick","floor":30},{"not_picked":["Brutality+1","Bludgeon"],"picked":"Berserk+1","floor":33},{"not_picked":["Wild Strike","Fire Breathing+1"],"picked":"Flex","floor":35},{"not_picked":["Sentinel","Second Wind"],"picked":"Metallicize+1","floor":41},{"not_picked":["Rampage","Body Slam","Spot Weakness"],"picked":"Singing Bowl","floor":45},{"not_picked":["Body Slam","Rampage+1"],"picked":"Metallicize+1","floor":46},{"not_picked":["Headbutt+1","Combust+1","Anger"],"picked":"Singing Bowl","floor":48},{"not_picked":["Headbutt","Clash"],"picked":"Iron Wave+1","floor":54}],"player_experience":636212,"relics_obtained":[{"floor":6,"key":"Vajra"},{"floor":9,"key":"Whetstone"},{"floor":11,"key":"PreservedInsect"},{"floor":12,"key":"Centennial Puzzle"},{"floor":19,"key":"StoneCalendar"},{"floor":19,"key":"Self Forming Clay"},{"floor":22,"key":"Red Mask"},{"floor":23,"key":"Mummified Hand"},{"floor":27,"key":"Ancient Tea Set"},{"floor":38,"key":"Singing Bowl"},{"floor":41,"key":"Turnip"},{"floor":43,"key":"FossilizedHelix"},{"floor":54,"key":"Oddly Smooth Stone"}],"event_choices":[{"damage_healed":0,"gold_gain":75,"player_choice":"Gather Gold","damage_taken":11,"max_hp_gain":0,"max_hp_loss":0,"event_name":"World of Goop","floor":2,"gold_loss":0},{"cards_removed":["Defend_R"],"damage_healed":0,"gold_gain":0,"player_choice":"Card Removal","damage_taken":7,"max_hp_gain":0,"max_hp_loss":0,"event_name":"Golden Wing","floor":5,"gold_loss":0},{"damage_healed":0,"gold_gain":0,"player_choice":"Success","damage_taken":12,"relics_obtained":["Art of War"],"max_hp_gain":0,"max_hp_loss":0,"event_name":"Scrap Ooze","floor":7,"gold_loss":0},{"damage_healed":0,"gold_gain":0,"player_choice":"Entered Light","damage_taken":16,"max_hp_gain":0,"max_hp_loss":0,"event_name":"Shining Light","floor":10,"gold_loss":0,"cards_upgraded":["Defend_R","Defend_R"]},{"damage_healed":0,"gold_gain":0,"player_choice":"Fight","damage_taken":0,"max_hp_gain":0,"max_hp_loss":0,"event_name":"Colosseum","floor":19,"gold_loss":0},{"damage_healed":0,"gold_gain":0,"player_choice":"Fought Nobs","damage_taken":0,"max_hp_gain":0,"max_hp_loss":0,"event_name":"Colosseum","floor":19,"gold_loss":0},{"damage_healed":0,"gold_gain":0,"player_choice":"Fought Bandits","damage_taken":0,"max_hp_gain":0,"max_hp_loss":0,"event_name":"Masked Bandits","floor":22,"gold_loss":0},{"damage_healed":0,"gold_gain":0,"player_choice":"Opened","damage_taken":0,"relics_obtained":["Red Skull"],"max_hp_gain":0,"max_hp_loss":0,"event_name":"The Mausoleum","floor":25,"gold_loss":0,"cards_obtained":["Writhe"]},{"damage_healed":0,"gold_gain":0,"player_choice":"Embrace Madness","damage_taken":10,"max_hp_gain":0,"max_hp_loss":0,"event_name":"Winding Halls","floor":36,"gold_loss":0,"cards_obtained":["Madness","Madness"]},{"damage_healed":0,"gold_gain":222,"player_choice":"Wore Mask","damage_taken":0,"max_hp_gain":0,"max_hp_loss":0,"event_name":"Tomb of Lord Red Mask","floor":37,"gold_loss":0}],"is_beta":false,"boss_relics":[{"not_picked":["White Beast Statue","Calling Bell"],"picked":"Empty Cage"},{"not_picked":["Philosopher\u0027s Stone","Runic Dome"],"picked":"Velvet Choker"}],"items_purged_floors":[39,53],"is_endless":false,"potions_floor_spawned":[1,6,18,22,23,27,33,46,48],"killed_by":"The Heart","ascension_level":1}