{"gold_per_floor":[113,63,238,256,273,303,316,29,29,42,42],"floor_reached":11,"playtime":587,"items_purged":[],"score":79,"play_id":"3609a670-84cf-47e8-91f2-d49b3c06de97","local_time":"20190205074544","is_ascension_mode":true,"campfire_choices":[],"neow_cost":"NONE","seed_source_timestamp":180192253555805,"circlet_count":0,"master_deck":["Strike_R","Strike_R","Strike_R","Strike_R","Defend_R","Defend_R","Defend_R","Defend_R","Bash","Shrug It Off","Doubt","Uppercut","Shrug It Off","Entrench","Battle Trance","Pommel Strike"],"relics":["Burning Blood","Blood Vial","FossilizedHelix","Bronze Scales"],"potions_floor_usage":[11,11,11],"damage_taken":[{"damage":10,"enemies":"Cultist","floor":1,"turns":4},{"damage":9,"enemies":"2 Louse","floor":4,"turns":4},{"damage":0,"enemies":"Small Slimes","floor":5,"turns":3},{"damage":73,"enemies":"Lagavulin","floor":6,"turns":10},{"damage":6,"enemies":"Blue Slaver","floor":7,"turns":6},{"damage":0,"enemies":"Large Slime","floor":10,"turns":7},{"damage":51,"enemies":"Gremlin Nob","floor":11,"turns":6}],"seed_played":"-2153323710072827769","potions_obtained":[{"floor":1,"key":"Dexterity Potion"},{"floor":4,"key":"Dexterity Potion"},{"floor":7,"key":"GamblersBrew"}],"is_trial":false,"path_per_floor":["M","?","?","M","M","E","M","$","T","M","E"],"character_chosen":"IRONCLAD","items_purchased":["FossilizedHelix"],"campfire_rested":0,"item_purchase_floors":[8],"current_hp_per_floor":[84,84,84,81,87,20,22,22,22,30,0],"gold":42,"neow_bonus":"TEN_PERCENT_HP_BONUS","is_prod":false,"is_daily":false,"chose_seed":false,"campfire_upgraded":0,"win_rate":0,"timestamp":1549381544,"path_taken":["M","?","?","M","M","E","M","$","T","M","E"],"build_version":"2019-01-23","purchased_purges":0,"victory":false,"max_hp_per_floor":[88,88,88,88,88,88,88,88,88,88,88],"card_choices":[{"not_picked":["Blood for Blood","Dual Wield"],"picked":"Shrug It Off","floor":1},{"not_picked":["Body Slam","Anger"],"picked":"Uppercut","floor":4},{"not_picked":["True Grit","Entrench"],"picked":"Shrug It Off","floor":5},{"not_picked":["Perfected Strike","Shrug It Off"],"picked":"Entrench","floor":6},{"not_picked":["Clothesline","Cleave"],"picked":"Battle Trance","floor":7},{"not_picked":["Rampage","Havoc"],"picked":"Pommel Strike","floor":10}],"player_experience":276759,"relics_obtained":[{"floor":6,"key":"Blood Vial"},{"floor":9,"key":"Bronze Scales"}],"event_choices":[{"cards_removed":["Strike_R"],"damage_healed":0,"gold_gain":0,"player_choice":"Card Removal","damage_taken":0,"max_hp_gain":0,"max_hp_loss":0,"event_name":"The Cleric","floor":2,"gold_loss":50},{"damage_healed":0,"gold_gain":175,"player_choice":"AGREE","damage_taken":0,"max_hp_gain":0,"max_hp_loss":0,"event_name":"Liars Game","floor":3,"gold_loss":0,"cards_obtained":["Doubt"]}],"is_beta":false,"boss_relics":[],"items_purged_floors":[],"is_endless":false,"potions_floor_spawned":[1,4,7],"killed_by":"Gremlin Nob","ascension_level":1}