{"gold_per_floor":[359,36,49,62,62,62,92,92,392,213,242,253,265,265],"floor_reached":14,"playtime":730,"items_purged":[],"score":145,"play_id":"01550ed3-251c-4f7f-abf8-3b901e88d372","local_time":"20190127200844","is_ascension_mode":true,"campfire_choices":[{"data":"Hologram","floor":6,"key":"SMITH"},{"floor":8,"key":"REST"}],"neow_cost":"PERCENT_DAMAGE","seed_source_timestamp":21561790436618,"circlet_count":0,"master_deck":["Strike_B","Strike_B","Strike_B","Strike_B","Defend_B","Defend_B","Defend_B","Defend_B","Zap","Dualcast","Sweeping Beam","Rainbow","Cold Snap","Gash","Hologram+1","Redo","FTL","Heatsinks","Reprogram","Heatsinks","Creative AI","Sweeping Beam"],"relics":["Cracked Core","Toolbox","Nunchaku","Old Coin","Blood Vial"],"potions_floor_usage":[4,11,12],"damage_taken":[{"damage":1,"enemies":"Cultist","floor":1,"turns":3},{"damage":0,"enemies":"2 Louse","floor":3,"turns":3},{"damage":6,"enemies":"Jaw Worm","floor":4,"turns":3},{"damage":16,"enemies":"Lagavulin","floor":7,"turns":5},{"damage":10,"enemies":"Gremlin Nob","floor":11,"turns":3},{"damage":8,"enemies":"Exordium Wildlife","floor":12,"turns":4},{"damage":14,"enemies":"3 Louse","floor":13,"turns":6},{"damage":28,"enemies":"3 Sentries","floor":14,"turns":2}],"seed_played":"-1804176262513657641","potions_obtained":[{"floor":3,"key":"Weak Potion"},{"floor":4,"key":"Fire Potion"},{"floor":11,"key":"Dexterity Potion"},{"floor":13,"key":"FearPotion"}],"is_trial":false,"path_per_floor":["M","$","M","M","$","R","E","R","T","$","E","M","M","E"],"character_chosen":"DEFECT","items_purchased":["Rainbow","Cold Snap","Toolbox","FTL","Heatsinks","Reprogram"],"campfire_rested":1,"item_purchase_floors":[2,2,2,10,10,10],"current_hp_per_floor":[49,49,49,43,43,43,27,49,49,49,39,33,21,0],"gold":265,"neow_bonus":"TWO_FIFTY_GOLD","is_prod":false,"is_daily":false,"chose_seed":false,"campfire_upgraded":1,"win_rate":0,"timestamp":1548598124,"path_taken":["M","$","M","M","?","R","E","R","T","$","E","?","M","E"],"build_version":"2019-01-23","purchased_purges":0,"victory":false,"max_hp_per_floor":[75,75,75,75,75,75,75,75,75,75,75,75,75,75],"card_choices":[{"not_picked":["Barrage","Ball Lightning"],"picked":"Sweeping Beam","floor":1},{"not_picked":["Ball Lightning","Auto Shields"],"picked":"Gash","floor":3},{"not_picked":["Loop","Beam Cell"],"picked":"Hologram","floor":4},{"not_picked":["Stack","Hyperbeam"],"picked":"Redo","floor":7},{"not_picked":["Leap","Barrage"],"picked":"Heatsinks","floor":11},{"not_picked":["Conserve Battery","Leap"],"picked":"Creative AI","floor":12},{"not_picked":["Beam Cell","Compile Driver"],"picked":"Sweeping Beam","floor":13}],"player_experience":672476,"relics_obtained":[{"floor":7,"key":"Nunchaku"},{"floor":9,"key":"Old Coin"},{"floor":11,"key":"Blood Vial"}],"event_choices":[],"is_beta":false,"boss_relics":[],"items_purged_floors":[],"is_endless":false,"potions_floor_spawned":[3,4,11,13],"killed_by":"3 Sentries","ascension_level":9}