{"gold_per_floor":[209,209,209,227,242,242,282,295,366,380,380,380,380,393,393,513,513,534,64,77,98,122,122,157,157,157,157,176,200,218,232,232,232],"floor_reached":33,"playtime":2280,"items_purged":["Strike_R"],"score":437,"play_id":"1fa3ab0b-88d5-4469-bfc5-c7e0a0f8e441","local_time":"20190207171546","is_ascension_mode":true,"campfire_choices":[{"data":"Uppercut","floor":6,"key":"SMITH"},{"data":"True Grit","floor":11,"key":"SMITH"},{"data":"Armaments","floor":13,"key":"SMITH"},{"floor":15,"key":"REST"},{"data":"Immolate","floor":23,"key":"SMITH"},{"floor":25,"key":"REST"},{"data":"True Grit","floor":27,"key":"SMITH"},{"floor":32,"key":"REST"}],"neow_cost":"NONE","seed_source_timestamp":708424640306400,"circlet_count":0,"master_deck":["AscendersBane","Strike_R","Strike_R","Strike_R","Defend_R","Defend_R","Defend_R","Defend_R","Bash","Uppercut+1","Shrug It Off","Metallicize","Carnage","Armaments+1","True Grit+1","Iron Wave","Demon Form","Heavy Blade","Clothesline","Immolate+1","Feel No Pain","True Grit+1","Rampage","Metallicize","Exhume"],"relics":["Burning Blood","Golden Idol","Bird Faced Urn","Darkstone Periapt","Sozu","TheAbacus","Bag of Preparation","PreservedInsect","Question Card"],"potions_floor_usage":[24,33],"damage_taken":[{"damage":8,"enemies":"Jaw Worm","floor":1,"turns":4},{"damage":9,"enemies":"2 Louse","floor":4,"turns":3},{"damage":0,"enemies":"Cultist","floor":5,"turns":3},{"damage":33,"enemies":"Lagavulin","floor":7,"turns":7},{"damage":29,"enemies":"Lots of Slimes","floor":8,"turns":5},{"damage":3,"enemies":"Looter","floor":10,"turns":3},{"damage":11,"enemies":"Exordium Thugs","floor":14,"turns":7},{"damage":43,"enemies":"The Guardian","floor":16,"turns":16},{"damage":14,"enemies":"Chosen","floor":18,"turns":6},{"damage":8,"enemies":"Shell Parasite","floor":20,"turns":7},{"damage":12,"enemies":"Snake Plant","floor":21,"turns":4},{"damage":2,"enemies":"Snecko","floor":22,"turns":4},{"damage":57,"enemies":"Slavers","floor":24,"turns":6},{"damage":29,"enemies":"Shelled Parasite and Fungi","floor":28,"turns":8},{"damage":10,"enemies":"Sentry and Sphere","floor":29,"turns":5},{"damage":10,"enemies":"Snake Plant","floor":30,"turns":4},{"damage":19,"enemies":"Chosen and Byrds","floor":31,"turns":7},{"damage":47,"enemies":"Automaton","floor":33,"turns":10}],"seed_played":"-5779127678785232275","potions_obtained":[{"floor":7,"key":"GamblersBrew"},{"floor":10,"key":"Fruit Juice"}],"is_trial":false,"path_per_floor":["M","?","$","M","M","R","E","M","T","M","R","?","R","M","R","B",null,"M","$","M","M","M","R","E","R","T","R","M","M","M","M","R","B"],"character_chosen":"IRONCLAD","items_purchased":["Heavy Blade","TheAbacus","Bag of Preparation"],"campfire_rested":3,"item_purchase_floors":[19,19,19],"current_hp_per_floor":[70,70,70,67,73,73,46,25,25,28,28,28,28,25,47,12,59,53,53,55,51,57,57,17,40,40,40,21,21,23,16,39,0],"gold":232,"neow_bonus":"HUNDRED_GOLD","is_prod":false,"is_daily":false,"chose_seed":false,"campfire_upgraded":5,"win_rate":0,"timestamp":1549530946,"path_taken":["M","?","$","M","M","R","E","M","T","M","R","?","R","M","R","BOSS","M","$","M","M","M","R","E","R","T","R","M","?","M","M","R","BOSS"],"build_version":"2019-01-23","purchased_purges":1,"victory":false,"max_hp_per_floor":[80,74,74,74,74,74,74,74,74,74,74,74,74,74,74,74,74,74,74,74,74,74,74,79,79,79,79,79,79,79,79,79,79],"card_choices":[{"not_picked":["Thunderclap","Combust"],"picked":"Uppercut","floor":1},{"not_picked":["Intimidate","Twin Strike"],"picked":"Shrug It Off","floor":4},{"not_picked":["Clash","Anger"],"picked":"Metallicize","floor":5},{"not_picked":["Wild Strike","Limit Break"],"picked":"Carnage","floor":7},{"not_picked":["Clothesline","Twin Strike"],"picked":"Armaments","floor":8},{"not_picked":["Havoc","Warcry"],"picked":"True Grit","floor":10},{"not_picked":["Rage","Carnage"],"picked":"Iron Wave","floor":14},{"not_picked":["Offering","Exhume"],"picked":"Demon Form","floor":16},{"not_picked":["Perfected Strike","Havoc","Spot Weakness"],"picked":"SKIP","floor":18},{"not_picked":["Wild Strike","Shrug It Off"],"picked":"Clothesline","floor":20},{"not_picked":["Sword Boomerang","Wild Strike"],"picked":"Immolate","floor":21},{"not_picked":["Clothesline","Iron Wave"],"picked":"Feel No Pain","floor":22},{"not_picked":["Twin Strike","Reckless Charge"],"picked":"True Grit","floor":24},{"not_picked":["Dropkick","Shrug It Off","Havoc+1"],"picked":"Rampage","floor":28},{"not_picked":["Havoc","Rupture","Cleave+1"],"picked":"Metallicize","floor":29},{"not_picked":["Dual Wield","Wild Strike","True Grit"],"picked":"Exhume","floor":30},{"not_picked":["Heavy Blade","Iron Wave","Spot Weakness","Entrench"],"picked":"SKIP","floor":31}],"player_experience":347072,"relics_obtained":[{"floor":7,"key":"Bird Faced Urn"},{"floor":9,"key":"Darkstone Periapt"},{"floor":24,"key":"PreservedInsect"},{"floor":26,"key":"Question Card"}],"event_choices":[{"damage_healed":0,"gold_gain":0,"player_choice":"Lose Max HP","damage_taken":0,"relics_obtained":["Golden Idol"],"max_hp_gain":0,"max_hp_loss":6,"event_name":"Golden Idol","floor":2,"gold_loss":0},{"cards_removed":["Strike_R"],"damage_healed":0,"gold_gain":0,"player_choice":"Card Removal","damage_taken":0,"max_hp_gain":0,"max_hp_loss":0,"event_name":"Wheel of Change","floor":12,"gold_loss":0}],"is_beta":false,"boss_relics":[{"not_picked":["Ectoplasm","White Beast Statue"],"picked":"Sozu"}],"items_purged_floors":[19],"is_endless":false,"potions_floor_spawned":[7,10,14,18,24,28,30,31],"killed_by":"Automaton","ascension_level":12}