{"gold_per_floor":[119,294,115,115,190,190,220,220,220,240,240,256,281,295,295,295],"floor_reached":16,"playtime":395,"items_purged":["Doubt"],"score":178,"play_id":"6f4b573a-af0b-482e-945e-13776a933e1a","local_time":"20190204134636","is_ascension_mode":true,"campfire_choices":[{"data":"Dualcast","floor":6,"key":"SMITH"},{"data":"Chill","floor":8,"key":"SMITH"},{"data":"Rebound","floor":11,"key":"SMITH"},{"data":"Coolheaded","floor":15,"key":"SMITH"}],"neow_cost":"NONE","seed_source_timestamp":12511406909191,"circlet_count":0,"master_deck":["Strike_B+1","Strike_B+1","Strike_B","Strike_B","Defend_B","Defend_B","Defend_B","Defend_B","Zap+1","Dualcast+1","Chill+1","Rebound+1","Leap","Leap","Cold Snap","Coolheaded+1"],"relics":["Cracked Core","NeowsBlessing","Anchor","Dream Catcher","Whetstone"],"potions_floor_usage":[16],"damage_taken":[{"damage":0,"enemies":"Small Slimes","floor":1,"turns":1},{"damage":0,"enemies":"Lagavulin","floor":7,"turns":1},{"damage":0,"enemies":"Jaw Worm","floor":10,"turns":1},{"damage":0,"enemies":"2 Louse","floor":12,"turns":3},{"damage":0,"enemies":"2 Fungi Beasts","floor":14,"turns":3},{"damage":62,"enemies":"Slime Boss","floor":16,"turns":10}],"seed_played":"-2801296200363380783","potions_obtained":[{"floor":12,"key":"Regen Potion"},{"floor":14,"key":"Block Potion"}],"is_trial":false,"path_per_floor":["M","?","$","?","?","R","E","R","T","M","R","M","T","M","R","B"],"character_chosen":"DEFECT","items_purchased":["Rebound","Leap"],"campfire_rested":0,"item_purchase_floors":[3,3],"current_hp_per_floor":[68,68,68,68,57,57,57,57,57,57,57,57,57,57,57,0],"gold":295,"neow_bonus":"THREE_ENEMY_KILL","is_prod":false,"is_daily":false,"chose_seed":false,"campfire_upgraded":4,"win_rate":0,"timestamp":1549266396,"path_taken":["M","?","$","?","?","R","E","R","T","M","R","M","?","M","R","BOSS"],"build_version":"2019-01-23","purchased_purges":1,"victory":false,"max_hp_per_floor":[75,75,75,75,75,75,75,75,75,75,75,75,75,75,75,75],"card_choices":[{"not_picked":["Steam","Barrage"],"picked":"Chill","floor":1},{"not_picked":["Meteor Strike","Multi-Cast"],"picked":"Leap","floor":7},{"not_picked":["Undo","Chill"],"picked":"Cold Snap","floor":10},{"not_picked":["Redo","Skim","Rebound"],"picked":"SKIP","floor":12},{"not_picked":["Double Energy","Redo"],"picked":"Coolheaded","floor":14}],"player_experience":721143,"relics_obtained":[{"floor":7,"key":"Anchor"},{"floor":9,"key":"Dream Catcher"},{"floor":13,"key":"Whetstone"}],"event_choices":[{"damage_healed":0,"gold_gain":175,"player_choice":"AGREE","damage_taken":0,"max_hp_gain":0,"max_hp_loss":0,"event_name":"Liars Game","floor":2,"gold_loss":0,"cards_obtained":["Doubt"]},{"damage_healed":0,"gold_gain":0,"player_choice":"Grow","damage_taken":0,"max_hp_gain":0,"max_hp_loss":0,"event_name":"Living Wall","floor":4,"gold_loss":0,"cards_upgraded":["Zap"]},{"damage_healed":0,"gold_gain":75,"player_choice":"Gather Gold","damage_taken":11,"max_hp_gain":0,"max_hp_loss":0,"event_name":"World of Goop","floor":5,"gold_loss":0}],"is_beta":false,"boss_relics":[],"items_purged_floors":[3],"is_endless":false,"potions_floor_spawned":[12,14],"killed_by":"Slime Boss","ascension_level":9}