{"gold_per_floor":[116,127,127,302,3,29,43,43,69,95,95,95,108,125,125,220,220,231,231],"floor_reached":19,"playtime":1054,"items_purged":[],"score":293,"play_id":"e83c7ccf-b961-48bd-8fb7-f180afb00617","local_time":"20190127173717","is_ascension_mode":true,"campfire_choices":[{"data":"Zap","floor":8,"key":"SMITH"},{"data":"Dualcast","floor":11,"key":"SMITH"},{"floor":15,"key":"REST"}],"neow_cost":"NONE","seed_source_timestamp":12149890406451,"circlet_count":0,"master_deck":["Strike_B","Strike_B+1","Strike_B+1","Strike_B","Defend_B","Defend_B","Defend_B","Zap+1","Dualcast+1","Glacier","Beam Cell","Gash","Scrape","Steam","BootSequence","Good Instincts","Beam Cell","Compile Driver","Ball Lightning","Machine Learning","Coolheaded","Creative AI"],"relics":["Cracked Core","NeowsBlessing","Whetstone","Regal Pillow","Question Card","Inserter"],"potions_floor_usage":[10,10,18],"damage_taken":[{"damage":0,"enemies":"Cultist","floor":1,"turns":1},{"damage":0,"enemies":"Small Slimes","floor":2,"turns":1},{"damage":0,"enemies":"3 Sentries","floor":6,"turns":1},{"damage":8,"enemies":"2 Louse","floor":7,"turns":3},{"damage":31,"enemies":"Gremlin Nob","floor":10,"turns":4},{"damage":0,"enemies":"Looter","floor":13,"turns":2},{"damage":4,"enemies":"Exordium Wildlife","floor":14,"turns":5},{"damage":43,"enemies":"Slime Boss","floor":16,"turns":12},{"damage":32,"enemies":"3 Byrds","floor":18,"turns":5},{"damage":28,"enemies":"Chosen","floor":19,"turns":4}],"seed_played":"9212168853585143809","potions_obtained":[{"floor":1,"key":"GamblersBrew"},{"floor":6,"key":"LiquidBronze"},{"floor":13,"key":"Explosive Potion"},{"floor":14,"key":"Regen Potion"},{"floor":16,"key":"SteroidPotion"}],"is_trial":false,"path_per_floor":["M","M","?","?","$","E","M","R","T","E","R","?","M","M","R","B",null,"M","M"],"character_chosen":"DEFECT","items_purchased":["Gash","Scrape","Steam","BootSequence","Good Instincts"],"campfire_rested":1,"item_purchase_floors":[5,5,5,5,5],"current_hp_per_floor":[68,68,61,61,61,61,53,53,53,22,22,22,22,18,55,12,59,27,0],"gold":231,"neow_bonus":"THREE_ENEMY_KILL","is_prod":false,"is_daily":false,"chose_seed":false,"campfire_upgraded":2,"win_rate":0,"timestamp":1548589037,"path_taken":["M","?","?","?","$","E","M","R","T","E","R","?","?","M","R","BOSS","M","M"],"build_version":"2019-01-23","purchased_purges":0,"victory":false,"max_hp_per_floor":[75,75,75,75,75,75,75,75,75,75,75,75,75,75,75,75,75,75,75],"card_choices":[{"not_picked":["Fusion","Redo"],"picked":"Glacier","floor":1},{"not_picked":["Barrage","Redo"],"picked":"Beam Cell","floor":2},{"not_picked":["Doom and Gloom","Cold Snap"],"picked":"Beam Cell","floor":6},{"not_picked":["Double Energy","Fusion"],"picked":"Compile Driver","floor":7},{"not_picked":["Redo","White Noise"],"picked":"Ball Lightning","floor":10},{"not_picked":["Scrape","Turbo","Cold Snap"],"picked":"Machine Learning","floor":13},{"not_picked":["Sweeping Beam","Conserve Battery","Steam"],"picked":"Coolheaded","floor":14},{"not_picked":["Biased Cognition","Thunder Strike","Seek"],"picked":"Creative AI","floor":16},{"not_picked":["Coolheaded+1","Beam Cell+1","Leap","Conserve Battery+1"],"picked":"SKIP","floor":18}],"player_experience":666183,"relics_obtained":[{"floor":6,"key":"Whetstone"},{"floor":9,"key":"Regal Pillow"},{"floor":10,"key":"Question Card"}],"event_choices":[{"cards_removed":["Defend_B"],"damage_healed":0,"gold_gain":0,"player_choice":"Card Removal","damage_taken":7,"max_hp_gain":0,"max_hp_loss":0,"event_name":"Golden Wing","floor":3,"gold_loss":0},{"damage_healed":0,"gold_gain":175,"player_choice":"AGREE","damage_taken":0,"max_hp_gain":0,"max_hp_loss":0,"event_name":"Liars Game","floor":4,"gold_loss":0,"cards_obtained":["Doubt"]},{"cards_removed":["Doubt"],"damage_healed":0,"gold_gain":0,"player_choice":"Forget","damage_taken":0,"max_hp_gain":0,"max_hp_loss":0,"event_name":"Living Wall","floor":12,"gold_loss":0}],"is_beta":false,"boss_relics":[{"not_picked":["Velvet Choker","Ectoplasm"],"picked":"Inserter"}],"items_purged_floors":[],"is_endless":false,"potions_floor_spawned":[1,6,13,14,16],"killed_by":"Chosen","ascension_level":9}