{"gold_per_floor":[117,131,131,149,4,34,96,128,128,128,138,138,150,177,177,273,273,291,318,318,329,14,40,140,155,182,182,196,209,209,229,229,330,330,343,356,356,356,372,372,402,402,402,431,246,246,279,0,0,0,0,0,0,33,33],"floor_reached":55,"playtime":4460,"items_purged":["Defend_R"],"score":884,"play_id":"ee391a60-11dd-4583-ae55-1f471eb27d58","local_time":"20190204203050","is_ascension_mode":true,"campfire_choices":[{"floor":12,"key":"REST"},{"floor":15,"key":"REST"},{"floor":27,"key":"REST"},{"floor":30,"key":"REST"},{"floor":32,"key":"REST"},{"floor":40,"key":"RECALL"},{"data":"Barricade","floor":46,"key":"SMITH"},{"data":"Demon Form","floor":49,"key":"SMITH"},{"data":"Body Slam","floor":52,"key":"SMITH"}],"neow_cost":"CURSE","seed_source_timestamp":172592400277800,"circlet_count":0,"master_deck":["Defend_R","Defend_R","Bash","Barricade+1","Demon Form+1","Warcry","Carnage","Pommel Strike","Fiend Fire","Body Slam+1","Flame Barrier","Entrench+1","Exhume+1","Warcry+1","Double Tap+1","Dark Embrace","Ghostly Armor+1","Sentinel+1","Uppercut","True Grit+1","Havoc+1","Disarm+1","Impervious+1","Entrench+1","Apotheosis+1","Immolate","Flame Barrier+1","Havoc+1","PanicButton+1","Shrug It Off+1","Feel No Pain"],"relics":["Burning Blood","Vajra","Pen Nib","Dodecahedron","Paper Frog","Toxic Egg 2","Bronze Scales","Astrolabe","MutagenicStrength","Singing Bowl","Strawberry","Ginger","Bottled Tornado","Red Skull","Velvet Choker","Dream Catcher","Incense Burner","Regal Pillow","PreservedInsect","Lantern","Centennial Puzzle"],"potions_floor_usage":[7,7,7,8,16,23,24,25,29,31,33,41,41],"damage_taken":[{"damage":2,"enemies":"Small Slimes","floor":1,"turns":5},{"damage":4,"enemies":"2 Louse","floor":2,"turns":3},{"damage":6,"enemies":"Cultist","floor":4,"turns":3},{"damage":36,"enemies":"3 Sentries","floor":6,"turns":6},{"damage":29,"enemies":"Lagavulin Event","floor":7,"turns":4},{"damage":2,"enemies":"Gremlin Nob","floor":8,"turns":3},{"damage":11,"enemies":"Exordium Wildlife","floor":11,"turns":5},{"damage":12,"enemies":"Blue Slaver","floor":13,"turns":2},{"damage":39,"enemies":"3 Sentries","floor":14,"turns":10},{"damage":19,"enemies":"Hexaghost","floor":16,"turns":8},{"damage":5,"enemies":"Chosen","floor":18,"turns":6},{"damage":2,"enemies":"Shell Parasite","floor":21,"turns":5},{"damage":26,"enemies":"Book of Stabbing","floor":23,"turns":6},{"damage":30,"enemies":"Colosseum Slavers","floor":24,"turns":5},{"damage":29,"enemies":"Colosseum Nobs","floor":24,"turns":6},{"damage":9,"enemies":"Snake Plant","floor":25,"turns":4},{"damage":39,"enemies":"Cultist and Chosen","floor":28,"turns":8},{"damage":18,"enemies":"3 Cultists","floor":29,"turns":7},{"damage":5,"enemies":"Snecko","floor":31,"turns":5},{"damage":22,"enemies":"Automaton","floor":33,"turns":9},{"damage":0,"enemies":"Orb Walker","floor":35,"turns":3},{"damage":22,"enemies":"3 Shapes","floor":36,"turns":5},{"damage":32,"enemies":"3 Darklings","floor":39,"turns":6},{"damage":18,"enemies":"Reptomancer","floor":41,"turns":3},{"damage":0,"enemies":"Nemesis","floor":44,"turns":7},{"damage":0,"enemies":"Giant Head","floor":47,"turns":7},{"damage":4,"enemies":"Donu and Deca","floor":50,"turns":15},{"damage":88,"enemies":"Shield and Spear","floor":54,"turns":8},{"damage":22,"enemies":"The Heart","floor":55,"turns":2}],"seed_played":"529329454050242850","potions_obtained":[{"floor":2,"key":"SteroidPotion"},{"floor":4,"key":"GamblersBrew"},{"floor":6,"key":"EssenceOfSteel"},{"floor":7,"key":"EssenceOfSteel"},{"floor":14,"key":"Energy Potion"},{"floor":16,"key":"Regen Potion"},{"floor":23,"key":"EssenceOfSteel"},{"floor":24,"key":"Block Potion"},{"floor":28,"key":"PowerPotion"},{"floor":29,"key":"BloodPotion"},{"floor":31,"key":"Block Potion"},{"floor":35,"key":"SpeedPotion"},{"floor":39,"key":"FearPotion"},{"floor":54,"key":"Dexterity Potion"}],"is_trial":false,"path_per_floor":["M","M","?","M","$","E","?","E","T","?","M","R","M","E","R","B",null,"M","T","?","M","$","E","?","M","T","R","M","M","R","M","R","B",null,"M","M","?","?","M","R","E","?","T","E","$","R","E","$","R","B",null,"R","$","E","B"],"character_chosen":"IRONCLAD","items_purchased":["Vajra","Singing Bowl","True Grit+1","Havoc+1","PanicButton+1","Lantern","Shrug It Off+1","Feel No Pain"],"campfire_rested":5,"item_purchase_floors":[5,22,22,45,45,48,48,48],"current_hp_per_floor":[80,80,80,80,80,50,27,31,31,31,26,50,44,11,35,22,80,80,80,80,80,80,78,33,30,30,57,24,14,41,53,81,65,95,97,81,81,81,57,57,45,45,45,51,51,51,59,59,59,61,101,101,101,21,0],"gold":33,"neow_bonus":"TRANSFORM_TWO_CARDS","is_prod":false,"is_daily":false,"chose_seed":false,"campfire_upgraded":3,"win_rate":0,"timestamp":1549341050,"path_taken":["M","M","?","M","$","E","?","E","T","?","M","R","M","E","R","BOSS","M","?","?","M","$","E","?","M","T","R","?","M","R","M","R","BOSS","M","?","?","?","?","R","E","?","T","E","$","R","E","$","R","BOSS","R","$","E","BOSS"],"build_version":"2019-01-23","purchased_purges":1,"victory":false,"max_hp_per_floor":[80,80,80,80,80,80,80,80,80,80,80,80,80,80,80,80,80,80,80,80,80,80,89,91,91,91,91,91,93,93,95,95,95,95,97,97,97,97,99,99,99,99,99,99,99,99,101,101,101,101,101,101,101,103,103],"card_choices":[{"not_picked":["Perfected Strike","Corruption"],"picked":"Warcry","floor":1},{"not_picked":["Clothesline","Flex"],"picked":"Carnage","floor":2},{"not_picked":["Twin Strike","Headbutt"],"picked":"Pommel Strike","floor":4},{"not_picked":["Anger","Iron Wave"],"picked":"Fiend Fire","floor":6},{"not_picked":["Wild Strike","Anger"],"picked":"Body Slam","floor":7},{"not_picked":["True Grit","Wild Strike"],"picked":"Flame Barrier","floor":8},{"not_picked":["Cleave","Flex+1"],"picked":"Exhume+1","floor":11},{"not_picked":["Clash","Twin Strike"],"picked":"Warcry+1","floor":13},{"not_picked":["Corruption","Havoc+1"],"picked":"Double Tap+1","floor":14},{"not_picked":["Bludgeon","Fiend Fire"],"picked":"Dark Embrace","floor":16},{"not_picked":["Fire Breathing","Iron Wave+1","Combust+1"],"picked":"SKIP","floor":18},{"not_picked":["Pummel","Headbutt+1"],"picked":"Uppercut","floor":21},{"not_picked":["Clothesline","Flex+1","Power Through+1"],"picked":"Singing Bowl","floor":23},{"not_picked":["Dual Wield+1","True Grit+1","Cleave"],"picked":"Singing Bowl","floor":24},{"not_picked":["Armaments+1","Thunderclap"],"picked":"Havoc+1","floor":25},{"not_picked":["Headbutt","Feel No Pain"],"picked":"Disarm+1","floor":28},{"not_picked":["Pommel Strike+1","Heavy Blade","Clash+1"],"picked":"Singing Bowl","floor":29},{"not_picked":["Flex+1","Armaments+1","Heavy Blade"],"picked":"Singing Bowl","floor":31},{"not_picked":["Feed","Brutality"],"picked":"Impervious+1","floor":33},{"not_picked":["Flex+1","Clothesline","Twin Strike"],"picked":"Singing Bowl","floor":35},{"not_picked":["Carnage","Shockwave+1"],"picked":"Entrench+1","floor":36},{"not_picked":["Trip+1","Enlightenment+1"],"picked":"Apotheosis+1","floor":37},{"not_picked":["Anger","Rupture","Sever Soul+1"],"picked":"Singing Bowl","floor":39},{"not_picked":["Infernal Blade+1","Perfected Strike"],"picked":"Immolate","floor":41},{"not_picked":["Headbutt","Twin Strike+1"],"picked":"Flame Barrier+1","floor":44},{"not_picked":["Warcry+1","Body Slam","Disarm+1"],"picked":"Singing Bowl","floor":47},{"not_picked":["True Grit+1","Infernal Blade+1","Cleave+1"],"picked":"Singing Bowl","floor":54}],"player_experience":272296,"relics_obtained":[{"floor":6,"key":"Pen Nib"},{"floor":7,"key":"Dodecahedron"},{"floor":8,"key":"Paper Frog"},{"floor":9,"key":"Toxic Egg 2"},{"floor":14,"key":"Bronze Scales"},{"floor":23,"key":"Strawberry"},{"floor":24,"key":"Ginger"},{"floor":24,"key":"Bottled Tornado"},{"floor":26,"key":"Red Skull"},{"floor":41,"key":"Dream Catcher"},{"floor":43,"key":"Incense Burner"},{"floor":44,"key":"Regal Pillow"},{"floor":47,"key":"PreservedInsect"},{"floor":54,"key":"Centennial Puzzle"}],"event_choices":[{"cards_removed":["Doubt"],"damage_healed":0,"gold_gain":0,"player_choice":"Forget","damage_taken":0,"max_hp_gain":0,"max_hp_loss":0,"event_name":"Living Wall","floor":3,"gold_loss":0},{"damage_healed":0,"gold_gain":0,"player_choice":"Searched \u00271\u0027 times","damage_taken":0,"max_hp_gain":0,"max_hp_loss":0,"event_name":"Dead Adventurer","floor":7,"gold_loss":0},{"damage_healed":0,"gold_gain":0,"cards_transformed":["Strike_R"],"player_choice":"Transformed","damage_taken":0,"max_hp_gain":0,"max_hp_loss":0,"event_name":"Transmorgrifier","floor":10,"gold_loss":0,"cards_obtained":["Entrench"]},{"damage_healed":0,"gold_gain":0,"player_choice":"Inject Mutagens","damage_taken":0,"relics_obtained":["MutagenicStrength"],"max_hp_gain":0,"max_hp_loss":0,"event_name":"Drug Dealer","floor":20,"gold_loss":0},{"damage_healed":0,"gold_gain":0,"player_choice":"Fight","damage_taken":0,"max_hp_gain":0,"max_hp_loss":0,"event_name":"Colosseum","floor":24,"gold_loss":0},{"damage_healed":0,"gold_gain":0,"player_choice":"Fought Nobs","damage_taken":0,"max_hp_gain":0,"max_hp_loss":0,"event_name":"Colosseum","floor":24,"gold_loss":0},{"damage_healed":0,"gold_gain":0,"player_choice":"Memory 1","damage_taken":0,"max_hp_gain":0,"max_hp_loss":0,"event_name":"SensoryStone","floor":37,"gold_loss":0},{"damage_healed":0,"gold_gain":0,"player_choice":"Ignored","damage_taken":0,"max_hp_gain":0,"max_hp_loss":0,"event_name":"SecretPortal","floor":38,"gold_loss":0},{"cards_removed":["Rupture"],"damage_healed":0,"gold_gain":0,"player_choice":"Removed Power","damage_taken":0,"max_hp_gain":0,"max_hp_loss":0,"event_name":"Falling","floor":42,"gold_loss":0}],"is_beta":false,"boss_relics":[{"not_picked":["Mark of Pain","Orrery"],"picked":"Astrolabe"},{"not_picked":["Runic Dome","Calling Bell"],"picked":"Velvet Choker"}],"items_purged_floors":[45],"is_endless":false,"potions_floor_spawned":[2,4,6,7,14,16,23,24,28,29,31,35,39,54],"killed_by":"The Heart","ascension_level":1}