{"gold_per_floor":[109,109,123,123,137,164,164,194,242,258,269,279,291,303,303,406,406,391,407,27,27,38,65,81,116,116,130,156,156,167,167,167,267,267,283,297,297,34,44,78,78,108,131,145,170,170,170,185,185,185,185,185,4,36,36],"floor_reached":55,"playtime":3423,"items_purged":["Strike_R","Strike_R","Strike_R"],"score":872,"play_id":"aa889f20-28e6-4492-bdbe-4086f89d74fe","local_time":"20190205125107","is_ascension_mode":true,"campfire_choices":[{"data":"True Grit","floor":7,"key":"SMITH"},{"floor":15,"key":"REST"},{"floor":29,"key":"RECALL"},{"data":"Havoc","floor":32,"key":"SMITH"},{"data":"Limit Break","floor":41,"key":"SMITH"},{"floor":46,"key":"REST"},{"data":"Shrug It Off","floor":49,"key":"SMITH"},{"data":"Limit Break","floor":52,"key":"SMITH"}],"neow_cost":"TEN_PERCENT_HP_LOSS","seed_source_timestamp":191703368889437,"circlet_count":0,"master_deck":["Strike_R","Defend_R","Defend_R","Defend_R","Defend_R","Bash","Offering","Feel No Pain","True Grit+1","Feed","Shrug It Off+1","Havoc+1","True Grit","Inflame","Reaper","Whirlwind+1","Limit Break+1","Metallicize+1","Headbutt","Immolate","Dropkick+1","Sentinel+1","Warcry","Limit Break+1","Ghostly Armor","Uppercut","Disarm","Havoc+1","Limit Break","True Grit+1","Shrug It Off","Disarm+1"],"relics":["Black Blood","Matryoshka","Omamori","Bag of Preparation","PreservedInsect","Velvet Choker","Bronze Scales","Darkstone Periapt","Mercury Hourglass","The Courier","Ornamental Fan","Bottled Flame","Orichalcum","Brimstone","Question Card","Pocketwatch","Boot","Bag of Marbles","Bird Faced Urn"],"potions_floor_usage":[10,11,13,16,23,25,25,30,40,45,48,54,55,55],"damage_taken":[{"damage":2,"enemies":"2 Louse","floor":1,"turns":3},{"damage":6,"enemies":"Cultist","floor":3,"turns":3},{"damage":14,"enemies":"Small Slimes","floor":5,"turns":4},{"damage":33,"enemies":"Gremlin Nob","floor":6,"turns":4},{"damage":41,"enemies":"3 Sentries","floor":8,"turns":13},{"damage":6,"enemies":"Exordium Wildlife","floor":10,"turns":7},{"damage":4,"enemies":"Lots of Slimes","floor":11,"turns":11},{"damage":6,"enemies":"Blue Slaver","floor":12,"turns":6},{"damage":5,"enemies":"Exordium Wildlife","floor":13,"turns":9},{"damage":6,"enemies":"Large Slime","floor":14,"turns":6},{"damage":43,"enemies":"Hexaghost","floor":16,"turns":7},{"damage":32,"enemies":"2 Thieves","floor":18,"turns":4},{"damage":6,"enemies":"3 Byrds","floor":19,"turns":3},{"damage":17,"enemies":"Snecko","floor":22,"turns":7},{"damage":6,"enemies":"Slavers","floor":23,"turns":2},{"damage":10,"enemies":"Sentry and Sphere","floor":24,"turns":3},{"damage":21,"enemies":"Gremlin Leader","floor":25,"turns":3},{"damage":0,"enemies":"3 Cultists","floor":27,"turns":3},{"damage":27,"enemies":"Slavers","floor":28,"turns":2},{"damage":0,"enemies":"Chosen and Byrds","floor":30,"turns":4},{"damage":64,"enemies":"Collector","floor":33,"turns":10},{"damage":14,"enemies":"3 Shapes","floor":35,"turns":2},{"damage":19,"enemies":"Orb Walker","floor":36,"turns":5},{"damage":2,"enemies":"Sphere and 2 Shapes","floor":39,"turns":3},{"damage":12,"enemies":"Giant Head","floor":40,"turns":5},{"damage":44,"enemies":"Nemesis","floor":42,"turns":5},{"damage":6,"enemies":"3 Darklings","floor":44,"turns":1},{"damage":35,"enemies":"Reptomancer","floor":45,"turns":4},{"damage":33,"enemies":"Writhing Mass","floor":48,"turns":5},{"damage":83,"enemies":"Donu and Deca","floor":50,"turns":5},{"damage":48,"enemies":"Shield and Spear","floor":54,"turns":5},{"damage":127,"enemies":"The Heart","floor":55,"turns":3}],"seed_played":"-3660316406087533869","potions_obtained":[{"floor":3,"key":"FairyPotion"},{"floor":8,"key":"Strength Potion"},{"floor":10,"key":"Block Potion"},{"floor":12,"key":"PowerPotion"},{"floor":13,"key":"AttackPotion"},{"floor":18,"key":"SkillPotion"},{"floor":19,"key":"Weak Potion"},{"floor":22,"key":"Weak Potion"},{"floor":24,"key":"SkillPotion"},{"floor":28,"key":"Swift Potion"},{"floor":33,"key":"FearPotion"},{"floor":36,"key":"GamblersBrew"},{"floor":40,"key":"Strength Potion"},{"floor":45,"key":"EssenceOfSteel"}],"is_trial":false,"path_per_floor":["M","$","M","?","M","E","R","E","T","M","M","M","M","M","R","B",null,"M","M","$","?","M","E","M","E","T","M","E","R","M","T","R","B",null,"M","M","?","$","M","E","R","E","T","M","E","R","?","M","R","B",null,"R","$","E","B"],"character_chosen":"IRONCLAD","items_purchased":["Bronze Scales","Limit Break","Metallicize","Brimstone","Uppercut","SkillPotion","Shrug It Off"],"campfire_rested":2,"item_purchase_floors":[20,20,20,38,38,53,53],"current_hp_per_floor":[72,72,72,72,64,37,37,11,11,14,19,23,28,31,57,20,89,83,86,86,86,75,78,78,75,75,84,66,66,72,72,72,14,104,104,99,99,99,107,105,105,71,71,75,77,110,110,88,88,43,111,111,111,89,0],"gold":36,"neow_bonus":"THREE_RARE_CARDS","is_prod":false,"is_daily":false,"chose_seed":false,"campfire_upgraded":5,"win_rate":0,"timestamp":1549399867,"path_taken":["M","$","M","?","M","E","R","E","T","?","M","M","M","M","R","BOSS","M","M","$","?","M","E","M","E","T","M","E","R","M","?","R","BOSS","M","M","?","$","M","E","R","E","T","?","E","R","?","M","R","BOSS","R","$","E","BOSS"],"build_version":"2019-01-23","purchased_purges":3,"victory":false,"max_hp_per_floor":[72,72,72,72,72,72,72,72,72,75,78,82,86,89,89,89,89,92,95,95,95,95,98,98,98,98,101,104,104,104,104,104,104,104,108,108,108,108,108,108,108,108,108,108,111,111,111,111,111,111,111,111,111,111,111],"card_choices":[{"not_picked":["Juggernaut","Immolate"],"picked":"Offering","floor":0},{"not_picked":["Clothesline","Perfected Strike"],"picked":"Feel No Pain","floor":1},{"not_picked":["Body Slam","Thunderclap"],"picked":"True Grit","floor":3},{"not_picked":["Headbutt","Flex"],"picked":"Feed","floor":5},{"not_picked":["Clash","Cleave","Thunderclap"],"picked":"SKIP","floor":6},{"not_picked":["Armaments","Feed"],"picked":"Shrug It Off","floor":8},{"not_picked":["Dual Wield","Heavy Blade"],"picked":"Armaments","floor":10},{"not_picked":["Sword Boomerang","Hemokinesis"],"picked":"Havoc","floor":11},{"not_picked":["Clash","Sword Boomerang"],"picked":"True Grit","floor":12},{"not_picked":["Iron Wave","Fire Breathing"],"picked":"Inflame","floor":13},{"not_picked":["Flex","Hemokinesis","Anger"],"picked":"SKIP","floor":14},{"not_picked":["Offering","Berserk"],"picked":"Reaper","floor":16},{"not_picked":["Rampage","Thunderclap"],"picked":"Whirlwind+1","floor":18},{"not_picked":["Wild Strike+1","Clash","Perfected Strike+1"],"picked":"SKIP","floor":19},{"not_picked":["Rupture","Body Slam"],"picked":"Headbutt","floor":22},{"not_picked":["Sword Boomerang","Reckless Charge+1"],"picked":"Immolate","floor":23},{"not_picked":["Anger","Rupture+1"],"picked":"Dropkick+1","floor":24},{"not_picked":["Twin Strike","Combust+1","Blood for Blood"],"picked":"SKIP","floor":25},{"not_picked":["Clothesline","Ghostly Armor"],"picked":"Sentinel+1","floor":27},{"not_picked":["Pommel Strike","Clothesline"],"picked":"Warcry","floor":28},{"not_picked":["Warcry","Headbutt","Anger"],"picked":"SKIP","floor":30},{"not_picked":["Immolate","Bludgeon"],"picked":"Limit Break","floor":33},{"not_picked":["Dropkick","Headbutt+1","Sever Soul"],"picked":"SKIP","floor":35},{"not_picked":["Sever Soul+1","Armaments+1"],"picked":"Ghostly Armor","floor":36},{"not_picked":["Iron Wave+1","Twin Strike+1"],"picked":"Disarm","floor":39},{"not_picked":["Intimidate","Headbutt","Body Slam"],"picked":"SKIP","floor":40},{"not_picked":["Blood for Blood+1","Whirlwind","Wild Strike"],"picked":"Havoc+1","floor":42},{"not_picked":["Warcry","Evolve+1","Thunderclap+1"],"picked":"Limit Break","floor":44},{"not_picked":["Bloodletting+1","Spot Weakness","Clash+1"],"picked":"True Grit+1","floor":45},{"not_picked":["Blood for Blood","Perfected Strike+1","Armaments","Clash"],"picked":"SKIP","floor":48},{"not_picked":["Anger+1","Pummel","Infernal Blade"],"picked":"Disarm+1","floor":54}],"player_experience":280261,"relics_obtained":[{"floor":6,"key":"Matryoshka"},{"floor":8,"key":"Omamori"},{"floor":9,"key":"Bag of Preparation"},{"floor":9,"key":"PreservedInsect"},{"floor":23,"key":"Mercury Hourglass"},{"floor":25,"key":"The Courier"},{"floor":26,"key":"Ornamental Fan"},{"floor":26,"key":"Bottled Flame"},{"floor":28,"key":"Orichalcum"},{"floor":40,"key":"Question Card"},{"floor":42,"key":"Pocketwatch"},{"floor":43,"key":"Boot"},{"floor":45,"key":"Bag of Marbles"},{"floor":54,"key":"Bird Faced Urn"}],"event_choices":[{"cards_removed":["Strike_R"],"damage_healed":0,"gold_gain":0,"player_choice":"Purged","damage_taken":0,"max_hp_gain":0,"max_hp_loss":0,"event_name":"Purifier","floor":4,"gold_loss":0},{"damage_healed":0,"gold_gain":0,"player_choice":"Stole Relic","damage_taken":0,"relics_obtained":["Darkstone Periapt"],"max_hp_gain":0,"max_hp_loss":0,"event_name":"Addict","floor":21,"gold_loss":0,"cards_obtained":["Shame"]},{"damage_healed":0,"gold_gain":0,"player_choice":"Upgraded","damage_taken":0,"max_hp_gain":0,"max_hp_loss":0,"event_name":"Upgrade Shrine","floor":37,"gold_loss":0,"cards_upgraded":["Metallicize"]},{"cards_removed":["Armaments"],"damage_healed":0,"gold_gain":0,"player_choice":"Removed Skill","damage_taken":0,"max_hp_gain":0,"max_hp_loss":0,"event_name":"Falling","floor":47,"gold_loss":0}],"is_beta":false,"boss_relics":[{"not_picked":["Calling Bell","Runic Dome"],"picked":"Velvet Choker"},{"not_picked":["Philosopher\u0027s Stone","Mark of Pain"],"picked":"Black Blood"}],"items_purged_floors":[20,38,53],"is_endless":false,"potions_floor_spawned":[3,8,10,12,13,18,19,22,24,28,33,36,40,45],"killed_by":"The Heart","ascension_level":1}