{"gold_per_floor":[112,123,123,198,210,210,225,250,332,332,351,351,367,378,378,378],"floor_reached":16,"playtime":458,"items_purged":[],"score":104,"play_id":"de45d688-557a-4e8a-a883-80e74cc7fc0c","local_time":"20190120143946","is_ascension_mode":false,"campfire_choices":[{"data":"Bash","floor":6,"key":"SMITH"},{"floor":10,"key":"REST"},{"data":"Havoc","floor":15,"key":"SMITH"}],"neow_cost":"NONE","seed_source_timestamp":16997408250060,"circlet_count":0,"master_deck":["Strike_R","Strike_R","Strike_R+1","Strike_R","Strike_R","Defend_R+1","Defend_R","Defend_R","Defend_R","Bash+1","Infernal Blade","Headbutt","Regret","Dropkick","Flex","Ghostly Armor","Havoc+1","True Grit"],"relics":["Burning Blood","Bronze Scales","Turnip","Vajra","Mercury Hourglass"],"potions_floor_usage":[7,16],"damage_taken":[{"damage":5,"enemies":"2 Louse","floor":1,"turns":3},{"damage":5,"enemies":"Small Slimes","floor":2,"turns":3},{"damage":6,"enemies":"Jaw Worm","floor":5,"turns":4},{"damage":16,"enemies":"Lots of Slimes","floor":7,"turns":4},{"damage":38,"enemies":"Gremlin Nob","floor":8,"turns":4},{"damage":14,"enemies":"Blue Slaver","floor":11,"turns":2},{"damage":0,"enemies":"2 Fungi Beasts","floor":13,"turns":3},{"damage":1,"enemies":"Exordium Wildlife","floor":14,"turns":2},{"damage":51,"enemies":"The Guardian","floor":16,"turns":6}],"seed_played":"-2057333199436512384","potions_obtained":[{"floor":1,"key":"Regen Potion"},{"floor":11,"key":"SpeedPotion"},{"floor":13,"key":"Explosive Potion"},{"floor":14,"key":"SpeedPotion"}],"is_trial":false,"path_per_floor":["M","M","?","?","M","R","M","E","T","R","M","?","M","M","R","B"],"character_chosen":"IRONCLAD","items_purchased":[],"campfire_rested":1,"item_purchase_floors":[],"current_hp_per_floor":[80,80,80,69,69,69,71,39,39,63,55,39,45,50,50,0],"gold":378,"neow_bonus":"RANDOM_COMMON_RELIC","is_prod":false,"is_daily":false,"chose_seed":false,"campfire_upgraded":2,"win_rate":0,"timestamp":1547973586,"path_taken":["M","M","?","?","M","R","M","E","T","R","M","?","?","?","R","BOSS"],"build_version":"2019-01-17v2","purchased_purges":0,"victory":false,"max_hp_per_floor":[80,80,80,80,80,80,80,80,80,80,80,80,80,80,80,80],"card_choices":[{"not_picked":["Sever Soul","Whirlwind"],"picked":"Infernal Blade","floor":1},{"not_picked":["Dual Wield","Infernal Blade"],"picked":"Headbutt","floor":2},{"not_picked":["Dual Wield","Corruption"],"picked":"Dropkick","floor":5},{"not_picked":["Bloodletting","Pummel"],"picked":"Flex","floor":7},{"not_picked":["Armaments","Uppercut"],"picked":"Ghostly Armor","floor":8},{"not_picked":["Dropkick","Body Slam"],"picked":"Havoc","floor":11},{"not_picked":["Cleave","Armaments"],"picked":"True Grit","floor":13},{"not_picked":["True Grit","Seeing Red","Hemokinesis"],"picked":"SKIP","floor":14}],"player_experience":613354,"relics_obtained":[{"floor":8,"key":"Vajra"},{"floor":9,"key":"Mercury Hourglass"}],"event_choices":[{"damage_healed":0,"gold_gain":0,"player_choice":"Box","damage_taken":0,"relics_obtained":["Turnip"],"max_hp_gain":0,"max_hp_loss":0,"event_name":"Big Fish","floor":3,"gold_loss":0,"cards_obtained":["Regret"]},{"damage_healed":0,"gold_gain":75,"player_choice":"Gather Gold","damage_taken":11,"max_hp_gain":0,"max_hp_loss":0,"event_name":"World of Goop","floor":4,"gold_loss":0},{"damage_healed":0,"gold_gain":0,"player_choice":"Entered Light","damage_taken":16,"max_hp_gain":0,"max_hp_loss":0,"event_name":"Shining Light","floor":12,"gold_loss":0,"cards_upgraded":["Strike_R","Defend_R"]}],"is_beta":false,"boss_relics":[],"items_purged_floors":[],"is_endless":false,"potions_floor_spawned":[1,11,13,14],"killed_by":"The Guardian","ascension_level":0}