{"gold_per_floor":[112,112,131,10,10,10,23,23,49,69,69,123,20,35,35,109,109,127,28,28,43,60,60],"floor_reached":23,"playtime":982,"items_purged":["Decay"],"score":353,"play_id":"48eefbba-b8d5-4b2c-9e59-43f865943135","local_time":"20190201174423","is_ascension_mode":true,"campfire_choices":[{"data":"Neutralize","floor":6.0,"key":"SMITH"},{"data":"Cloak And Dagger","floor":8.0,"key":"SMITH"},{"data":"Sucker Punch","floor":11.0,"key":"SMITH"},{"data":"Noxious Fumes","floor":15.0,"key":"SMITH"}],"neow_cost":"NONE","seed_source_timestamp":108450849279880,"circlet_count":0,"master_deck":["AscendersBane","Defend_G","Defend_G","Defend_G","Defend_G","Defend_G","Strike_G","Strike_G","Strike_G","Strike_G","Survivor","Neutralize+1","Sucker Punch+1","Slice","Escape Plan","Dash","Cloak And Dagger+1","Dodge and Roll","Noxious Fumes+1","Deflect","Envenom","Dagger Spray","Phantasmal Killer","Backstab"],"special_seed":0,"relics":["Ring of the Serpent","Blood Vial","Tiny Chest"],"potions_floor_usage":[22,22],"damage_taken":[{"damage":2.0,"enemies":"2 Louse","floor":1.0,"turns":5.0},{"damage":17.0,"enemies":"Cultist","floor":3.0,"turns":6.0},{"damage":4.0,"enemies":"Jaw Worm","floor":7.0,"turns":4.0},{"damage":11.0,"enemies":"Large Slime","floor":10.0,"turns":9.0},{"damage":2.0,"enemies":"Lots of Slimes","floor":14.0,"turns":7.0},{"damage":31.0,"enemies":"The Guardian","floor":16.0,"turns":13.0},{"damage":12,"enemies":"Shell Parasite","floor":18,"turns":7},{"damage":22,"enemies":"Chosen","floor":21,"turns":7},{"damage":10,"enemies":"3 Cultists","floor":22,"turns":4},{"damage":25,"enemies":"Book of Stabbing","floor":23,"turns":5}],"seed_played":"-816348811188954869","potions_obtained":[{"floor":3.0,"key":"Regen Potion"},{"floor":7.0,"key":"AttackPotion"},{"floor":16.0,"key":"GamblersBrew"},{"floor":21,"key":"Fire Potion"}],"is_trial":false,"path_per_floor":["M","?","M","$","?","R","M","R","T","M","R","T","$","M","R","B",null,"M","$","?","M","M","E"],"character_chosen":"THE_SILENT","items_purchased":["Escape Plan","Dash","Noxious Fumes","Deflect","Dagger Spray"],"campfire_rested":0,"item_purchase_floors":[4,4,13,13,19],"current_hp_per_floor":[63,63,46,46,46,46,42,42,42,33,33,33,33,48,48,19,59,49,49,49,29,21,0],"gold":60,"neow_bonus":"TEN_PERCENT_HP_BONUS","is_prod":false,"is_daily":false,"chose_seed":false,"campfire_upgraded":4,"win_rate":0,"timestamp":1549043063,"path_taken":["M","?","?","?","?","R","M","R","T","M","R","?","$","M","R","BOSS","M","$","?","?","M","E"],"build_version":"2019-01-23","purchased_purges":1,"victory":false,"max_hp_per_floor":[72,72,72,72,72,72,72,72,72,72,72,72,72,72,72,72,72,72,72,72,72,72,72],"card_choices":[{"not_picked":["Flying Knee","Reflex"],"picked":"Sucker Punch","floor":1.0},{"not_picked":["Underhanded Strike","Outmaneuver"],"picked":"Slice","floor":3.0},{"not_picked":["PiercingWail","Prepared"],"picked":"Cloak And Dagger","floor":7.0},{"not_picked":["Underhanded Strike","Prepared"],"picked":"Dodge and Roll","floor":10.0},{"not_picked":["Concentrate","Deflect","Calculated Gamble"],"picked":"SKIP","floor":14.0},{"not_picked":["Tools of the Trade","Night Terror"],"picked":"Envenom","floor":16.0},{"not_picked":["Setup","Dodge and Roll","Quick Slash"],"picked":"SKIP","floor":18},{"not_picked":["Slice","Quick Slash","Cloak And Dagger"],"picked":"SKIP","floor":21},{"not_picked":["Expertise","Flying Knee"],"picked":"Backstab","floor":22}],"player_experience":1257876,"relics_obtained":[{"floor":9.0,"key":"Blood Vial"},{"floor":12.0,"key":"Tiny Chest"}],"event_choices":[{"damage_healed":0.0,"max_hp_gain":0.0,"max_hp_loss":0.0,"gold_gain":0.0,"event_name":"Wheel of Change","player_choice":"Cursed","floor":2.0,"gold_loss":0.0,"damage_taken":0.0,"cards_obtained":["Decay"]},{"damage_healed":0.0,"max_hp_gain":0.0,"max_hp_loss":0.0,"gold_gain":0.0,"event_name":"Liars Game","player_choice":"Ignored","floor":5.0,"gold_loss":0.0,"damage_taken":0.0},{"damage_healed":0,"gold_gain":0,"cards_transformed":["Strike_G"],"player_choice":"Transformed","damage_taken":0,"max_hp_gain":0,"max_hp_loss":0,"event_name":"Transmorgrifier","floor":20,"gold_loss":0,"cards_obtained":["Phantasmal Killer"]}],"is_beta":false,"boss_relics":[{"not_picked":["Pandora\u0027s Box","Velvet Choker"],"picked":"Ring of the Serpent"}],"items_purged_floors":[19],"is_endless":false,"potions_floor_spawned":[3,7,16,21],"killed_by":"Book of Stabbing","ascension_level":19}