{"gold_per_floor":[366,377,23,37,37,37,75,100,100,168,168,184,184,198,198,327,327,351,335,32,177,177,177],"floor_reached":23,"playtime":1934,"items_purged":["Defend_R"],"score":201,"play_id":"0598f8ad-fc42-44ae-b3b4-0cd350cda5a7","local_time":"20190129173454","is_ascension_mode":false,"campfire_choices":[{"data":"Havoc","floor":6,"key":"SMITH"},{"floor":11,"key":"REST"},{"floor":15,"key":"REST"}],"neow_cost":"PERCENT_DAMAGE","seed_source_timestamp":8990317825007,"circlet_count":0,"master_deck":["Strike_R","Defend_R","Defend_R","Defend_R","Bash","Havoc","Havoc+1","Battle Trance","Exhume","Whirlwind","Pommel Strike","Reaper","Battle Trance+1","Inflame+1","True Grit+1","Shrug It Off","Feel No Pain","Metallicize"],"relics":["Burning Blood","Lantern","Toolbox","Golden Idol","Meat on the Bone","Shuriken","Tiny Chest","Astrolabe","Red Skull","Magic Flower","Pantograph"],"potions_floor_usage":[7,8,10,16,19,21,21],"damage_taken":[{"damage":15,"enemies":"Jaw Worm","floor":1,"turns":4},{"damage":9,"enemies":"2 Louse","floor":2,"turns":3},{"damage":0,"enemies":"Cultist","floor":4,"turns":2},{"damage":47,"enemies":"Lagavulin","floor":7,"turns":8},{"damage":8,"enemies":"Red Slaver","floor":8,"turns":2},{"damage":17,"enemies":"Gremlin Nob","floor":10,"turns":3},{"damage":5,"enemies":"Exordium Thugs","floor":12,"turns":6},{"damage":0,"enemies":"Exordium Wildlife","floor":14,"turns":3},{"damage":64,"enemies":"Hexaghost","floor":16,"turns":8},{"damage":0,"enemies":"3 Byrds","floor":18,"turns":3},{"damage":18,"enemies":"2 Thieves","floor":19,"turns":4},{"damage":27,"enemies":"Colosseum Slavers","floor":21,"turns":5},{"damage":80,"enemies":"Colosseum Nobs","floor":21,"turns":6},{"damage":64,"enemies":"Slavers","floor":23,"turns":6}],"seed_played":"6400432567418869991","potions_obtained":[{"floor":1,"key":"LiquidBronze"},{"floor":2,"key":"Ancient Potion"},{"floor":7,"key":"Explosive Potion"},{"floor":8,"key":"Strength Potion"},{"floor":14,"key":"SkillPotion"},{"floor":16,"key":"Regen Potion"},{"floor":19,"key":"FearPotion"}],"is_trial":false,"path_per_floor":["M","M","$","M","?","R","E","M","T","E","R","M","?","M","R","B",null,"M","M","$","?","?","E"],"character_chosen":"IRONCLAD","items_purchased":["Lantern","Toolbox","Feel No Pain","Red Skull"],"campfire_rested":2,"item_purchase_floors":[3,3,20,20],"current_hp_per_floor":[47,44,44,50,50,50,9,19,19,20,42,55,48,54,74,28,74,74,62,62,28,28,0],"gold":177,"neow_bonus":"TWO_FIFTY_GOLD","is_prod":false,"is_daily":false,"chose_seed":false,"campfire_upgraded":1,"win_rate":0,"timestamp":1548812094,"path_taken":["M","M","$","M","?","R","E","M","T","E","R","M","?","M","R","BOSS","M","M","$","?","?","E"],"build_version":"2019-01-23","purchased_purges":1,"victory":false,"max_hp_per_floor":[80,80,80,80,74,74,74,74,74,74,74,74,74,74,74,74,74,74,74,74,74,74,74],"card_choices":[{"not_picked":["Infernal Blade","Dual Wield"],"picked":"Havoc","floor":1},{"not_picked":["Cleave","Body Slam"],"picked":"Havoc","floor":2},{"not_picked":["Wild Strike","Clothesline"],"picked":"Battle Trance","floor":4},{"not_picked":["Dark Embrace","Seeing Red"],"picked":"Exhume","floor":7},{"not_picked":["Pummel","Infernal Blade","Twin Strike"],"picked":"SKIP","floor":8},{"not_picked":["Ghostly Armor","Combust"],"picked":"Whirlwind","floor":10},{"not_picked":["Perfected Strike","Thunderclap","Power Through"],"picked":"SKIP","floor":12},{"not_picked":["Sword Boomerang","Iron Wave"],"picked":"Pommel Strike","floor":14},{"not_picked":["Fiend Fire","Barricade"],"picked":"Reaper","floor":16},{"not_picked":["Armaments","True Grit"],"picked":"Shrug It Off","floor":18},{"not_picked":["Heavy Blade","Sword Boomerang","Thunderclap"],"picked":"SKIP","floor":19},{"not_picked":["Thunderclap","Havoc"],"picked":"Metallicize","floor":21}],"player_experience":195709,"relics_obtained":[{"floor":7,"key":"Meat on the Bone"},{"floor":9,"key":"Shuriken"},{"floor":10,"key":"Tiny Chest"},{"floor":21,"key":"Magic Flower"},{"floor":21,"key":"Pantograph"}],"event_choices":[{"damage_healed":0,"gold_gain":0,"player_choice":"Lose Max HP","damage_taken":0,"relics_obtained":["Golden Idol"],"max_hp_gain":0,"max_hp_loss":6,"event_name":"Golden Idol","floor":5,"gold_loss":0},{"cards_removed":["Strike_R"],"damage_healed":0,"gold_gain":0,"player_choice":"Card Removal","damage_taken":7,"max_hp_gain":0,"max_hp_loss":0,"event_name":"Golden Wing","floor":13,"gold_loss":0},{"damage_healed":0,"gold_gain":0,"player_choice":"Fight","damage_taken":0,"max_hp_gain":0,"max_hp_loss":0,"event_name":"Colosseum","floor":21,"gold_loss":0},{"damage_healed":0,"gold_gain":0,"player_choice":"Fought Nobs","damage_taken":0,"max_hp_gain":0,"max_hp_loss":0,"event_name":"Colosseum","floor":21,"gold_loss":0},{"damage_healed":0,"gold_gain":0,"player_choice":"Ignored","damage_taken":0,"max_hp_gain":0,"max_hp_loss":0,"event_name":"NoteForYourself","floor":22,"gold_loss":0}],"is_beta":false,"boss_relics":[{"not_picked":["White Beast Statue","Black Star"],"picked":"Astrolabe"}],"items_purged_floors":[20],"is_endless":false,"potions_floor_spawned":[1,2,7,8,14,16,19],"killed_by":"Slavers","ascension_level":0}