{"gold_per_floor":[118,268,543,38,55,55,80,155,179,196,196,196,530,546,546,617,617,634,634,634],"floor_reached":20,"playtime":762,"items_purged":["Doubt"],"score":425,"play_id":"1f1f9f9c-4cec-4e49-9db1-245616ee5cfe","local_time":"20190204232842","is_ascension_mode":true,"campfire_choices":[{"data":"Apotheosis","floor":6,"key":"SMITH"},{"data":"Noxious Fumes","floor":12,"key":"SMITH"},{"floor":15,"key":"REST"}],"neow_cost":"NONE","seed_source_timestamp":255688316018068,"circlet_count":0,"master_deck":["AscendersBane","Defend_G","Defend_G","Defend_G","Defend_G","Defend_G","Strike_G","Strike_G","Strike_G","Strike_G","Strike_G","Survivor","Neutralize","Bouncing Flask","Apotheosis+1","Noxious Fumes+1","Leg Sweep","Finesse","Deflect","Sucker Punch","Backflip","Predator","Blade Dance","Tools of the Trade","Distraction"],"relics":["Ring of the Snake","NeowsBlessing","Boot","Ancient Tea Set","FaceOfCleric","Old Coin","Eternal Feather"],"potions_floor_usage":[13,20],"damage_taken":[{"damage":0,"enemies":"Jaw Worm","floor":1,"turns":1},{"damage":0,"enemies":"Small Slimes","floor":5,"turns":1},{"damage":0,"enemies":"Lagavulin","floor":7,"turns":1},{"damage":2,"enemies":"Cultist","floor":10,"turns":5},{"damage":17,"enemies":"3 Sentries","floor":13,"turns":8},{"damage":2,"enemies":"3 Louse","floor":14,"turns":4},{"damage":27,"enemies":"Slime Boss","floor":16,"turns":11},{"damage":5,"enemies":"Shell Parasite","floor":18,"turns":6},{"damage":67,"enemies":"Masked Bandits","floor":20,"turns":3}],"seed_played":"-166511021728189017","potions_obtained":[{"floor":10,"key":"Regen Potion"},{"floor":16,"key":"FearPotion"}],"is_trial":false,"path_per_floor":["M","?","?","$","M","R","E","?","T","M","?","R","E","M","R","B",null,"M","?","?"],"character_chosen":"THE_SILENT","items_purchased":["Apotheosis","Noxious Fumes","Leg Sweep","Finesse"],"campfire_rested":1,"item_purchase_floors":[4,4,4,4],"current_hp_per_floor":[59,59,59,59,59,59,59,48,48,46,46,46,45,44,64,38,61,57,57,0],"gold":634,"neow_bonus":"THREE_ENEMY_KILL","is_prod":false,"is_daily":false,"chose_seed":false,"campfire_upgraded":2,"win_rate":0,"timestamp":1549322922,"path_taken":["M","?","?","$","?","R","E","?","T","M","?","R","E","M","R","BOSS","M","?","?"],"build_version":"2019-01-23","purchased_purges":1,"victory":false,"max_hp_per_floor":[66,66,66,66,66,66,66,66,66,66,66,66,67,68,68,69,69,70,70,70],"card_choices":[{"not_picked":["Prepared","Dodge and Roll"],"picked":"Bouncing Flask","floor":1},{"not_picked":["Poisoned Stab","Underhanded Strike"],"picked":"Deflect","floor":5},{"not_picked":["Underhanded Strike","Dagger Spray"],"picked":"Sucker Punch","floor":7},{"not_picked":["Blade Dance","Endless Agony"],"picked":"Backflip","floor":10},{"not_picked":["Setup","Backstab"],"picked":"Predator","floor":13},{"not_picked":["Poisoned Stab","Acrobatics"],"picked":"Blade Dance","floor":14},{"not_picked":["Wraith Form v2","Glass Knife"],"picked":"Tools of the Trade","floor":16},{"not_picked":["Endless Agony","Acrobatics+1"],"picked":"Distraction","floor":18}],"player_experience":1267456,"relics_obtained":[{"floor":7,"key":"Boot"},{"floor":9,"key":"Ancient Tea Set"},{"floor":13,"key":"Old Coin"}],"event_choices":[{"damage_healed":0,"gold_gain":150,"player_choice":"AGREE","damage_taken":0,"max_hp_gain":0,"max_hp_loss":0,"event_name":"Liars Game","floor":2,"gold_loss":0,"cards_obtained":["Doubt"]},{"damage_healed":0,"gold_gain":275,"player_choice":"Desecrate","damage_taken":0,"max_hp_gain":0,"max_hp_loss":0,"event_name":"Golden Shrine","floor":3,"gold_loss":0,"cards_obtained":["Regret"]},{"damage_healed":0,"gold_gain":75,"player_choice":"Gather Gold","damage_taken":11,"max_hp_gain":0,"max_hp_loss":0,"event_name":"World of Goop","floor":8,"gold_loss":0},{"damage_healed":0,"gold_gain":0,"player_choice":"Trade","damage_taken":0,"relics_obtained":["FaceOfCleric"],"max_hp_gain":0,"max_hp_loss":0,"event_name":"FaceTrader","floor":11,"gold_loss":0},{"cards_removed":["Regret"],"damage_healed":0,"gold_gain":0,"player_choice":"Elegance","damage_taken":0,"max_hp_gain":0,"max_hp_loss":0,"event_name":"Back to Basics","floor":19,"gold_loss":0},{"damage_healed":0,"gold_gain":0,"player_choice":"Fought Bandits","damage_taken":0,"max_hp_gain":0,"max_hp_loss":0,"event_name":"Masked Bandits","floor":20,"gold_loss":0}],"is_beta":false,"boss_relics":[{"not_picked":["Empty Cage","Orrery"],"picked":"Eternal Feather"}],"items_purged_floors":[4],"is_endless":false,"potions_floor_spawned":[10,16],"killed_by":"Masked Bandits","ascension_level":19}