{"gold_per_floor":[116,81,381,2,18,18,29,60,60,87,118,129,129,141,141,216,216,230,247,247,162,36,36,54,54,54,54,54,66,6,21,21,96,96,115,115,131,131,131,131,147,147,147,247,247,247,261,278,278,278],"floor_reached":50,"playtime":3232,"items_purged":[],"score":946,"play_id":"8ceeef29-249d-4ae7-8815-911951dee981","local_time":"20190206002428","is_ascension_mode":true,"campfire_choices":[{"data":"Night Terror","floor":6.0,"key":"SMITH"},{"data":"Bullet Time","floor":13.0,"key":"SMITH"},{"data":"Neutralize","floor":15.0,"key":"SMITH"},{"data":"Burst","floor":23.0,"key":"SMITH"},{"data":"Masterful Stab","floor":25.0,"key":"SMITH"},{"data":"Deflect","floor":28.0,"key":"SMITH"},{"data":"Crippling Poison","floor":32.0,"key":"SMITH"},{"data":"Leg Sweep","floor":40.0,"key":"SMITH"},{"data":"Dodge and Roll","floor":42.0,"key":"SMITH"},{"data":"Well Laid Plans","floor":46.0,"key":"SMITH"},{"data":"Finisher","floor":49.0,"key":"SMITH"}],"neow_cost":"NONE","seed_source_timestamp":342660140426839,"circlet_count":0,"master_deck":["AscendersBane","Survivor","Neutralize+1","Masterful Stab+1","Endless Agony","Crippling Poison+1","Blur","Glass Knife","Prepared","Dodge and Roll+1","Night Terror+1","Doppelganger","Finisher+1","Acrobatics","All Out Attack","PiercingWail","Bullet Time+1","Sucker Punch","Cloak And Dagger","Leg Sweep+1","Burst+1","Underhanded Strike","Well Laid Plans+1","Deflect+1","Dodge and Roll+1","Die Die Die","Deflect+1","Terror+1"],"special_seed":0,"relics":["Pandora\u0027s Box","Old Coin","Oddly Smooth Stone","Bag of Preparation","Bottled Lightning","WingedGreaves","Gremlin Horn","Ornamental Fan","Eternal Feather","Omamori","Letter Opener","Nilry\u0027s Codex","Toxic Egg 2","Philosopher\u0027s Stone","Pantograph","FossilizedHelix","Tough Bandages"],"potions_floor_usage":[50,50],"damage_taken":[{"damage":8.0,"enemies":"2 Louse","floor":1.0,"turns":2.0},{"damage":0.0,"enemies":"Small Slimes","floor":5.0,"turns":2.0},{"damage":3.0,"enemies":"Jaw Worm","floor":7.0,"turns":3.0},{"damage":4.0,"enemies":"Gremlin Nob","floor":8.0,"turns":3.0},{"damage":6.0,"enemies":"Lagavulin","floor":10.0,"turns":4.0},{"damage":0.0,"enemies":"Gremlin Nob","floor":11.0,"turns":3.0},{"damage":0.0,"enemies":"Exordium Wildlife","floor":12.0,"turns":1.0},{"damage":0.0,"enemies":"Large Slime","floor":14.0,"turns":3.0},{"damage":3.0,"enemies":"Hexaghost","floor":16.0,"turns":11.0},{"damage":0.0,"enemies":"2 Thieves","floor":18.0,"turns":3.0},{"damage":0.0,"enemies":"Shell Parasite","floor":19.0,"turns":4.0},{"damage":17.0,"enemies":"Snake Plant","floor":24.0,"turns":5.0},{"damage":0.0,"enemies":"Centurion and Healer","floor":29.0,"turns":7.0},{"damage":2.0,"enemies":"Shelled Parasite and Fungi","floor":31.0,"turns":6.0},{"damage":58.0,"enemies":"Collector","floor":33.0,"turns":11.0},{"damage":0.0,"enemies":"3 Shapes","floor":35.0,"turns":3.0},{"damage":2.0,"enemies":"3 Darklings","floor":37.0,"turns":2.0},{"damage":2.0,"enemies":"4 Shapes","floor":41.0,"turns":4.0},{"damage":0.0,"enemies":"Mind Bloom Boss Battle","floor":44.0,"turns":6.0},{"damage":12.0,"enemies":"Maw","floor":47.0,"turns":8.0},{"damage":22.0,"enemies":"Spire Growth","floor":48.0,"turns":5.0},{"damage":90,"enemies":"Time Eater","floor":50,"turns":15}],"seed_played":"7733569908784594503","potions_obtained":[{"floor":1.0,"key":"SpeedPotion"},{"floor":5.0,"key":"Ancient Potion"},{"floor":10.0,"key":"GamblersBrew"},{"floor":12.0,"key":"Block Potion"},{"floor":18.0,"key":"LiquidBronze"},{"floor":33.0,"key":"Fire Potion"},{"floor":41.0,"key":"Regen Potion"},{"floor":48.0,"key":"SkillPotion"}],"is_trial":false,"path_per_floor":["M","?","?","$","M","R","M","E","T","E","E","M","R","M","R","B",null,"M","M","?","?","$","R","M","R","T","?","R","M","?","M","R","B",null,"M","?","M","?","$","R","M","R","T","?","T","R","M","M","R","B"],"character_chosen":"THE_SILENT","items_purchased":["Oddly Smooth Stone","Bag of Preparation","All Out Attack","Underhanded Strike","Well Laid Plans"],"campfire_rested":0,"item_purchase_floors":[4,4,4,22,22],"current_hp_per_floor":[51,66,61,61,61,61,58,54,54,48,48,48,48,48,48,45,61,61,61,61,61,61,66,49,61,61,40,52,52,52,50,65,7,51,51,51,49,49,49,63,61,63,63,63,63,63,51,29,44,0],"gold":278,"neow_bonus":"BOSS_RELIC","is_prod":false,"is_daily":false,"chose_seed":false,"campfire_upgraded":11,"win_rate":0,"timestamp":1549412668,"path_taken":["M","?","?","$","M","R","M","E","T","E","E","M","R","M","R","BOSS","M","M","?","?","$","R","M","R","T","?","R","M","?","?","R","BOSS","M","?","M","?","$","R","M","R","T","?","?","R","M","M","R","BOSS"],"build_version":"2019-01-23","purchased_purges":0,"victory":false,"max_hp_per_floor":[66,66,66,66,66,66,66,66,66,66,66,66,66,66,66,66,66,66,66,66,66,66,66,66,66,66,66,66,66,66,66,66,66,66,66,66,66,63,63,63,63,63,63,63,63,63,63,63,63,63],"card_choices":[{"not_picked":["Heel Hook","Prepared"],"picked":"Acrobatics","floor":1.0},{"not_picked":["Slice","Sucker Punch"],"picked":"PiercingWail","floor":5.0},{"not_picked":["Acrobatics","Bane"],"picked":"Bullet Time","floor":7.0},{"not_picked":["Blade Dance","Slice"],"picked":"Sucker Punch","floor":8.0},{"not_picked":["Quick Slash","Footwork"],"picked":"Cloak And Dagger","floor":10.0},{"not_picked":["Eviscerate","Finisher","Tactician"],"picked":"SKIP","floor":11.0},{"not_picked":["Acrobatics","Accuracy","Flying Knee"],"picked":"SKIP","floor":12.0},{"not_picked":["Sucker Punch","Dagger Throw"],"picked":"Leg Sweep","floor":14.0},{"not_picked":["Unload","Adrenaline"],"picked":"Burst","floor":16.0},{"not_picked":["Riddle With Holes","Sucker Punch","Outmaneuver"],"picked":"SKIP","floor":18.0},{"not_picked":["Bane","Catalyst","PiercingWail"],"picked":"SKIP","floor":19.0},{"not_picked":["Deadly Poison","Dagger Throw"],"picked":"Deflect","floor":24.0},{"not_picked":["Flechettes","Cloak And Dagger","Quick Slash"],"picked":"SKIP","floor":29.0},{"not_picked":["Distraction+1","Catalyst+1"],"picked":"Dodge and Roll+1","floor":31.0},{"not_picked":["Wraith Form v2","Unload"],"picked":"Die Die Die","floor":33.0},{"not_picked":["Sucker Punch+1","Acrobatics+1"],"picked":"Deflect+1","floor":35.0},{"not_picked":["Dodge and Roll+1","All Out Attack","Flying Knee"],"picked":"SKIP","floor":37.0},{"not_picked":["Acrobatics+1","All Out Attack+1","Doppelganger+1"],"picked":"SKIP","floor":41.0},{"not_picked":["Quick Slash+1","Finisher"],"picked":"Terror+1","floor":47.0},{"not_picked":["Deflect+1","Concentrate+1","Flying Knee+1"],"picked":"SKIP","floor":48.0}],"player_experience":1268218,"relics_obtained":[{"floor":8.0,"key":"Bottled Lightning"},{"floor":9.0,"key":"WingedGreaves"},{"floor":10.0,"key":"Gremlin Horn"},{"floor":11.0,"key":"Ornamental Fan"},{"floor":26.0,"key":"Letter Opener"},{"floor":27.0,"key":"Nilry\u0027s Codex"},{"floor":43.0,"key":"Pantograph"},{"floor":44.0,"key":"FossilizedHelix"},{"floor":45.0,"key":"Tough Bandages"}],"event_choices":[{"damage_healed":16.0,"max_hp_gain":0.0,"max_hp_loss":0.0,"gold_gain":0.0,"event_name":"The Cleric","player_choice":"Healed","floor":2.0,"gold_loss":35.0,"damage_taken":0.0},{"damage_healed":0.0,"max_hp_gain":0.0,"max_hp_loss":0.0,"gold_gain":0.0,"event_name":"Scrap Ooze","player_choice":"Success","floor":3.0,"gold_loss":0.0,"damage_taken":5.0,"relics_obtained":["Old Coin"]},{"damage_healed":0.0,"max_hp_gain":0.0,"max_hp_loss":0.0,"gold_gain":0.0,"event_name":"Beggar","player_choice":"Ignored","floor":20.0,"gold_loss":0.0,"damage_taken":0.0},{"damage_healed":0.0,"max_hp_gain":0.0,"max_hp_loss":0.0,"gold_gain":0.0,"event_name":"Addict","player_choice":"Obtained Relic","floor":21.0,"gold_loss":85.0,"damage_taken":0.0,"relics_obtained":["Omamori"]},{"damage_healed":0.0,"max_hp_gain":0.0,"max_hp_loss":0.0,"gold_gain":0.0,"event_name":"Cursed Tome","player_choice":"Obtained Book","floor":27.0,"gold_loss":0.0,"damage_taken":21.0},{"damage_healed":0.0,"max_hp_gain":0.0,"max_hp_loss":0.0,"gold_gain":0.0,"event_name":"WeMeetAgain","player_choice":"Paid Gold","floor":30.0,"gold_loss":60.0,"damage_taken":0.0,"relics_obtained":["Toxic Egg 2"]},{"damage_healed":0.0,"max_hp_gain":0.0,"max_hp_loss":0.0,"gold_gain":0.0,"event_name":"Mysterious Sphere","player_choice":"Ignored","floor":36.0,"gold_loss":0.0,"damage_taken":0.0},{"damage_healed":0.0,"max_hp_gain":0.0,"max_hp_loss":3.0,"gold_gain":0.0,"event_name":"Winding Halls","player_choice":"Max HP","floor":38.0,"gold_loss":0.0,"damage_taken":0.0},{"damage_healed":0.0,"max_hp_gain":0.0,"max_hp_loss":0.0,"gold_gain":0.0,"event_name":"MindBloom","player_choice":"Fight","floor":44.0,"gold_loss":0.0,"damage_taken":0.0}],"is_beta":false,"boss_relics":[{"not_picked":["White Beast Statue","Astrolabe"],"picked":"Eternal Feather"},{"not_picked":["Runic Dome","Runic Pyramid"],"picked":"Philosopher\u0027s Stone"}],"items_purged_floors":[],"is_endless":false,"potions_floor_spawned":[1,5,10,12,14,18,33,41,48],"killed_by":"Time Eater","ascension_level":19}