{"gold_per_floor":[20,20,36,36,52,52,78,96,96,112,112,112],"floor_reached":12,"playtime":408,"items_purged":[],"score":100,"play_id":"aae03714-7f88-4a31-9614-46f078f91786","local_time":"20190204215721","is_ascension_mode":true,"campfire_choices":[{"data":"Infinite Blades","floor":6,"key":"SMITH"},{"floor":11,"key":"REST"}],"neow_cost":"NO_GOLD","seed_source_timestamp":7880657051538,"circlet_count":0,"master_deck":["Defend_G","Defend_G","Defend_G","Defend_G","Defend_G","Strike_G","Strike_G","Strike_G","Strike_G","Strike_G","Survivor","Neutralize+1","Dagger Spray","Sucker Punch","Infinite Blades+1","Predator","Wraith Form v2","PiercingWail"],"relics":["Ring of the Snake","Ice Cream","Pantograph","Kunai"],"potions_floor_usage":[],"damage_taken":[{"damage":0,"enemies":"Cultist","floor":1,"turns":5},{"damage":0,"enemies":"Small Slimes","floor":3,"turns":4},{"damage":0,"enemies":"Jaw Worm","floor":5,"turns":3},{"damage":31,"enemies":"3 Sentries","floor":7,"turns":7},{"damage":3,"enemies":"Looter","floor":8,"turns":4},{"damage":24,"enemies":"Exordium Thugs","floor":10,"turns":6},{"damage":0,"enemies":"2 Fungi Beasts","floor":12,"turns":1}],"seed_played":"-3444692014688652827","potions_obtained":[{"floor":3,"key":"Swift Potion"}],"is_trial":false,"path_per_floor":["M","?","M","?","M","R","E","M","T","M","R","M"],"character_chosen":"THE_SILENT","items_purchased":[],"campfire_rested":1,"item_purchase_floors":[],"current_hp_per_floor":[70,70,70,70,70,70,39,36,36,12,33,33],"gold":112,"neow_bonus":"ONE_RARE_RELIC","is_prod":false,"is_daily":false,"chose_seed":false,"campfire_upgraded":1,"win_rate":0,"timestamp":1549295841,"path_taken":["M","?","?","?","M","R","E","M","T","M","R","M"],"build_version":"2019-01-23","purchased_purges":0,"victory":false,"max_hp_per_floor":[70,70,70,70,70,70,70,70,70,70,70,70],"card_choices":[{"not_picked":["Cloak And Dagger","Finisher"],"picked":"Dagger Spray","floor":1},{"not_picked":["Reflex","Prepared"],"picked":"Sucker Punch","floor":3},{"not_picked":["Eviscerate","Backflip"],"picked":"Infinite Blades","floor":5},{"not_picked":["Eviscerate","Deflect"],"picked":"Predator","floor":7},{"not_picked":["Bane","Deflect"],"picked":"Wraith Form v2","floor":8},{"not_picked":["Finisher","Sucker Punch"],"picked":"PiercingWail","floor":10}],"player_experience":728077,"relics_obtained":[{"floor":7,"key":"Pantograph"},{"floor":9,"key":"Kunai"}],"event_choices":[{"damage_healed":0,"gold_gain":0,"player_choice":"Forge","damage_taken":0,"max_hp_gain":0,"max_hp_loss":0,"event_name":"Accursed Blacksmith","floor":2,"gold_loss":0,"cards_upgraded":["Neutralize"]},{"damage_healed":0,"gold_gain":0,"player_choice":"Ignored","damage_taken":0,"max_hp_gain":0,"max_hp_loss":0,"event_name":"Liars Game","floor":4,"gold_loss":0}],"is_beta":false,"boss_relics":[],"items_purged_floors":[],"is_endless":false,"potions_floor_spawned":[3],"killed_by":"2 Fungi Beasts","ascension_level":5}