{"gold_per_floor":[109,127,127,127,140,168,168,168,168,268,281,281,296,325,325,423,423,440,540,560,560,263,263,293,312,312,312,324,336,336,355,355,458,458,474,340,360,360,377,377,405,420,472,472,482,482,134,151,151,151],"floor_reached":51,"playtime":4870,"items_purged":["Pain","Well Laid Plans+1","Strike_G"],"score":874,"play_id":"b5e8c80a-3d66-46a3-ab69-6957b7512275","local_time":"20190206150458","is_ascension_mode":true,"campfire_choices":[{"data":"Neutralize","floor":7,"key":"SMITH"},{"data":"Predator","floor":8,"key":"SMITH"},{"data":"All Out Attack","floor":12,"key":"SMITH"},{"data":"Bouncing Flask","floor":15,"key":"SMITH"},{"floor":23,"key":"REST"},{"floor":27,"key":"REST"},{"data":"Footwork","floor":30,"key":"SMITH"},{"data":"Noxious Fumes","floor":32,"key":"SMITH"},{"floor":40,"key":"DIG"},{"floor":44,"key":"REST"},{"floor":46,"key":"REST"},{"floor":49,"key":"REST"}],"neow_cost":"NONE","seed_source_timestamp":611574920645000,"circlet_count":0,"master_deck":["Defend_G","Defend_G","Defend_G","Defend_G","Defend_G","Strike_G","Strike_G","Strike_G+1","Strike_G+1","Survivor","Neutralize+1","Dagger Spray","Predator+1","All Out Attack+1","Deadly Poison","Dodge and Roll","Bouncing Flask+1","Cloak And Dagger","Corpse Explosion","Cloak And Dagger","Deflect","Footwork+1","Escape Plan+1","Masterful Stab+1","Crippling Poison+1","Adrenaline+1","Cloak And Dagger+1","PiercingWail+1","PiercingWail+1","Noxious Fumes+1","Envenom","Leg Sweep+1","Heel Hook","Backflip+1","Setup+1","After Image","Caltrops","Noxious Fumes+1","Caltrops"],"relics":["Ring of the Snake","NeowsBlessing","Torii","WingedGreaves","Mango","Boot","Runic Pyramid","Prayer Wheel","Pear","WarpedTongs","Bronze Scales","Toxic Egg 2","Shovel","Velvet Choker","Pen Nib","Turnip","Art of War","Lantern"],"potions_floor_usage":[19,19,20,33,33,39,48,50,50,50,50],"damage_taken":[{"damage":0,"enemies":"Cultist","floor":1,"turns":1},{"damage":0,"enemies":"Small Slimes","floor":2,"turns":1},{"damage":0,"enemies":"2 Louse","floor":5,"turns":1},{"damage":15,"enemies":"Gremlin Nob","floor":6,"turns":4},{"damage":0,"enemies":"Large Slime","floor":11,"turns":3},{"damage":0,"enemies":"Gremlin Gang","floor":13,"turns":1},{"damage":3,"enemies":"3 Sentries","floor":14,"turns":4},{"damage":17,"enemies":"The Guardian","floor":16,"turns":9},{"damage":0,"enemies":"Spheric Guardian","floor":18,"turns":3},{"damage":13,"enemies":"Colosseum Slavers","floor":19,"turns":3},{"damage":26,"enemies":"Colosseum Nobs","floor":19,"turns":3},{"damage":7,"enemies":"3 Byrds","floor":20,"turns":3},{"damage":43,"enemies":"Slavers","floor":24,"turns":7},{"damage":0,"enemies":"Cultist and Chosen","floor":25,"turns":7},{"damage":0,"enemies":"3 Cultists","floor":28,"turns":2},{"damage":1,"enemies":"Sentry and Sphere","floor":29,"turns":4},{"damage":0,"enemies":"Centurion and Healer","floor":31,"turns":5},{"damage":31,"enemies":"Champ","floor":33,"turns":15},{"damage":0,"enemies":"3 Shapes","floor":35,"turns":3},{"damage":0,"enemies":"Orb Walker","floor":37,"turns":4},{"damage":0,"enemies":"Jaw Worm Horde","floor":39,"turns":5},{"damage":45,"enemies":"Giant Head","floor":41,"turns":11},{"damage":2,"enemies":"3 Darklings","floor":42,"turns":5},{"damage":31,"enemies":"Transient","floor":45,"turns":5},{"damage":16,"enemies":"Spire Growth","floor":48,"turns":7},{"damage":54,"enemies":"Awakened One","floor":50,"turns":13}],"seed_played":"-3066577077728307701","potions_obtained":[{"floor":1,"key":"Explosive Potion"},{"floor":13,"key":"Dexterity Potion"},{"floor":18,"key":"EssenceOfSteel"},{"floor":19,"key":"Block Potion"},{"floor":28,"key":"Poison Potion"},{"floor":31,"key":"Weak Potion"},{"floor":35,"key":"Energy Potion"},{"floor":37,"key":"FearPotion"},{"floor":41,"key":"EntropicBrew"}],"is_trial":false,"path_per_floor":["M","M","?","?","M","E","R","R","T","?","M","R","M","E","R","B",null,"M","?","M","?","$","R","E","M","T","R","M","M","R","M","R","B",null,"M","$","M","?","M","R","E","M","T","R","M","R","$","M","R","B",null],"character_chosen":"THE_SILENT","items_purchased":["Footwork","Bronze Scales","Heel Hook","Caltrops","Lantern"],"campfire_rested":5,"item_purchase_floors":[22,22,36,47,47],"current_hp_per_floor":[70,70,56,44,44,29,29,29,43,43,43,43,43,40,40,23,69,69,40,33,33,33,61,18,18,18,46,46,45,45,45,45,14,74,74,74,74,74,74,74,29,27,27,55,24,52,52,36,64,25],"gold":151,"neow_bonus":"THREE_ENEMY_KILL","is_prod":false,"is_daily":false,"chose_seed":false,"campfire_upgraded":6,"win_rate":0,"timestamp":1549436698,"path_taken":["M","?","?","?","M","E","R","R","T","?","M","R","?","E","R","BOSS","M","?","M","?","$","R","E","M","T","R","?","M","R","M","R","BOSS","M","$","M","?","M","R","E","M","T","R","?","R","$","M","R","BOSS"],"build_version":"2019-01-23","purchased_purges":3,"victory":true,"max_hp_per_floor":[70,70,70,70,70,70,70,70,84,84,84,84,84,84,84,84,84,84,94,94,94,94,94,94,94,94,94,94,94,94,94,94,94,94,94,94,94,94,94,94,94,94,94,94,94,94,94,94,94,94],"card_choices":[{"not_picked":["Setup","Prepared"],"picked":"Dagger Spray","floor":1},{"not_picked":["Underhanded Strike","Flying Knee"],"picked":"Predator","floor":2},{"not_picked":["Predator","Bane"],"picked":"All Out Attack","floor":5},{"not_picked":["A Thousand Cuts","Expertise"],"picked":"Deadly Poison","floor":6},{"not_picked":["Noxious Fumes","Sucker Punch"],"picked":"Dodge and Roll","floor":11},{"not_picked":["Dagger Spray","Flechettes"],"picked":"Bouncing Flask","floor":13},{"not_picked":["Reflex","Slice"],"picked":"Cloak And Dagger","floor":14},{"not_picked":["Grand Finale","Glass Knife"],"picked":"Corpse Explosion","floor":16},{"not_picked":["Quick Slash+1","Cloak And Dagger"],"picked":"Well Laid Plans+1","floor":18},{"not_picked":["Quick Slash","Outmaneuver"],"picked":"Cloak And Dagger","floor":19},{"not_picked":["Underhanded Strike","Reflex"],"picked":"Deflect","floor":20},{"not_picked":["Dagger Spray","Terror","Predator+1"],"picked":"SKIP","floor":20},{"not_picked":["Slice+1","Skewer"],"picked":"Escape Plan","floor":24},{"not_picked":["Deflect+1","All Out Attack"],"picked":"Masterful Stab+1","floor":25},{"not_picked":["All Out Attack","Accuracy"],"picked":"Crippling Poison+1","floor":25},{"not_picked":["Poisoned Stab","Backflip+1"],"picked":"Adrenaline+1","floor":28},{"not_picked":["Prepared+1","Outmaneuver+1"],"picked":"Cloak And Dagger+1","floor":28},{"not_picked":["Underhanded Strike+1","Expertise+1"],"picked":"PiercingWail+1","floor":29},{"not_picked":["Flying Knee+1","Poisoned Stab","Prepared+1"],"picked":"SKIP","floor":29},{"not_picked":["Backflip+1","Underhanded Strike+1"],"picked":"PiercingWail+1","floor":31},{"not_picked":["Sucker Punch","Dagger Throw"],"picked":"Noxious Fumes","floor":31},{"not_picked":["Adrenaline+1","Tools of the Trade"],"picked":"Envenom","floor":33},{"not_picked":["Blade Dance+1","Predator+1"],"picked":"Leg Sweep+1","floor":35},{"not_picked":["All Out Attack","Slice+1","Deflect+1"],"picked":"SKIP","floor":35},{"not_picked":["Deadly Poison+1","Dagger Spray+1"],"picked":"Backflip+1","floor":37},{"not_picked":["Dagger Spray","Cloak And Dagger+1","Slice+1"],"picked":"SKIP","floor":37},{"not_picked":["Prepared+1","Bane"],"picked":"Setup+1","floor":39},{"not_picked":["Slice","Predator","Cloak And Dagger+1"],"picked":"SKIP","floor":39},{"not_picked":["Backflip+1","Reflex+1"],"picked":"After Image","floor":41},{"not_picked":["Finisher","Dodge and Roll+1"],"picked":"Caltrops","floor":42},{"not_picked":["Skewer","Well Laid Plans","Quick Slash"],"picked":"SKIP","floor":42},{"not_picked":["Expertise+1","Sucker Punch"],"picked":"Noxious Fumes+1","floor":45},{"not_picked":["All Out Attack","Dagger Spray","Bane"],"picked":"SKIP","floor":45},{"not_picked":["Venomology+1","Deflect+1","Bane"],"picked":"SKIP","floor":48},{"not_picked":["Blade Dance+1","Slice+1","Backflip+1"],"picked":"SKIP","floor":48}],"player_experience":325706,"relics_obtained":[{"floor":6,"key":"WingedGreaves"},{"floor":9,"key":"Mango"},{"floor":14,"key":"Boot"},{"floor":19,"key":"Prayer Wheel"},{"floor":19,"key":"Pear"},{"floor":24,"key":"Toxic Egg 2"},{"floor":26,"key":"Shovel"},{"floor":40,"key":"Pen Nib"},{"floor":41,"key":"Turnip"},{"floor":43,"key":"Art of War"}],"event_choices":[{"damage_healed":0,"gold_gain":0,"player_choice":"Entered Light","damage_taken":14,"max_hp_gain":0,"max_hp_loss":0,"event_name":"Shining Light","floor":3,"gold_loss":0,"cards_upgraded":["Strike_G","Strike_G"]},{"damage_healed":0,"gold_gain":0,"player_choice":"Success","damage_taken":12,"relics_obtained":["Torii"],"max_hp_gain":0,"max_hp_loss":0,"event_name":"Scrap Ooze","floor":4,"gold_loss":0},{"damage_healed":0,"gold_gain":100,"player_choice":"Pray","damage_taken":0,"max_hp_gain":0,"max_hp_loss":0,"event_name":"Golden Shrine","floor":10,"gold_loss":0},{"damage_healed":0,"gold_gain":0,"player_choice":"Fight","damage_taken":0,"max_hp_gain":0,"max_hp_loss":0,"event_name":"Colosseum","floor":19,"gold_loss":0},{"damage_healed":0,"gold_gain":0,"player_choice":"Fought Nobs","damage_taken":0,"max_hp_gain":0,"max_hp_loss":0,"event_name":"Colosseum","floor":19,"gold_loss":0},{"damage_healed":0,"gold_gain":0,"player_choice":"Rummage","damage_taken":0,"relics_obtained":["WarpedTongs"],"max_hp_gain":0,"max_hp_loss":0,"event_name":"Accursed Blacksmith","floor":21,"gold_loss":0,"cards_obtained":["Pain"]},{"damage_healed":0,"gold_gain":0,"player_choice":"Ignored","damage_taken":0,"max_hp_gain":0,"max_hp_loss":0,"event_name":"SecretPortal","floor":38,"gold_loss":0}],"is_beta":false,"boss_relics":[{"not_picked":["Cursed Key","Ring of the Serpent"],"picked":"Runic Pyramid"},{"not_picked":["Lizard Tail","Sozu"],"picked":"Velvet Choker"}],"items_purged_floors":[22,36,47],"is_endless":false,"potions_floor_spawned":[1,13,18,19,28,31,35,37,41,45],"ascension_level":5}