{"gold_per_floor":[115,115,115,125,143,143,175,7,7,33,33,208,227,81,81,179,179,197,197,112,131,147,147,167,167],"floor_reached":25,"playtime":1200,"items_purged":["Doubt"],"score":306,"play_id":"55a4bfca-28d0-4647-b5fc-61327b320c01","local_time":"20190204215024","is_ascension_mode":true,"campfire_choices":[{"floor":6,"key":"REST"},{"data":"Chill","floor":11,"key":"SMITH"},{"data":"Coolheaded","floor":15,"key":"SMITH"},{"data":"Zap","floor":23,"key":"SMITH"}],"neow_cost":"NONE","seed_source_timestamp":6669646000723,"circlet_count":0,"master_deck":["Strike_B","Strike_B","Strike_B","Defend_B","Defend_B","Defend_B","Defend_B","Zap+1","Dualcast","Chill+1","Reinforced Body","BootSequence","Streamline","Glacier","Coolheaded+1","White Noise","Storm","FTL","Buffer","Gash","Sweeping Beam","Auto Shields","Sweeping Beam+1"],"relics":["Cracked Core","Oddly Smooth Stone","Question Card","MawBank","Orichalcum","Symbiotic Virus","Dodecahedron","Sozu","Emotion Chip"],"potions_floor_usage":[7],"damage_taken":[{"damage":6,"enemies":"Jaw Worm","floor":1,"turns":3},{"damage":6,"enemies":"Small Slimes","floor":4,"turns":5},{"damage":0,"enemies":"Cultist","floor":5,"turns":4},{"damage":8,"enemies":"Lagavulin","floor":7,"turns":7},{"damage":13,"enemies":"Gremlin Nob","floor":10,"turns":4},{"damage":0,"enemies":"2 Fungi Beasts","floor":13,"turns":2},{"damage":42,"enemies":"Hexaghost","floor":16,"turns":15},{"damage":0,"enemies":"Shell Parasite","floor":18,"turns":9},{"damage":12,"enemies":"3 Byrds","floor":21,"turns":8},{"damage":3,"enemies":"Snake Plant","floor":22,"turns":8},{"damage":3,"enemies":"3 Cultists","floor":24,"turns":4},{"damage":46,"enemies":"Slavers","floor":25,"turns":5}],"seed_played":"240574591991820210","potions_obtained":[{"floor":1,"key":"Strength Potion"}],"is_trial":false,"path_per_floor":["M","?","?","M","M","R","E","$","T","E","R","?","M","$","R","B",null,"M","?","?","M","M","R","M","E"],"character_chosen":"DEFECT","items_purchased":["Orichalcum","Coolheaded","FTL"],"campfire_rested":1,"item_purchase_floors":[8,8,14],"current_hp_per_floor":[62,55,55,49,49,71,63,63,63,50,50,50,50,50,50,8,58,58,58,58,46,43,43,40,0],"gold":167,"neow_bonus":"RANDOM_COMMON_RELIC","is_prod":false,"is_daily":false,"chose_seed":false,"campfire_upgraded":3,"win_rate":0,"timestamp":1549295424,"path_taken":["M","?","?","M","?","R","E","$","T","E","R","?","M","$","R","BOSS","M","?","?","M","?","R","M","E"],"build_version":"2019-01-23","purchased_purges":1,"victory":false,"max_hp_per_floor":[75,75,75,75,75,75,75,75,75,75,75,75,75,75,75,75,75,75,75,75,75,75,75,75,75],"card_choices":[{"not_picked":["Steam Power","Conserve Battery"],"picked":"Chill","floor":1},{"not_picked":["Coolheaded","Sweeping Beam","Barrage"],"picked":"BootSequence","floor":4},{"not_picked":["Rebound","Coolheaded","Gash"],"picked":"Streamline","floor":5},{"not_picked":["Seek","Force Field","Beam Cell"],"picked":"Glacier","floor":7},{"not_picked":["Force Field","Melter","BootSequence"],"picked":"White Noise","floor":10},{"not_picked":["Aggregate","Rebound","Steam"],"picked":"Storm","floor":13},{"not_picked":["Core Surge","Hyperbeam","Multi-Cast"],"picked":"Buffer","floor":16},{"not_picked":["Go for the Eyes","Genetic Algorithm","Chill+1"],"picked":"Gash","floor":18},{"not_picked":["Leap","Reinforced Body","Turbo+1"],"picked":"Sweeping Beam","floor":21},{"not_picked":["Leap+1","Compile Driver","Reinforced Body+1"],"picked":"Auto Shields","floor":22},{"not_picked":["Seek","Self Repair","Stack"],"picked":"Sweeping Beam+1","floor":24}],"player_experience":726877,"relics_obtained":[{"floor":7,"key":"MawBank"},{"floor":9,"key":"Symbiotic Virus"},{"floor":10,"key":"Dodecahedron"}],"event_choices":[{"damage_healed":0,"gold_gain":0,"player_choice":"Success","damage_taken":7,"relics_obtained":["Question Card"],"max_hp_gain":0,"max_hp_loss":0,"event_name":"Scrap Ooze","floor":2,"gold_loss":0},{"damage_healed":0,"gold_gain":0,"cards_transformed":["Strike_B"],"player_choice":"Transformed","damage_taken":0,"max_hp_gain":0,"max_hp_loss":0,"event_name":"Transmorgrifier","floor":3,"gold_loss":0,"cards_obtained":["Reinforced Body"]},{"damage_healed":0,"gold_gain":175,"player_choice":"AGREE","damage_taken":0,"max_hp_gain":0,"max_hp_loss":0,"event_name":"Liars Game","floor":12,"gold_loss":0,"cards_obtained":["Doubt"]},{"damage_healed":0,"gold_gain":0,"player_choice":"Ignored","damage_taken":0,"max_hp_gain":0,"max_hp_loss":0,"event_name":"Ghosts","floor":19,"gold_loss":0},{"damage_healed":0,"gold_gain":0,"player_choice":"Obtained Relic","damage_taken":0,"relics_obtained":["Emotion Chip"],"max_hp_gain":0,"max_hp_loss":0,"event_name":"Addict","floor":20,"gold_loss":85}],"is_beta":false,"boss_relics":[{"not_picked":["Coffee Dripper","Fusion Hammer"],"picked":"Sozu"}],"items_purged_floors":[14],"is_endless":false,"potions_floor_spawned":[1,21,22,24],"killed_by":"Slavers","ascension_level":9}