{"gold_per_floor":[111,111,2,21,21,54,78,27,72,112,112,147,163,196,196,326,326,347,272,65,65,90,90],"floor_reached":23,"playtime":998,"items_purged":[],"score":254,"play_id":"812d39e7-0d61-4197-a906-7e833b5941a0","local_time":"20190207231829","is_ascension_mode":true,"campfire_choices":[{"data":"True Grit","floor":15,"key":"SMITH"}],"neow_cost":"NONE","seed_source_timestamp":63059599288924,"circlet_count":0,"master_deck":["Strike_R","Defend_R","Defend_R","Defend_R","Defend_R","Bash","Pommel Strike","Inflame","Armaments","Shrug It Off","Heavy Blade","Spot Weakness","Disarm","True Grit+1","Carnage","Pain","Reaper","Limit Break","Shrug It Off","True Grit+1"],"relics":["Burning Blood","NeowsBlessing","Golden Idol","Lantern","Happy Flower","WarpedTongs","Question Card","Gremlin Horn","Empty Cage","ClockworkSouvenir"],"potions_floor_usage":[12,14,16,22],"damage_taken":[{"damage":0,"enemies":"2 Louse","floor":1,"turns":1},{"damage":0,"enemies":"Small Slimes","floor":4,"turns":1},{"damage":0,"enemies":"3 Sentries","floor":6,"turns":2},{"damage":0,"enemies":"Cultist","floor":7,"turns":2},{"damage":28,"enemies":"Gremlin Nob","floor":10,"turns":5},{"damage":22,"enemies":"Lagavulin","floor":12,"turns":7},{"damage":4,"enemies":"2 Fungi Beasts","floor":13,"turns":3},{"damage":4,"enemies":"Gremlin Nob","floor":14,"turns":3},{"damage":43,"enemies":"Slime Boss","floor":16,"turns":9},{"damage":33,"enemies":"Spheric Guardian","floor":18,"turns":6},{"damage":6,"enemies":"3 Byrds","floor":22,"turns":3},{"damage":75,"enemies":"Slavers","floor":23,"turns":6}],"seed_played":"-5512025754531898192","potions_obtained":[{"floor":1,"key":"SteroidPotion"},{"floor":6,"key":"LiquidBronze"},{"floor":10,"key":"EssenceOfSteel"},{"floor":14,"key":"Strength Potion"}],"is_trial":false,"path_per_floor":["M","?","$","M","?","E","M","$","T","E","?","E","M","E","R","B",null,"M","?","$","?","M","E"],"character_chosen":"IRONCLAD","items_purchased":["Inflame","Armaments","True Grit","ClockworkSouvenir"],"campfire_rested":0,"item_purchase_floors":[3,3,8,20],"current_hp_per_floor":[80,74,74,74,74,74,74,74,74,52,52,36,45,47,47,20,74,51,51,51,51,51,0],"gold":90,"neow_bonus":"THREE_ENEMY_KILL","is_prod":false,"is_daily":false,"chose_seed":false,"campfire_upgraded":1,"win_rate":0,"timestamp":1549610309,"path_taken":["M","?","$","M","?","E","M","$","T","E","?","E","?","E","R","BOSS","M","?","$","?","?","E"],"build_version":"2019-01-23","purchased_purges":0,"victory":false,"max_hp_per_floor":[80,74,74,74,74,74,74,74,74,74,74,74,74,74,74,74,74,74,74,74,74,74,74],"card_choices":[{"not_picked":["Fire Breathing","Cleave"],"picked":"Pommel Strike","floor":1},{"not_picked":["Iron Wave","Sentinel"],"picked":"Shrug It Off","floor":4},{"not_picked":["Havoc","Wild Strike"],"picked":"Spot Weakness","floor":6},{"not_picked":["Infernal Blade","Spot Weakness"],"picked":"Disarm","floor":7},{"not_picked":["Flex","Clothesline"],"picked":"Carnage","floor":10},{"not_picked":["Shockwave","Fire Breathing"],"picked":"Reaper","floor":12},{"not_picked":["Perfected Strike","Second Wind","Heavy Blade","Rampage"],"picked":"SKIP","floor":13},{"not_picked":["Armaments","Iron Wave","Bloodletting","Fire Breathing"],"picked":"SKIP","floor":14},{"not_picked":["Bludgeon","Berserk","Barricade"],"picked":"Limit Break","floor":16},{"not_picked":["Entrench","Twin Strike+1","Dropkick"],"picked":"Shrug It Off","floor":18},{"not_picked":["Combust","Twin Strike","Rage"],"picked":"True Grit+1","floor":22}],"player_experience":307095,"relics_obtained":[{"floor":6,"key":"Lantern"},{"floor":10,"key":"Happy Flower"},{"floor":12,"key":"Question Card"},{"floor":14,"key":"Gremlin Horn"}],"event_choices":[{"damage_healed":0,"gold_gain":0,"player_choice":"Lose Max HP","damage_taken":0,"relics_obtained":["Golden Idol"],"max_hp_gain":0,"max_hp_loss":6,"event_name":"Golden Idol","floor":2,"gold_loss":0},{"damage_healed":0,"gold_gain":0,"cards_transformed":["Strike_R"],"player_choice":"Change","damage_taken":0,"max_hp_gain":0,"max_hp_loss":0,"event_name":"Living Wall","floor":5,"gold_loss":0,"cards_obtained":["Heavy Blade"]},{"damage_healed":0,"gold_gain":0,"player_choice":"Rummage","damage_taken":0,"relics_obtained":["WarpedTongs"],"max_hp_gain":0,"max_hp_loss":0,"event_name":"Accursed Blacksmith","floor":11,"gold_loss":0,"cards_obtained":["Pain"]},{"cards_removed":["Strike_R"],"damage_healed":0,"gold_gain":0,"player_choice":"Gave Gold","damage_taken":0,"max_hp_gain":0,"max_hp_loss":0,"event_name":"Beggar","floor":19,"gold_loss":75},{"damage_healed":0,"gold_gain":0,"player_choice":"Ignored","damage_taken":0,"max_hp_gain":0,"max_hp_loss":0,"event_name":"NoteForYourself","floor":21,"gold_loss":0}],"is_beta":false,"boss_relics":[{"not_picked":["White Beast Statue","Black Blood"],"picked":"Empty Cage"}],"items_purged_floors":[],"is_endless":false,"potions_floor_spawned":[1,6,10,14],"killed_by":"Slavers","ascension_level":1}