{"gold_per_floor":[116,129,129,154,154,194,194,194,221,0,31,45,45,45,45,176,176,191,43,67,22,46,46,86,86,86,124,145,145,161,184,184,313,313,333,110,0,333,350,385,396,427,496,496,496,529,543,571,571,571,571,571,43,68,68],"floor_reached":55,"playtime":3481,"items_purged":["Strike_R","Strike_R"],"score":926,"play_id":"2409e4f2-5c73-482a-bc2d-ab048d1bed98","local_time":"20190206203629","is_ascension_mode":true,"campfire_choices":[{"data":"Flame Barrier","floor":7,"key":"SMITH"},{"data":"Apotheosis","floor":13,"key":"SMITH"},{"data":"True Grit","floor":15,"key":"SMITH"},{"floor":23,"key":"REST"},{"data":"Havoc","floor":25,"key":"SMITH"},{"data":"Demon Form","floor":32,"key":"SMITH"},{"floor":45,"key":"RECALL"},{"data":"Havoc","floor":49,"key":"SMITH"},{"data":"Barricade","floor":52,"key":"SMITH"}],"neow_cost":"TEN_PERCENT_HP_LOSS","seed_source_timestamp":10948381252896,"circlet_count":0,"master_deck":["Strike_R","Strike_R","Defend_R","Defend_R","Defend_R","Defend_R","Bash","Demon Form+1","Seeing Red","Whirlwind","Flame Barrier+1","Apotheosis+1","Havoc+1","Headbutt","True Grit+1","Limit Break","Metallicize+1","Feel No Pain","Shrug It Off","Heavy Blade","Havoc+1","Feel No Pain","Juggernaut","Shrug It Off","Inflame+1","Shockwave+1","Madness","Madness","Barricade+1","True Grit+1","Feed","Battle Trance","Blind","Entrench"],"relics":["Burning Blood","Anchor","Art of War","Champion Belt","Eternal Feather","PreservedInsect","Strawberry","Mummified Hand","Sozu","Oddly Smooth Stone","Red Mask","Regal Pillow","Paper Frog","Blue Candle","Happy Flower","Mercury Hourglass","Sundial","Gremlin Horn"],"potions_floor_usage":[11,16,20,24,33,33,35,55],"damage_taken":[{"damage":0,"enemies":"2 Louse","floor":1,"turns":3},{"damage":11,"enemies":"Jaw Worm","floor":2,"turns":4},{"damage":1,"enemies":"Cultist","floor":4,"turns":4},{"damage":20,"enemies":"Lagavulin","floor":6,"turns":4},{"damage":8,"enemies":"Gremlin Nob","floor":11,"turns":4},{"damage":0,"enemies":"Red Slaver","floor":12,"turns":3},{"damage":10,"enemies":"Slime Boss","floor":16,"turns":6},{"damage":14,"enemies":"Spheric Guardian","floor":18,"turns":4},{"damage":6,"enemies":"2 Thieves","floor":20,"turns":4},{"damage":61,"enemies":"3 Cultists","floor":22,"turns":5},{"damage":6,"enemies":"Book of Stabbing","floor":24,"turns":5},{"damage":46,"enemies":"Gremlin Leader","floor":27,"turns":7},{"damage":14,"enemies":"Snake Plant","floor":28,"turns":6},{"damage":14,"enemies":"Centurion and Healer","floor":30,"turns":6},{"damage":4,"enemies":"Snecko","floor":31,"turns":4},{"damage":43,"enemies":"Collector","floor":33,"turns":9},{"damage":4,"enemies":"3 Shapes","floor":35,"turns":5},{"damage":0,"enemies":"3 Darklings","floor":39,"turns":3},{"damage":30,"enemies":"Nemesis","floor":40,"turns":7},{"damage":27,"enemies":"Sphere and 2 Shapes","floor":41,"turns":10},{"damage":0,"enemies":"Giant Head","floor":42,"turns":5},{"damage":25,"enemies":"Reptomancer","floor":46,"turns":5},{"damage":0,"enemies":"Transient","floor":47,"turns":5},{"damage":0,"enemies":"Nemesis","floor":48,"turns":3},{"damage":36,"enemies":"Awakened One","floor":50,"turns":8},{"damage":44,"enemies":"Shield and Spear","floor":54,"turns":6},{"damage":56,"enemies":"The Heart","floor":55,"turns":6}],"seed_played":"4846934042123183599","potions_obtained":[{"floor":1,"key":"Fire Potion"},{"floor":6,"key":"Ancient Potion"},{"floor":12,"key":"BloodPotion"},{"floor":18,"key":"GamblersBrew"},{"floor":22,"key":"Energy Potion"},{"floor":27,"key":"Ancient Potion"},{"floor":30,"key":"Block Potion"},{"floor":31,"key":"Energy Potion"},{"floor":33,"key":"Fruit Juice"}],"is_trial":false,"path_per_floor":["M","M","?","M","?","E","R","?","T","$","E","M","R","$","R","B",null,"M","$","M","$","M","R","E","R","T","E","M","?","M","M","R","B",null,"M","$","?","?","M","E","M","E","T","?","R","E","M","E","R","B",null,"R","$","E","B"],"character_chosen":"IRONCLAD","items_purchased":["Apotheosis","Havoc","PreservedInsect","Shrug It Off","Oddly Smooth Stone","Battle Trance","Sundial","Blind"],"campfire_rested":1,"item_purchase_floors":[10,10,19,21,36,53,53,53],"current_hp_per_floor":[72,67,49,54,59,45,45,38,38,38,36,42,42,42,42,45,77,69,69,69,69,14,49,56,68,68,28,20,48,40,42,54,17,84,89,89,89,89,89,65,44,50,50,39,54,35,41,47,65,39,93,93,93,55,0],"gold":68,"neow_bonus":"THREE_RARE_CARDS","is_prod":false,"is_daily":false,"chose_seed":false,"campfire_upgraded":7,"win_rate":0,"timestamp":1549514189,"path_taken":["M","M","?","M","?","E","R","?","T","$","E","M","R","?","R","BOSS","M","?","M","$","M","R","E","R","T","E","?","?","M","M","R","BOSS","M","$","?","?","M","E","M","E","T","?","R","E","M","E","R","BOSS","R","$","E","BOSS"],"build_version":"2019-01-23","purchased_purges":2,"victory":false,"max_hp_per_floor":[72,72,72,72,77,77,77,77,77,77,77,77,77,77,77,77,77,77,77,77,77,77,77,84,84,84,84,84,84,84,84,84,84,84,89,89,89,89,89,89,89,89,89,89,89,89,89,89,89,93,93,93,93,93,93],"card_choices":[{"not_picked":["Fiend Fire","Juggernaut"],"picked":"Demon Form","floor":0},{"not_picked":["Combust","Clothesline"],"picked":"Seeing Red","floor":1},{"not_picked":["Power Through","Body Slam"],"picked":"Whirlwind","floor":2},{"not_picked":["Corruption","Rampage","Clothesline"],"picked":"SKIP","floor":4},{"not_picked":["Perfected Strike","Clash"],"picked":"Flame Barrier","floor":6},{"not_picked":["Reckless Charge","Burning Pact"],"picked":"Headbutt","floor":11},{"not_picked":["Infernal Blade","Rage"],"picked":"True Grit","floor":12},{"not_picked":["Juggernaut","Fiend Fire"],"picked":"Limit Break","floor":16},{"not_picked":["Perfected Strike","Clothesline"],"picked":"Metallicize+1","floor":18},{"not_picked":["Rampage+1","Iron Wave+1"],"picked":"Feel No Pain","floor":20},{"not_picked":["Evolve","Heavy Blade","Headbutt+1"],"picked":"SKIP","floor":22},{"not_picked":["Brutality","Combust"],"picked":"Heavy Blade","floor":24},{"not_picked":["Clash","Power Through","Clothesline"],"picked":"SKIP","floor":27},{"not_picked":["Sword Boomerang","Sever Soul+1"],"picked":"Havoc","floor":28},{"not_picked":["Power Through","Second Wind","Clash"],"picked":"SKIP","floor":30},{"not_picked":["Headbutt","True Grit+1"],"picked":"Feel No Pain","floor":31},{"not_picked":["Immolate","Berserk"],"picked":"Juggernaut","floor":33},{"not_picked":["Shockwave","Entrench"],"picked":"Shrug It Off","floor":35},{"not_picked":["Headbutt","Entrench+1"],"picked":"Inflame+1","floor":39},{"not_picked":["Entrench","Carnage+1"],"picked":"Shockwave+1","floor":40},{"not_picked":["Combust+1","Pommel Strike","Burning Pact"],"picked":"SKIP","floor":41},{"not_picked":["Headbutt+1","Iron Wave+1","Infernal Blade+1"],"picked":"SKIP","floor":42},{"not_picked":["Headbutt+1","Clothesline"],"picked":"Barricade","floor":46},{"not_picked":["Dropkick","Wild Strike+1"],"picked":"True Grit+1","floor":47},{"not_picked":["Flex+1","Perfected Strike"],"picked":"Feed","floor":48},{"not_picked":["Clash","Disarm+1"],"picked":"Entrench","floor":54}],"player_experience":293632,"relics_obtained":[{"floor":6,"key":"Anchor"},{"floor":9,"key":"Art of War"},{"floor":11,"key":"Champion Belt"},{"floor":24,"key":"Strawberry"},{"floor":27,"key":"Mummified Hand"},{"floor":40,"key":"Regal Pillow"},{"floor":42,"key":"Paper Frog"},{"floor":43,"key":"Blue Candle"},{"floor":46,"key":"Happy Flower"},{"floor":48,"key":"Mercury Hourglass"},{"floor":54,"key":"Gremlin Horn"}],"event_choices":[{"damage_healed":0,"gold_gain":0,"player_choice":"Take Damage","damage_taken":18,"relics_obtained":["Golden Idol"],"max_hp_gain":0,"max_hp_loss":0,"event_name":"Golden Idol","floor":3,"gold_loss":0},{"damage_healed":0,"gold_gain":0,"player_choice":"Donut","damage_taken":0,"max_hp_gain":5,"max_hp_loss":0,"event_name":"Big Fish","floor":5,"gold_loss":0},{"cards_removed":["Strike_R"],"damage_healed":0,"gold_gain":0,"player_choice":"Card Removal","damage_taken":7,"max_hp_gain":0,"max_hp_loss":0,"event_name":"Golden Wing","floor":8,"gold_loss":0},{"damage_healed":28,"gold_gain":0,"player_choice":"Heal","damage_taken":0,"max_hp_gain":0,"max_hp_loss":0,"event_name":"The Library","floor":29,"gold_loss":0},{"damage_healed":0,"gold_gain":0,"player_choice":"Paid","damage_taken":0,"relics_obtained":["Red Mask"],"max_hp_gain":0,"max_hp_loss":0,"event_name":"Tomb of Lord Red Mask","floor":37,"gold_loss":110},{"damage_healed":0,"gold_gain":333,"player_choice":"Gave Idol","damage_taken":0,"max_hp_gain":0,"max_hp_loss":0,"event_name":"The Moai Head","floor":38,"relics_lost":["Golden Idol"],"gold_loss":0},{"damage_healed":0,"gold_gain":0,"player_choice":"Embrace Madness","damage_taken":11,"max_hp_gain":0,"max_hp_loss":0,"event_name":"Winding Halls","floor":44,"gold_loss":0,"cards_obtained":["Madness","Madness"]}],"is_beta":false,"boss_relics":[{"not_picked":["Orrery","Black Blood"],"picked":"Eternal Feather"},{"not_picked":["Runic Dome","Runic Pyramid"],"picked":"Sozu"}],"items_purged_floors":[36,53],"is_endless":false,"potions_floor_spawned":[1,6,12,18,22,27,30,31,33,39,40,41,42,46],"killed_by":"The Heart","ascension_level":1}