{"gold_per_floor":[216,226,9,23,23,23,56,56,56,67,67,67,102,121,121,200,200,218,135,154,154,154,183,193,193,268,268,287,317,317,43,43,116,116,135,148,22,22,38,102,102,132,157,176,207,232,246,271,271,271],"floor_reached":50,"playtime":78942,"items_purged":["Writhe","Defend_B"],"score":1266,"play_id":"237e6c60-ec7c-4e8f-9cba-3acd317b48b6","local_time":"20190301190554","is_ascension_mode":true,"campfire_choices":[{"data":"Zap","floor":6,"key":"SMITH"},{"floor":8,"key":"REST"},{"floor":11,"key":"REST"},{"data":"Reinforced Body","floor":15,"key":"SMITH"},{"floor":25,"key":"REST"},{"floor":27,"key":"REST"},{"floor":32,"key":"REST"},{"floor":41,"key":"RECALL"},{"floor":49,"key":"REST"}],"neow_cost":"NONE","seed_source_timestamp":776181409806911,"circlet_count":0,"master_deck":["AscendersBane","Defend_B","Defend_B","Zap+1","Dualcast","Beam Cell","Ball Lightning","Beam Cell","Defragment+1","Core Surge","Reinforced Body+1","Electrodynamics+1","Streamline+1","Aggregate+1","Conserve Battery+1","BootSequence","Heatsinks+1","Coolheaded+1","Reboot","White Noise","Defragment+1","Chill","Hello World+1","Gash","Self Repair+1","All For One","Gash+1","Ball Lightning","Reprogram","Reboot","Heatsinks+1","Hologram+1"],"relics":["Cracked Core","PreservedInsect","Blue Candle","Frozen Egg 2","Bottled Lightning","Regal Pillow","Astrolabe","Boot","Kunai","Meat on the Bone","Blood Vial","Oddly Smooth Stone","Fusion Hammer","Tiny Chest","Question Card","Omamori","Bronze Scales","Orichalcum"],"potions_floor_usage":[7,23,23,42,44,45,50],"damage_taken":[{"damage":24,"enemies":"Small Slimes","floor":1,"turns":4},{"damage":4,"enemies":"Jaw Worm","floor":2,"turns":3},{"damage":0,"enemies":"Cultist","floor":4,"turns":2},{"damage":19,"enemies":"Lagavulin","floor":7,"turns":4},{"damage":8,"enemies":"Red Slaver","floor":10,"turns":3},{"damage":10,"enemies":"3 Sentries","floor":13,"turns":3},{"damage":4,"enemies":"2 Fungi Beasts","floor":14,"turns":2},{"damage":17,"enemies":"The Guardian","floor":16,"turns":10},{"damage":0,"enemies":"3 Byrds","floor":18,"turns":2},{"damage":16,"enemies":"Shell Parasite","floor":20,"turns":6},{"damage":26,"enemies":"Slavers","floor":23,"turns":4},{"damage":9,"enemies":"Cultist and Chosen","floor":24,"turns":5},{"damage":41,"enemies":"Sentry and Sphere","floor":28,"turns":8},{"damage":22,"enemies":"Gremlin Leader","floor":29,"turns":4},{"damage":48,"enemies":"Collector","floor":33,"turns":12},{"damage":5,"enemies":"Orb Walker","floor":35,"turns":4},{"damage":9,"enemies":"3 Darklings","floor":36,"turns":5},{"damage":16,"enemies":"Transient","floor":39,"turns":6},{"damage":0,"enemies":"Nemesis","floor":40,"turns":5},{"damage":30,"enemies":"Giant Head","floor":42,"turns":7},{"damage":18,"enemies":"Spire Growth","floor":44,"turns":4},{"damage":32,"enemies":"Nemesis","floor":45,"turns":5},{"damage":0,"enemies":"Maw","floor":47,"turns":6},{"damage":31,"enemies":"Reptomancer","floor":48,"turns":4},{"damage":72,"enemies":"Time Eater","floor":50,"turns":11}],"seed_played":"6064022837597939996","potions_obtained":[{"floor":7,"key":"Strength Potion"},{"floor":10,"key":"SteroidPotion"},{"floor":18,"key":"Explosive Potion"},{"floor":33,"key":"Ancient Potion"},{"floor":39,"key":"SkillPotion"},{"floor":44,"key":"PowerPotion"},{"floor":45,"key":"Energy Potion"},{"floor":47,"key":"Explosive Potion"}],"is_trial":false,"path_per_floor":["M","M","$","M","?","R","E","R","T","M","R","T","E","M","R","B",null,"M","$","M","?","?","E","M","R","T","R","M","E","?","$","R","B",null,"M","M","$","?","M","E","R","E","T","M","E","T","M","E","R","B"],"character_chosen":"DEFECT","items_purchased":["PreservedInsect","Dexterity Potion","Heatsinks+1","Self Repair+1","Oddly Smooth Stone","Ball Lightning"],"campfire_rested":6,"item_purchase_floors":[3,3,19,31,31,37],"current_hp_per_floor":[40,36,36,36,36,36,17,38,38,30,51,51,41,37,37,20,58,58,58,42,42,42,16,7,43,43,71,42,32,32,32,68,44,64,71,71,71,71,65,71,71,51,51,57,49,49,51,44,71,0],"gold":271,"neow_bonus":"HUNDRED_GOLD","is_prod":false,"is_daily":false,"chose_seed":false,"campfire_upgraded":2,"win_rate":0,"timestamp":1551463554,"path_taken":["M","M","$","M","?","R","E","R","T","M","R","?","E","?","R","BOSS","M","$","M","?","?","E","M","R","T","R","?","E","?","$","R","BOSS","M","M","$","?","?","E","R","E","T","?","E","?","M","E","R","BOSS"],"build_version":"2019-01-23","purchased_purges":2,"victory":false,"max_hp_per_floor":[71,71,71,71,71,71,71,71,71,71,71,71,71,71,71,71,71,71,71,71,71,71,71,71,71,71,71,71,71,71,71,71,71,71,71,71,71,71,71,71,71,71,71,71,71,71,71,71,71,71],"card_choices":[{"not_picked":["Conserve Battery","BootSequence"],"picked":"Beam Cell","floor":1},{"not_picked":["Static Discharge","Consume"],"picked":"Ball Lightning","floor":2},{"not_picked":["Heatsinks","Lockon"],"picked":"Beam Cell","floor":4},{"not_picked":["Hologram","White Noise"],"picked":"Doom and Gloom","floor":7},{"not_picked":["Compile Driver","Cold Snap"],"picked":"Defragment+1","floor":10},{"not_picked":["Static Discharge+1","Beam Cell"],"picked":"Core Surge","floor":13},{"not_picked":["Beam Cell","Steam"],"picked":"Reinforced Body","floor":14},{"not_picked":["All For One","Buffer+1"],"picked":"Electrodynamics+1","floor":16},{"not_picked":["Sweeping Beam+1","Compile Driver"],"picked":"BootSequence","floor":18},{"not_picked":["Leap","Steam"],"picked":"Coolheaded+1","floor":20},{"not_picked":["Rebound+1","Steam"],"picked":"Reboot","floor":23},{"not_picked":["Aggregate","Doom and Gloom"],"picked":"White Noise","floor":24},{"not_picked":["Sweeping Beam","Coolheaded"],"picked":"Defragment+1","floor":28},{"not_picked":["Sweeping Beam","Redo"],"picked":"Chill","floor":29},{"not_picked":["Hyperbeam","Reboot"],"picked":"All For One","floor":33},{"not_picked":["Go for the Eyes","Ball Lightning"],"picked":"Gash+1","floor":35},{"not_picked":["Beam Cell","Barrage+1","Redo"],"picked":"SKIP","floor":36},{"not_picked":["Rebound","Go for the Eyes","Steam Power"],"picked":"SKIP","floor":39},{"not_picked":["Rip and Tear+1","Rebound","Beam Cell"],"picked":"SKIP","floor":40},{"not_picked":["Rip and Tear+1","Rebound","Beam Cell"],"picked":"SKIP","floor":40},{"not_picked":["Steam","Sweeping Beam"],"picked":"Reboot","floor":42},{"not_picked":["Steam","Barrage+1","Melter+1","Double Energy"],"picked":"SKIP","floor":44},{"not_picked":["Fusion","White Noise","Streamline+1"],"picked":"Heatsinks+1","floor":45},{"not_picked":["Auto Shields+1","Gash","Chill","Steam"],"picked":"SKIP","floor":47},{"not_picked":["Turbo","Go for the Eyes","Leap"],"picked":"Hologram+1","floor":48}],"player_experience":1762044,"relics_obtained":[{"floor":7,"key":"Blue Candle"},{"floor":9,"key":"Frozen Egg 2"},{"floor":12,"key":"Bottled Lightning"},{"floor":13,"key":"Regal Pillow"},{"floor":23,"key":"Kunai"},{"floor":26,"key":"Meat on the Bone"},{"floor":29,"key":"Blood Vial"},{"floor":40,"key":"Tiny Chest"},{"floor":42,"key":"Question Card"},{"floor":45,"key":"Omamori"},{"floor":46,"key":"Bronze Scales"},{"floor":48,"key":"Orichalcum"}],"event_choices":[{"damage_healed":0,"gold_gain":0,"player_choice":"Ignored","damage_taken":0,"max_hp_gain":0,"max_hp_loss":0,"event_name":"Liars Game","floor":5,"gold_loss":0},{"damage_healed":0,"gold_gain":0,"player_choice":"Opened","damage_taken":0,"relics_obtained":["Boot"],"max_hp_gain":0,"max_hp_loss":0,"event_name":"The Mausoleum","floor":21,"gold_loss":0,"cards_obtained":["Writhe"]},{"damage_healed":0,"gold_gain":0,"player_choice":"Ignored","damage_taken":0,"max_hp_gain":0,"max_hp_loss":0,"event_name":"N\u0027loth","floor":22,"gold_loss":0},{"damage_healed":0,"gold_gain":0,"cards_transformed":["Strike_B","Defend_B"],"player_choice":"Became Test Subject","damage_taken":0,"max_hp_gain":0,"max_hp_loss":0,"event_name":"Drug Dealer","floor":30,"gold_loss":0,"cards_obtained":["Hello World","Gash"]},{"damage_healed":0,"gold_gain":0,"cards_transformed":["Doom and Gloom"],"player_choice":"Transformed","damage_taken":0,"max_hp_gain":0,"max_hp_loss":0,"event_name":"Transmorgrifier","floor":38,"gold_loss":0,"cards_obtained":["Reprogram"]}],"is_beta":false,"boss_relics":[{"not_picked":["Black Star","Orrery"],"picked":"Astrolabe"},{"not_picked":["Lizard Tail","FrozenCore"],"picked":"Fusion Hammer"}],"items_purged_floors":[31,37],"is_endless":false,"potions_floor_spawned":[7,10,13,14,18,20,33,39,44,45,47],"killed_by":"Time Eater","ascension_level":20}