{"gold_per_floor":[110,122,19,34,44,44,75,86,86,161,161,200,200,218,218,311,341,365,415,158,158,83,83,96,96,123,123,123,123,123,123,123,123],"floor_reached":33,"playtime":1533,"items_purged":["Strike_B","Pain"],"score":502,"play_id":"4ec7539b-6541-4ed2-8877-f07361820414","local_time":"20190109224944","is_ascension_mode":true,"campfire_choices":[{"data":"Sweeping Beam","floor":6,"key":"SMITH"},{"data":"Coolheaded","floor":15,"key":"SMITH"},{"floor":23,"key":"REST"},{"data":"Dualcast","floor":25,"key":"SMITH"},{"data":"Buffer","floor":27,"key":"SMITH"},{"data":"Ghostly","floor":32,"key":"SMITH"}],"neow_cost":"NONE","seed_source_timestamp":737866778533422,"circlet_count":0,"master_deck":["AscendersBane","Strike_B","Strike_B","Strike_B","Defend_B","Defend_B","Defend_B","Defend_B","Zap+1","Dualcast+1","Sweeping Beam+1","Chill","Coolheaded+1","BootSequence","Streamline","All For One","Melter","Hyperbeam","Buffer+1","Shame","Conserve Battery+1","Undo","Ghostly+1","Ghostly","Ghostly"],"relics":["Cracked Core","NeowsBlessing","Sundial","Happy Flower","Bloody Idol","Lantern","Calling Bell","Tiny Chest","Letter Opener","WingedGreaves","Juzu Bracelet","Boot"],"potions_floor_usage":[7,12,12,18],"damage_taken":[{"damage":0,"enemies":"Jaw Worm","floor":1,"turns":1},{"damage":0,"enemies":"2 Louse","floor":2,"turns":1},{"damage":0,"enemies":"Small Slimes","floor":4,"turns":1},{"damage":1,"enemies":"Blue Slaver","floor":5,"turns":4},{"damage":9,"enemies":"Gremlin Nob","floor":7,"turns":3},{"damage":2,"enemies":"2 Fungi Beasts","floor":8,"turns":3},{"damage":11,"enemies":"3 Sentries","floor":12,"turns":6},{"damage":3,"enemies":"Large Slime","floor":14,"turns":5},{"damage":29,"enemies":"The Guardian","floor":16,"turns":14},{"damage":28,"enemies":"Chosen","floor":18,"turns":6},{"damage":17,"enemies":"Shell Parasite","floor":24,"turns":5},{"damage":38,"enemies":"Collector","floor":33,"turns":10}],"seed_played":"1337748829210705186","potions_obtained":[{"floor":2,"key":"Regen Potion"},{"floor":4,"key":"GamblersBrew"},{"floor":7,"key":"Swift Potion"},{"floor":16,"key":"Block Potion"}],"is_trial":false,"path_per_floor":["M","M","$","M","M","R","E","M","T","?","?","E","?","M","R","B",null,"M","?","$","?","?","R","M","R","T","R","$","?","$","?","R","B"],"character_chosen":"DEFECT","items_purchased":["Coolheaded","Juzu Bracelet"],"campfire_rested":1,"item_purchase_floors":[3,20],"current_hp_per_floor":[64,64,64,64,63,63,54,52,52,41,41,44,44,41,41,12,51,23,23,23,36,36,54,37,37,37,37,37,30,30,30,30,0],"gold":123,"neow_bonus":"THREE_ENEMY_KILL","is_prod":false,"is_daily":false,"chose_seed":false,"campfire_upgraded":5,"win_rate":0,"timestamp":1547070584,"path_taken":["M","M","$","M","M","R","E","M","T","?","?","E","?","M","R","BOSS","M","?","$","?","?","R","M","R","T","R","?","?","$","?","R","BOSS"],"build_version":"2019-01-03v4","purchased_purges":2,"victory":false,"max_hp_per_floor":[71,71,71,71,71,71,71,71,71,71,64,64,64,64,64,64,64,64,64,64,64,61,61,61,61,61,61,61,30,30,30,30,30],"card_choices":[{"not_picked":["Cold Snap","Redo"],"picked":"Sweeping Beam","floor":1},{"not_picked":["White Noise","Double Energy"],"picked":"Chill","floor":2},{"not_picked":["Rebound","Compile Driver"],"picked":"BootSequence","floor":4},{"not_picked":["Coolheaded","Reinforced Body"],"picked":"Streamline","floor":5},{"not_picked":["Beam Cell","Streamline"],"picked":"All For One","floor":7},{"not_picked":["Leap","Hologram"],"picked":"Melter","floor":8},{"not_picked":["Rebound","Darkness"],"picked":"Hyperbeam","floor":12},{"not_picked":["Compile Driver","Stack","White Noise"],"picked":"SKIP","floor":14},{"not_picked":["Rainbow","Creative AI"],"picked":"Buffer","floor":16},{"not_picked":["Gash","Go for the Eyes"],"picked":"Conserve Battery+1","floor":18},{"not_picked":["Auto Shields","Aggregate"],"picked":"Undo","floor":24}],"player_experience":1536373,"relics_obtained":[{"floor":7,"key":"Sundial"},{"floor":9,"key":"Happy Flower"},{"floor":12,"key":"Lantern"},{"floor":17,"key":"Tiny Chest"},{"floor":17,"key":"Letter Opener"},{"floor":17,"key":"WingedGreaves"},{"floor":26,"key":"Boot"}],"event_choices":[{"damage_healed":0,"gold_gain":75,"player_choice":"Gather Gold","damage_taken":11,"max_hp_gain":0,"max_hp_loss":0,"event_name":"World of Goop","floor":10,"gold_loss":0},{"damage_healed":0,"gold_gain":0,"player_choice":"Lose Max HP","damage_taken":0,"relics_obtained":["Golden Idol"],"max_hp_gain":0,"max_hp_loss":7,"event_name":"Golden Idol","floor":11,"gold_loss":0},{"damage_healed":0,"gold_gain":0,"player_choice":"Grow","damage_taken":0,"max_hp_gain":0,"max_hp_loss":0,"event_name":"Living Wall","floor":13,"gold_loss":0,"cards_upgraded":["Zap"]},{"damage_healed":0,"gold_gain":50,"player_choice":"Stole From Cult","damage_taken":0,"max_hp_gain":0,"max_hp_loss":0,"event_name":"Nest","floor":19,"gold_loss":0},{"damage_healed":13,"gold_gain":0,"player_choice":"Heal","damage_taken":0,"max_hp_gain":0,"max_hp_loss":0,"event_name":"The Library","floor":21,"gold_loss":0},{"cards_removed":["Parasite"],"damage_healed":0,"gold_gain":0,"player_choice":"Gave Gold","damage_taken":0,"max_hp_gain":0,"max_hp_loss":0,"event_name":"Beggar","floor":22,"gold_loss":75},{"damage_healed":0,"gold_gain":0,"player_choice":"Became a Ghost","damage_taken":0,"max_hp_gain":0,"max_hp_loss":31,"event_name":"Ghosts","floor":29,"gold_loss":0,"cards_obtained":["Ghostly","Ghostly","Ghostly"]},{"damage_healed":0,"gold_gain":0,"player_choice":"Gave Idol","damage_taken":0,"relics_obtained":["Bloody Idol"],"max_hp_gain":0,"max_hp_loss":0,"event_name":"Forgotten Altar","floor":31,"relics_lost":["Golden Idol"],"gold_loss":0}],"is_beta":false,"boss_relics":[{"not_picked":["Nuclear Battery","Orrery"],"picked":"Calling Bell"}],"items_purged_floors":[3,20],"is_endless":false,"potions_floor_spawned":[2,4,7,16],"killed_by":"Collector","ascension_level":20}