{"gold_per_floor":[110,126,126,1,20,20,38,51,51,82,58,58,90,90,90,191,191,202,302,302,97,97,126,126,138,186,218,230,249,54,73,73,172,172,185,200,217,236,236,261,261],"floor_reached":41,"playtime":16016,"items_purged":["Regret"],"score":548,"play_id":"2e240d7b-c19a-468d-85e8-d9968dcf19af","local_time":"20190508194929","is_ascension_mode":false,"campfire_choices":[{"data":"Armaments","floor":6.0,"key":"SMITH"},{"data":"Feed","floor":12.0,"key":"SMITH"},{"floor":15.0,"key":"REST"},{"data":"Bash","floor":24.0,"key":"SMITH"},{"data":"Sword Boomerang","floor":32.0,"key":"SMITH"}],"neow_cost":"NONE","seed_source_timestamp":0,"circlet_count":0,"master_deck":["Strike_R","Strike_R","Strike_R","Defend_R","Defend_R","Defend_R","Defend_R","Bash+1","Sword Boomerang+1","Headbutt","Armaments+1","Headbutt","Intimidate","Infernal Blade","Feed+1","Headbutt","Offering","Shrug It Off","Shrug It Off","Shrug It Off","Uppercut+1","Pommel Strike+1","Flame Barrier","Pommel Strike+1","Pummel+1","Headbutt","Mayhem","Feed","Fiend Fire","Rage+1","Rampage+1","Madness","Madness","Rampage+1"],"special_seed":0,"relics":["Burning Blood","Mango","Sundial","Ornamental Fan","Anchor","Bag of Preparation","Mark of Pain","Calipers","Pantograph","Dodecahedron","PreservedInsect","Ice Cream","Bag of Marbles","Regal Pillow","Empty Cage","Bottled Tornado"],"potions_floor_usage":[],"damage_taken":[{"damage":7.0,"enemies":"2 Louse","floor":1.0,"turns":4.0},{"damage":10.0,"enemies":"Jaw Worm","floor":2.0,"turns":4.0},{"damage":2.0,"enemies":"Small Slimes","floor":5.0,"turns":4.0},{"damage":0.0,"enemies":"3 Louse","floor":7.0,"turns":2.0},{"damage":4.0,"enemies":"Blue Slaver","floor":8.0,"turns":3.0},{"damage":23.0,"enemies":"Gremlin Nob","floor":10.0,"turns":5.0},{"damage":25.0,"enemies":"3 Sentries","floor":13.0,"turns":7.0},{"damage":61.0,"enemies":"Hexaghost","floor":16.0,"turns":10.0},{"damage":1.0,"enemies":"Spheric Guardian","floor":18.0,"turns":3.0},{"damage":21.0,"enemies":"Colosseum Slavers","floor":19.0,"turns":6.0},{"damage":28.0,"enemies":"Colosseum Nobs","floor":19.0,"turns":5.0},{"damage":18.0,"enemies":"Book of Stabbing","floor":23.0,"turns":6.0},{"damage":2.0,"enemies":"2 Thieves","floor":25.0,"turns":3.0},{"damage":8.0,"enemies":"Slavers","floor":27.0,"turns":5.0},{"damage":6.0,"enemies":"Chosen and Byrds","floor":28.0,"turns":4.0},{"damage":32.0,"enemies":"Cultist and Chosen","floor":29.0,"turns":7.0},{"damage":9.0,"enemies":"Snake Plant","floor":31.0,"turns":5.0},{"damage":24.0,"enemies":"Champ","floor":33.0,"turns":7.0},{"damage":22.0,"enemies":"3 Shapes","floor":35.0,"turns":5.0},{"damage":0.0,"enemies":"Orb Walker","floor":36.0,"turns":1.0},{"damage":0.0,"enemies":"Transient","floor":37.0,"turns":5.0},{"damage":7.0,"enemies":"Jaw Worm Horde","floor":38.0,"turns":5.0},{"damage":82,"enemies":"Reptomancer","floor":40,"turns":4},{"damage":30,"enemies":"2 Orb Walkers","floor":41,"turns":4}],"seed_played":"-121252578163483347","potions_obtained":[{"floor":1.0,"key":"Ancient Potion"},{"floor":2.0,"key":"Regen Potion"},{"floor":13.0,"key":"Dexterity Potion"},{"floor":18.0,"key":"AttackPotion"},{"floor":25.0,"key":"PowerPotion"},{"floor":29.0,"key":"Regen Potion"},{"floor":33.0,"key":"Weak Potion"},{"floor":40,"key":"SteroidPotion"}],"is_trial":false,"path_per_floor":["M","M","?","$","M","R","M","M","T","E","$","R","E","T","R","B",null,"M","?","T","$","?","E","R","M","T","E","M","M","$","M","R","B",null,"M","M","M","M","?","E","?"],"character_chosen":"IRONCLAD","items_purchased":["Armaments","Headbutt","PreservedInsect","Shrug It Off","Headbutt","Mayhem"],"campfire_rested":1,"item_purchase_floors":[4,11,21,21,30,30],"current_hp_per_floor":[87,83,97,97,101,101,102,102,102,94,94,94,79,79,106,51,106,106,73,73,73,109,97,97,101,101,103,107,81,81,78,78,100,118,106,112,118,121,105,29,0],"gold":261,"neow_bonus":"TEN_PERCENT_HP_BONUS","is_prod":false,"is_daily":false,"chose_seed":false,"campfire_upgraded":4,"win_rate":0.0,"timestamp":1557325169,"path_taken":["M","M","?","$","M","R","M","M","T","E","?","R","E","?","R","BOSS","M","?","?","$","?","E","R","M","T","E","M","M","$","M","R","BOSS","M","M","M","M","?","E","?"],"build_version":"2019-01-23","purchased_purges":1,"victory":false,"max_hp_per_floor":[88,88,102,102,102,102,102,102,102,102,102,102,106,106,106,106,106,106,110,110,110,110,110,110,110,110,114,118,118,118,118,118,118,118,122,122,122,126,126,126,126],"card_choices":[{"not_picked":["Feel No Pain","Warcry"],"picked":"Sword Boomerang","floor":1.0},{"not_picked":["Entrench","Bloodletting"],"picked":"Headbutt","floor":2.0},{"not_picked":["Second Wind","Body Slam"],"picked":"Headbutt","floor":5.0},{"not_picked":["Body Slam","Shrug It Off"],"picked":"Intimidate","floor":7.0},{"not_picked":["Burning Pact","Clash"],"picked":"Infernal Blade","floor":8.0},{"not_picked":["Perfected Strike","Combust"],"picked":"Feed","floor":10.0},{"not_picked":["Clash","Perfected Strike","Rage"],"picked":"SKIP","floor":13.0},{"not_picked":["Reaper","Dark Embrace"],"picked":"Offering","floor":16.0},{"not_picked":["Flex","Warcry"],"picked":"Shrug It Off","floor":18.0},{"not_picked":["Iron Wave","Armaments"],"picked":"Shrug It Off","floor":19.0},{"not_picked":["Shrug It Off","Dropkick+1"],"picked":"Uppercut+1","floor":23.0},{"not_picked":["Warcry","Dropkick+1"],"picked":"Pommel Strike+1","floor":25.0},{"not_picked":["Second Wind","Pommel Strike"],"picked":"Flame Barrier","floor":27.0},{"not_picked":["Armaments","Uppercut"],"picked":"Pommel Strike+1","floor":28.0},{"not_picked":["Shockwave","Infernal Blade"],"picked":"Pummel+1","floor":29.0},{"not_picked":["Pommel Strike+1","Thunderclap"],"picked":"Feed","floor":31.0},{"not_picked":["Offering","Barricade"],"picked":"Fiend Fire","floor":33.0},{"not_picked":["True Grit","Dual Wield"],"picked":"Rage+1","floor":35.0},{"not_picked":["Perfected Strike+1","Infernal Blade","Sever Soul+1"],"picked":"SKIP","floor":36.0},{"not_picked":["Feel No Pain","Second Wind+1","True Grit"],"picked":"SKIP","floor":37.0},{"not_picked":["Rupture","Power Through+1"],"picked":"Rampage+1","floor":38.0},{"not_picked":["Pummel+1","Uppercut"],"picked":"Rampage+1","floor":40}],"player_experience":6468,"relics_obtained":[{"floor":9.0,"key":"Sundial"},{"floor":10.0,"key":"Ornamental Fan"},{"floor":13.0,"key":"Anchor"},{"floor":14.0,"key":"Bag of Preparation"},{"floor":19.0,"key":"Calipers"},{"floor":19.0,"key":"Pantograph"},{"floor":20.0,"key":"Dodecahedron"},{"floor":23.0,"key":"Ice Cream"},{"floor":26.0,"key":"Bag of Marbles"},{"floor":27.0,"key":"Regal Pillow"},{"floor":40,"key":"Bottled Tornado"}],"event_choices":[{"damage_healed":0.0,"max_hp_gain":0.0,"max_hp_loss":0.0,"gold_gain":0.0,"event_name":"Big Fish","player_choice":"Box","floor":3.0,"gold_loss":0.0,"damage_taken":0.0,"relics_obtained":["Mango"],"cards_obtained":["Regret"]},{"damage_healed":0.0,"max_hp_gain":0.0,"max_hp_loss":0.0,"gold_gain":0.0,"event_name":"Colosseum","player_choice":"Fight","floor":19.0,"gold_loss":0.0,"damage_taken":0.0},{"damage_healed":0.0,"max_hp_gain":0.0,"max_hp_loss":0.0,"gold_gain":0.0,"event_name":"Colosseum","player_choice":"Fought Nobs","floor":19.0,"gold_loss":0.0,"damage_taken":0.0},{"damage_healed":36.0,"max_hp_gain":0.0,"max_hp_loss":0.0,"gold_gain":0.0,"event_name":"The Library","player_choice":"Heal","floor":22.0,"gold_loss":0.0,"damage_taken":0.0},{"damage_healed":0.0,"max_hp_gain":0.0,"max_hp_loss":0.0,"gold_gain":0.0,"event_name":"Winding Halls","player_choice":"Embrace Madness","floor":39.0,"gold_loss":0.0,"damage_taken":16.0,"cards_obtained":["Madness","Madness"]},{"damage_healed":0,"gold_gain":0,"player_choice":"Fight","damage_taken":0,"max_hp_gain":0,"max_hp_loss":0,"event_name":"Mysterious Sphere","floor":41,"gold_loss":0}],"is_beta":false,"boss_relics":[{"not_picked":["Fusion Hammer","White Beast Statue"],"picked":"Mark of Pain"},{"not_picked":["Tiny House","Coffee Dripper"],"picked":"Empty Cage"}],"items_purged_floors":[4],"is_endless":false,"potions_floor_spawned":[1,2,13,18,25,29,33,40],"killed_by":"2 Orb Walkers","ascension_level":0}