{"gold_per_floor":[117,147,162,174,185,211,211,245,245,265,276,551,561,561],"floor_reached":14,"playtime":934,"items_purged":[],"score":208,"play_id":"db215b10-9faf-4825-a39f-c4eb4548f088","local_time":"20190212231852","is_ascension_mode":true,"campfire_choices":[{"data":"Well Laid Plans","floor":7.0,"key":"SMITH"}],"neow_cost":"NONE","seed_source_timestamp":1651608586615692,"circlet_count":0,"master_deck":["AscendersBane","Defend_G","Defend_G","Defend_G","Defend_G","Defend_G","Strike_G","Strike_G","Strike_G","Strike_G","Strike_G","Survivor","Neutralize","Choke","Well Laid Plans+1","Cloak And Dagger","Corpse Explosion","Caltrops","Dash","Dodge and Roll","Die Die Die","Regret"],"special_seed":0,"relics":["Ring of the Snake","Tiny Chest","Lantern","Bottled Tornado","Smiling Mask"],"potions_floor_usage":[13,14],"damage_taken":[{"damage":0.0,"enemies":"Jaw Worm","floor":1.0,"turns":5.0},{"damage":0.0,"enemies":"Cultist","floor":3.0,"turns":4.0},{"damage":0.0,"enemies":"Small Slimes","floor":4.0,"turns":3.0},{"damage":0.0,"enemies":"Gremlin Gang","floor":5.0,"turns":5.0},{"damage":5.0,"enemies":"3 Sentries","floor":6.0,"turns":4.0},{"damage":45.0,"enemies":"Gremlin Nob","floor":8.0,"turns":5.0},{"damage":0.0,"enemies":"Large Slime","floor":10.0,"turns":3.0},{"damage":0.0,"enemies":"2 Fungi Beasts","floor":11.0,"turns":2.0},{"damage":0,"enemies":"Exordium Thugs","floor":13,"turns":3},{"damage":22,"enemies":"Exordium Wildlife","floor":14,"turns":3}],"seed_played":"1783658272821302518","potions_obtained":[{"floor":0.0,"key":"Fire Potion"},{"floor":0.0,"key":"AttackPotion"},{"floor":1.0,"key":"Poison Potion"},{"floor":3.0,"key":"Dexterity Potion"},{"floor":6.0,"key":"Explosive Potion"},{"floor":8.0,"key":"GamblersBrew"},{"floor":13,"key":"Dexterity Potion"}],"is_trial":false,"path_per_floor":["M","?","M","M","M","E","R","E","T","M","M","?","M","M"],"character_chosen":"THE_SILENT","items_purchased":[],"campfire_rested":0,"item_purchase_floors":[],"current_hp_per_floor":[59,59,59,59,59,54,54,9,9,9,9,9,9,0],"gold":561,"neow_bonus":"THREE_SMALL_POTIONS","is_prod":false,"is_daily":false,"chose_seed":false,"campfire_upgraded":1,"win_rate":0,"timestamp":1550009932,"path_taken":["M","?","M","M","?","E","R","E","T","M","M","?","M","?"],"build_version":"2019-01-23","purchased_purges":0,"victory":false,"max_hp_per_floor":[66,66,66,66,66,66,66,66,66,66,66,66,66,66],"card_choices":[{"not_picked":["PiercingWail","Expertise"],"picked":"Choke","floor":1.0},{"not_picked":["Concentrate","Bane"],"picked":"Well Laid Plans","floor":3.0},{"not_picked":["Concentrate","Backflip"],"picked":"Cloak And Dagger","floor":4.0},{"not_picked":["Dodge and Roll","Deadly Poison"],"picked":"Corpse Explosion","floor":5.0},{"not_picked":["Deflect","Bouncing Flask"],"picked":"Caltrops","floor":6.0},{"not_picked":["Skewer","Underhanded Strike"],"picked":"Dash","floor":8.0},{"not_picked":["Concentrate","Blade Dance"],"picked":"Dodge and Roll","floor":10.0},{"not_picked":["PiercingWail","Dagger Throw"],"picked":"Die Die Die","floor":11.0},{"not_picked":["Tactician","Expertise","Flechettes"],"picked":"SKIP","floor":13}],"player_experience":1677184,"relics_obtained":[{"floor":6.0,"key":"Lantern"},{"floor":8.0,"key":"Bottled Tornado"},{"floor":9.0,"key":"Smiling Mask"}],"event_choices":[{"damage_healed":0.0,"max_hp_gain":0.0,"max_hp_loss":0.0,"gold_gain":0.0,"event_name":"WeMeetAgain","player_choice":"Gave Potion","floor":2.0,"gold_loss":0.0,"damage_taken":0.0,"relics_obtained":["Tiny Chest"]},{"damage_healed":0.0,"max_hp_gain":0.0,"max_hp_loss":0.0,"gold_gain":275.0,"event_name":"Golden Shrine","player_choice":"Desecrate","floor":12.0,"gold_loss":0.0,"damage_taken":0.0,"cards_obtained":["Regret"]}],"is_beta":false,"boss_relics":[],"items_purged_floors":[],"is_endless":false,"potions_floor_spawned":[1,3,6,8,13],"killed_by":"Exordium Wildlife","ascension_level":20}