{"gold_per_floor":[19,19,34,51,11,11,41,41,98,115,131,131,150,166,166,241,241,241,241,241,241,241,241,241,241,241,241,241,58,58,58,58,58,58,58,58,58,30,30,30,30,30,30,30,30,30,30,30,30,30,30],"floor_reached":52,"playtime":3045,"items_purged":[],"score":2015,"play_id":"49aa8e19-0d60-4bb6-8f17-fc177ca4a175","local_time":"20180928140431","is_ascension_mode":true,"campfire_choices":[{"data":"Neutralize","floor":6.0,"key":"SMITH"},{"data":"Terror","floor":8.0,"key":"SMITH"},{"floor":12.0,"key":"REST"},{"data":"Blade Dance","floor":15.0,"key":"SMITH"},{"data":"Blade Dance","floor":23.0,"key":"SMITH"},{"data":"Finisher","floor":25.0,"key":"SMITH"},{"data":"A Thousand Cuts","floor":32.0,"key":"SMITH"},{"data":"1","floor":41.0,"key":"LIFT"},{"data":"2","floor":44.0,"key":"LIFT"},{"data":"3","floor":49.0,"key":"LIFT"}],"neow_cost":"NO_GOLD","seed_source_timestamp":0,"circlet_count":0,"master_deck":["Defend_G","Defend_G","Defend_G+1","Defend_G","Defend_G","Strike_G","Strike_G","Strike_G","Survivor+1","Neutralize+1","AscendersBane","Terror+1","Flying Knee","Predator","Blade Dance+1","Backflip","Well Laid Plans","Deflect","Adrenaline","Sucker Punch+1","Blade Dance+1","Finisher+1","Ghostly","Ghostly","Ghostly","Ghostly","Ghostly","Accuracy","Footwork","A Thousand Cuts+1","Endless Agony","Burst","Blade Dance","Pain","Writhe","Acrobatics","Cloak And Dagger","Normality","Footwork","Infinite Blades"],"special_seed":0,"relics":["Ring of the Snake","Du-Vu Doll","Potion Belt","Tiny Chest","Ectoplasm","Red Mask","Boot","Mercury Hourglass","Thread and Needle","Cursed Key","Blue Candle","Girya","Sundial","Darkstone Periapt"],"potions_floor_usage":[],"damage_taken":[{"damage":0.0,"enemies":"Cultist","floor":1.0,"turns":4.0},{"damage":1.0,"enemies":"Jaw Worm","floor":3.0,"turns":3.0},{"damage":0.0,"enemies":"Small Slimes","floor":4.0,"turns":5.0},{"damage":30.0,"enemies":"3 Sentries","floor":7.0,"turns":9.0},{"damage":1.0,"enemies":"Exordium Thugs","floor":10.0,"turns":3.0},{"damage":5.0,"enemies":"Gremlin Gang","floor":11.0,"turns":7.0},{"damage":10.0,"enemies":"3 Louse","floor":13.0,"turns":3.0},{"damage":1.0,"enemies":"2 Fungi Beasts","floor":14.0,"turns":3.0},{"damage":7.0,"enemies":"Hexaghost","floor":16.0,"turns":9.0},{"damage":1.0,"enemies":"Chosen","floor":18.0,"turns":5.0},{"damage":1.0,"enemies":"Masked Bandits","floor":19.0,"turns":4.0},{"damage":0.0,"enemies":"3 Byrds","floor":20.0,"turns":5.0},{"damage":1.0,"enemies":"Gremlin Leader","floor":27.0,"turns":4.0},{"damage":1.0,"enemies":"Centurion and Healer","floor":28.0,"turns":5.0},{"damage":10.0,"enemies":"Slavers","floor":30.0,"turns":5.0},{"damage":4.0,"enemies":"Cultist and Chosen","floor":31.0,"turns":7.0},{"damage":0.0,"enemies":"Automaton","floor":33.0,"turns":8.0},{"damage":0.0,"enemies":"3 Shapes","floor":35.0,"turns":4.0},{"damage":2.0,"enemies":"Mysterious Sphere","floor":39.0,"turns":3.0},{"damage":0.0,"enemies":"Orb Walker","floor":40.0,"turns":3.0},{"damage":2.0,"enemies":"Transient","floor":45.0,"turns":6.0},{"damage":12.0,"enemies":"Giant Head","floor":46.0,"turns":8.0},{"damage":3.0,"enemies":"4 Shapes","floor":48.0,"turns":5.0},{"damage":16.0,"enemies":"Time Eater","floor":50.0,"turns":8.0},{"damage":3,"enemies":"Donu and Deca","floor":51,"turns":7}],"seed_played":"-9100553373966607246","potions_obtained":[{"floor":1.0,"key":"SpeedPotion"},{"floor":4.0,"key":"Strength Potion"},{"floor":13.0,"key":"Poison Potion"},{"floor":16.0,"key":"Strength Potion"},{"floor":20.0,"key":"PowerPotion"},{"floor":27.0,"key":"Weak Potion"},{"floor":28.0,"key":"Poison Potion"},{"floor":31.0,"key":"Regen Potion"},{"floor":46.0,"key":"PowerPotion"}],"is_trial":false,"path_per_floor":["M","?","M","M","$","R","E","R","T","M","M","R","M","M","R","B",null,"M","?","M","$","?","R","?","R","T","E","M","$","E","M","R","B",null,"M","T","?","$","?","M","R","?","T","R","M","E","$","M","R","B","B"],"character_chosen":"THE_SILENT","items_purchased":["Predator","A Thousand Cuts","Acrobatics"],"campfire_rested":1,"item_purchase_floors":[5,29,38],"current_hp_per_floor":[59,39,38,38,38,38,8,8,8,7,2,21,11,10,10,3,50,49,48,48,48,48,48,33,33,33,32,31,31,21,17,17,17,29,29,29,33,33,31,31,31,31,31,31,29,17,17,14,14,13,10],"gold":30,"neow_bonus":"ONE_RARE_RELIC","is_prod":false,"is_daily":false,"chose_seed":false,"campfire_upgraded":6,"win_rate":0,"timestamp":1538136271,"path_taken":["M","?","M","M","?","R","E","R","T","M","M","R","M","?","R","BOSS","M","?","M","$","?","R","?","R","T","E","M","$","E","M","R","BOSS","M","?","?","?","?","?","R","?","T","R","M","E","?","M","R","BOSS","BOSS"],"build_version":"2018-09-27","purchased_purges":0,"victory":true,"max_hp_per_floor":[66,66,66,66,66,66,66,66,66,66,66,66,66,66,66,66,66,66,66,66,66,66,66,33,33,33,33,33,33,33,33,33,33,33,33,33,33,33,33,33,33,33,33,33,33,33,33,33,33,33,33],"card_choices":[{"not_picked":["Blade Dance","Bouncing Flask"],"picked":"Terror","floor":1.0},{"not_picked":["Slice","Bane","Terror"],"picked":"SKIP","floor":3.0},{"not_picked":["Slice","Bane","Terror"],"picked":"SKIP","floor":3.0},{"not_picked":["PiercingWail","Underhanded Strike"],"picked":"Flying Knee","floor":4.0},{"not_picked":["Deadly Poison","Doppelganger"],"picked":"Blade Dance","floor":7.0},{"not_picked":["Blur","Terror"],"picked":"Backflip","floor":10.0},{"not_picked":["Bane","Dagger Throw","Flechettes"],"picked":"SKIP","floor":11.0},{"not_picked":["Reflex","Poisoned Stab"],"picked":"Well Laid Plans","floor":13.0},{"not_picked":["Outmaneuver","Poisoned Stab"],"picked":"Deflect","floor":14.0},{"not_picked":["Tools of the Trade","Grand Finale"],"picked":"Adrenaline","floor":16.0},{"not_picked":["Escape Plan","Deflect+1"],"picked":"Sucker Punch+1","floor":18.0},{"not_picked":["Bane","Blur"],"picked":"Blade Dance","floor":19.0},{"not_picked":["Underhanded Strike","Deflect"],"picked":"Finisher","floor":20.0},{"not_picked":["Underhanded Strike","Dagger Throw"],"picked":"Accuracy","floor":27.0},{"not_picked":["Riddle With Holes","Quick Slash"],"picked":"Footwork","floor":28.0},{"not_picked":["Eviscerate","Riddle With Holes","Bouncing Flask"],"picked":"SKIP","floor":30.0},{"not_picked":["Predator","Concentrate"],"picked":"Endless Agony","floor":31.0},{"not_picked":["Die Die Die","Grand Finale"],"picked":"Burst","floor":33.0},{"not_picked":["Sucker Punch","Dagger Throw+1"],"picked":"Blade Dance","floor":35.0},{"not_picked":["Poisoned Stab","Backflip"],"picked":"Cloak And Dagger","floor":40.0},{"not_picked":["Quick Slash","Dagger Throw"],"picked":"Footwork","floor":45.0},{"not_picked":["Adrenaline","A Thousand Cuts"],"picked":"Infinite Blades","floor":46.0},{"not_picked":["Dagger Spray","Quick Slash","Dagger Throw"],"picked":"SKIP","floor":48.0}],"player_experience":976005,"relics_obtained":[{"floor":7.0,"key":"Potion Belt"},{"floor":9.0,"key":"Tiny Chest"},{"floor":19.0,"key":"Red Mask"},{"floor":26.0,"key":"Boot"},{"floor":27.0,"key":"Mercury Hourglass"},{"floor":30.0,"key":"Thread and Needle"},{"floor":36.0,"key":"Blue Candle"},{"floor":39.0,"key":"Girya"},{"floor":43.0,"key":"Sundial"},{"floor":46.0,"key":"Darkstone Periapt"}],"event_choices":[{"event_name":"Shining Light","player_choice":"Entered Light","floor":2.0,"damage_taken":0.0},{"event_name":"Masked Bandits","player_choice":"Fought Bandits","floor":19.0,"damage_taken":0.0},{"event_name":"Bonfire Elementals","player_choice":"BASIC","floor":22.0,"damage_taken":0.0},{"event_name":"Ghosts","player_choice":"Became a Ghost","floor":24.0,"damage_taken":0.0},{"event_name":"Winding Halls","player_choice":"Writhe","floor":37.0,"damage_taken":0.0},{"event_name":"Mysterious Sphere","player_choice":"Fight","floor":39.0,"damage_taken":0.0},{"event_name":"Falling","player_choice":"Removed Attack","floor":42.0,"damage_taken":0.0}],"is_beta":true,"boss_relics":[{"not_picked":["Empty Cage","WristBlade"],"picked":"Ectoplasm"},{"not_picked":["Velvet Choker","Fusion Hammer"],"picked":"Cursed Key"}],"items_purged_floors":[],"is_endless":false,"potions_floor_spawned":[1,4,13,16,20,27,28,31,46],"ascension_level":20}