{"gold_per_floor":[10,26,26,42,42,42,86,111,184,184,223,223,246,269,269,269],"floor_reached":16,"playtime":650,"items_purged":[],"score":207,"play_id":"1f52a5f5-bea0-425d-94dc-ce2ba3f4a3fd","local_time":"20190420170417","is_ascension_mode":true,"campfire_choices":[{"data":"Shrug It Off","floor":6.0,"key":"SMITH"},{"data":"Shrug It Off","floor":10.0,"key":"SMITH"},{"data":"Flame Barrier","floor":12.0,"key":"SMITH"},{"floor":15.0,"key":"REST"}],"neow_cost":"NO_GOLD","seed_source_timestamp":17846150124886,"circlet_count":0,"master_deck":["AscendersBane","Strike_R","Strike_R","Strike_R","Strike_R","Strike_R","Defend_R","Defend_R","Defend_R","Defend_R","Bash","Shrug It Off+1","Headbutt","Pain","Anger","Flame Barrier+1","Shrug It Off+1","Clothesline","Armaments","Pommel Strike"],"special_seed":0,"relics":["Burning Blood","Ginger","WarpedTongs","Golden Idol","Mango","The Courier","Centennial Puzzle"],"potions_floor_usage":[16],"damage_taken":[{"damage":0.0,"enemies":"Small Slimes","floor":1.0,"turns":3.0},{"damage":6.0,"enemies":"Cultist","floor":2.0,"turns":4.0},{"damage":0.0,"enemies":"2 Louse","floor":4.0,"turns":2.0},{"damage":25.0,"enemies":"3 Sentries","floor":7.0,"turns":8.0},{"damage":6.0,"enemies":"Lots of Slimes","floor":8.0,"turns":6.0},{"damage":4.0,"enemies":"Gremlin Nob","floor":11.0,"turns":4.0},{"damage":33.0,"enemies":"Exordium Thugs","floor":13.0,"turns":5.0},{"damage":2.0,"enemies":"Looter","floor":14.0,"turns":3.0},{"damage":50,"enemies":"Hexaghost","floor":16,"turns":11}],"seed_played":"3842314615787242405","potions_obtained":[{"floor":2.0,"key":"Weak Potion"},{"floor":8.0,"key":"Fire Potion"},{"floor":11.0,"key":"Ancient Potion"},{"floor":14.0,"key":"SneckoOil"}],"is_trial":false,"path_per_floor":["M","M","?","M","?","R","E","M","T","R","E","R","M","M","R","B"],"character_chosen":"IRONCLAD","items_purchased":[],"campfire_rested":1,"item_purchase_floors":[],"current_hp_per_floor":[74,74,74,75,49,49,44,44,44,44,46,46,19,23,49,0],"gold":269,"neow_bonus":"ONE_RARE_RELIC","is_prod":false,"is_daily":false,"chose_seed":false,"campfire_upgraded":3,"win_rate":0,"timestamp":1555805057,"path_taken":["M","M","?","?","?","R","E","M","T","R","E","R","M","M","R","BOSS"],"build_version":"2019-01-23","purchased_purges":0,"victory":false,"max_hp_per_floor":[75,75,75,75,75,75,89,89,89,89,89,89,89,89,89,89],"card_choices":[{"not_picked":["Heavy Blade","Flex"],"picked":"Shrug It Off","floor":1.0},{"not_picked":["Rage","Flex"],"picked":"Headbutt","floor":2.0},{"not_picked":["True Grit","Heavy Blade"],"picked":"Anger","floor":4.0},{"not_picked":["Perfected Strike","Thunderclap"],"picked":"Flame Barrier","floor":7.0},{"not_picked":["Warcry","Ghostly Armor"],"picked":"Shrug It Off","floor":8.0},{"not_picked":["Sever Soul","Burning Pact"],"picked":"Clothesline","floor":11.0},{"not_picked":["Power Through","Barricade"],"picked":"Armaments","floor":13.0},{"not_picked":["Havoc","Ghostly Armor"],"picked":"Pommel Strike","floor":14.0}],"player_experience":734750,"relics_obtained":[{"floor":7.0,"key":"Mango"},{"floor":9.0,"key":"The Courier"},{"floor":11.0,"key":"Centennial Puzzle"}],"event_choices":[{"damage_healed":0.0,"max_hp_gain":0.0,"max_hp_loss":0.0,"gold_gain":0.0,"event_name":"Accursed Blacksmith","player_choice":"Rummage","floor":3.0,"gold_loss":0.0,"damage_taken":0.0,"relics_obtained":["WarpedTongs"],"cards_obtained":["Pain"]},{"damage_healed":0.0,"max_hp_gain":0.0,"max_hp_loss":0.0,"gold_gain":0.0,"event_name":"Golden Idol","player_choice":"Take Damage","floor":5.0,"gold_loss":0.0,"damage_taken":26.0,"relics_obtained":["Golden Idol"]}],"is_beta":false,"boss_relics":[],"items_purged_floors":[],"is_endless":false,"potions_floor_spawned":[2,8,11,14],"killed_by":"Hexaghost","ascension_level":17}