{"gold_per_floor":[114,61,80,90,108,138,138,168,193,193,208,219,248,270,282,294],"floor_reached":16,"playtime":1206,"items_purged":[],"score":248,"play_id":"9df7abac-0646-42a7-b69d-3af4561c25a0","local_time":"20190521153206","is_ascension_mode":true,"campfire_choices":[{"data":"Barricade","floor":7.0,"key":"SMITH"},{"floor":10.0,"key":"REST"},{"floor":15,"key":"REST"}],"neow_cost":"NONE","seed_source_timestamp":526904902193648,"circlet_count":0,"master_deck":["AscendersBane","Strike_R","Strike_R","Strike_R","Strike_R","Strike_R","Defend_R","Defend_R","Defend_R","Defend_R","Bash","Shrug It Off","Cleave","Battle Trance","Barricade+1","Corruption","Uppercut","Double Tap","Iron Wave"],"special_seed":0,"relics":["Burning Blood","Strawberry","Art of War","Bag of Preparation","Orichalcum","MawBank"],"potions_floor_usage":[],"damage_taken":[{"damage":26.0,"enemies":"Jaw Worm","floor":1.0,"turns":6.0},{"damage":0.0,"enemies":"Cultist","floor":3.0,"turns":3.0},{"damage":1.0,"enemies":"Small Slimes","floor":4.0,"turns":3.0},{"damage":2.0,"enemies":"2 Fungi Beasts","floor":5.0,"turns":3.0},{"damage":8.0,"enemies":"Gremlin Nob","floor":6.0,"turns":3.0},{"damage":49.0,"enemies":"3 Sentries","floor":8.0,"turns":12.0},{"damage":8.0,"enemies":"3 Louse","floor":11.0,"turns":4.0},{"damage":20.0,"enemies":"Exordium Wildlife","floor":12.0,"turns":5.0},{"damage":26.0,"enemies":"Gremlin Nob","floor":13.0,"turns":5.0},{"damage":14,"enemies":"Exordium Thugs","floor":14,"turns":5},{"damage":47,"enemies":"The Guardian","floor":16,"turns":11}],"seed_played":"-2926671980164889137","potions_obtained":[{"floor":4.0,"key":"Fire Potion"},{"floor":5.0,"key":"SteroidPotion"},{"floor":8.0,"key":"Ancient Potion"},{"floor":13.0,"key":"GamblersBrew"}],"is_trial":false,"path_per_floor":["M","?","M","M","M","E","R","E","T","R","M","M","E","M","R","B"],"character_chosen":"IRONCLAD","items_purchased":[],"campfire_rested":2,"item_purchase_floors":[],"current_hp_per_floor":[55,62,68,73,77,75,75,32,32,58,56,42,22,14,40,0],"gold":294,"neow_bonus":"TEN_PERCENT_HP_BONUS","is_prod":false,"is_daily":false,"chose_seed":false,"campfire_upgraded":1,"win_rate":0,"timestamp":1558445526,"path_taken":["M","?","M","?","M","E","R","E","T","R","M","M","E","M","R","BOSS"],"build_version":"2019-01-23","purchased_purges":0,"victory":false,"max_hp_per_floor":[82,89,89,89,89,89,89,89,89,89,89,89,89,89,89,89],"card_choices":[{"not_picked":["Havoc","Armaments"],"picked":"Shrug It Off","floor":1.0},{"not_picked":["Body Slam","Clash"],"picked":"Cleave","floor":3.0},{"not_picked":["Body Slam","Clash"],"picked":"Battle Trance","floor":4.0},{"not_picked":["Wild Strike","Seeing Red"],"picked":"Barricade","floor":5.0},{"not_picked":["Second Wind","Body Slam","Hemokinesis"],"picked":"SKIP","floor":6.0},{"not_picked":["Dropkick","Rupture","Wild Strike"],"picked":"SKIP","floor":8.0},{"not_picked":["Twin Strike","Perfected Strike"],"picked":"Corruption","floor":11.0},{"not_picked":["Twin Strike","Havoc"],"picked":"Uppercut","floor":12.0},{"not_picked":["Uppercut","Iron Wave"],"picked":"Double Tap","floor":13.0},{"not_picked":["Ghostly Armor","Pommel Strike"],"picked":"Iron Wave","floor":14}],"player_experience":2733717,"relics_obtained":[{"floor":6.0,"key":"Art of War"},{"floor":8.0,"key":"Bag of Preparation"},{"floor":9.0,"key":"Orichalcum"},{"floor":13.0,"key":"MawBank"}],"event_choices":[{"damage_healed":0.0,"max_hp_gain":0.0,"max_hp_loss":0.0,"gold_gain":0.0,"event_name":"WeMeetAgain","player_choice":"Paid Gold","floor":2.0,"gold_loss":53.0,"damage_taken":0.0,"relics_obtained":["Strawberry"]}],"is_beta":false,"boss_relics":[],"items_purged_floors":[],"is_endless":false,"potions_floor_spawned":[4,5,8,13],"killed_by":"The Guardian","ascension_level":20}