{"gold_per_floor":[109,109,184,202,127,127,153,153,178,36,70,70,96,66,66,143,143,157,175,191,191,5,5,23,23,23,23,23,23,40,40,40,40],"floor_reached":33,"playtime":2085,"items_purged":["Doubt","Strike_G"],"score":518,"play_id":"1e4fde9b-f21a-40e4-bd4b-700e33b9fb44","local_time":"20190412233906","is_ascension_mode":true,"campfire_choices":[{"floor":6,"key":"REST"},{"floor":8,"key":"REST"},{"data":"Skewer","floor":12,"key":"SMITH"},{"data":"Neutralize","floor":15,"key":"SMITH"},{"floor":23,"key":"REST"},{"floor":25,"key":"REST"},{"data":"Apotheosis","floor":27,"key":"SMITH"},{"floor":32,"key":"REST"}],"neow_cost":"CURSE","seed_source_timestamp":266855297338509,"circlet_count":0,"master_deck":["AscendersBane","Defend_G","Defend_G","Defend_G","Defend_G","Defend_G","Strike_G","Strike_G","Survivor","Neutralize+1","Poisoned Stab","Backflip","Quick Slash","Skewer+1","PiercingWail","After Image","Envenom","Bane+1","Dodge and Roll","Bane","Dodge and Roll","Apotheosis+1","Blade Dance","Decay"],"relics":["Ring of the Serpent","Pocketwatch","Ginger","PreservedInsect","Centennial Puzzle","Kunai","Ancient Tea Set","FossilizedHelix"],"potions_floor_usage":[7,11,16,16,20],"damage_taken":[{"damage":5,"enemies":"2 Louse","floor":1,"turns":3},{"damage":1,"enemies":"Cultist","floor":4,"turns":4},{"damage":6,"enemies":"Gremlin Nob","floor":7,"turns":3},{"damage":10,"enemies":"3 Sentries","floor":11,"turns":7},{"damage":12,"enemies":"Lagavulin","floor":13,"turns":6},{"damage":30,"enemies":"Hexaghost","floor":16,"turns":14},{"damage":21,"enemies":"Spheric Guardian","floor":18,"turns":8},{"damage":18,"enemies":"Shell Parasite","floor":19,"turns":7},{"damage":9,"enemies":"3 Cultists","floor":20,"turns":6},{"damage":0,"enemies":"Snake Plant","floor":24,"turns":5},{"damage":31,"enemies":"Centurion and Healer","floor":30,"turns":7},{"damage":33,"enemies":"Collector","floor":33,"turns":10}],"seed_played":"5575718486288682791","potions_obtained":[{"floor":1,"key":"FearPotion"},{"floor":4,"key":"Fire Potion"},{"floor":11,"key":"GhostInAJar"},{"floor":14,"key":"PowerPotion"},{"floor":18,"key":"Strength Potion"}],"is_trial":false,"path_per_floor":["M","?","?","M","$","R","E","R","T","$","E","R","E","?","R","B",null,"M","M","M","?","$","R","M","R","T","R","$","?","M","?","R","B"],"character_chosen":"THE_SILENT","items_purchased":["Skewer","Apotheosis"],"campfire_rested":5,"item_purchase_floors":[10,22],"current_hp_per_floor":[54,36,25,24,24,43,37,56,56,56,46,46,34,34,34,4,51,30,12,3,3,3,22,22,41,41,41,41,41,10,10,29,0],"gold":40,"neow_bonus":"ONE_RARE_RELIC","is_prod":false,"is_daily":false,"chose_seed":false,"campfire_upgraded":3,"win_rate":0,"timestamp":1555105146,"path_taken":["M","?","?","M","$","R","E","R","T","$","E","R","E","?","R","BOSS","M","?","M","?","$","R","M","R","T","R","$","?","M","?","R","BOSS"],"build_version":"2019-01-23","purchased_purges":2,"victory":false,"max_hp_per_floor":[66,66,66,66,66,66,66,66,66,66,66,66,66,66,66,66,66,66,66,66,66,66,66,66,66,66,66,66,66,66,66,66,66],"card_choices":[{"not_picked":["Flechettes","Prepared"],"picked":"Poisoned Stab","floor":1},{"not_picked":["Underhanded Strike","Terror"],"picked":"Backflip","floor":4},{"not_picked":["Sucker Punch","Endless Agony"],"picked":"Quick Slash","floor":7},{"not_picked":["Dagger Spray","Deflect"],"picked":"PiercingWail","floor":11},{"not_picked":["Leg Sweep","Flying Knee"],"picked":"After Image","floor":13},{"not_picked":["Phantasmal Killer","Die Die Die"],"picked":"Envenom","floor":16},{"not_picked":["Dodge and Roll","Outmaneuver"],"picked":"Bane+1","floor":18},{"not_picked":["Flying Knee","Dagger Throw","Dagger Spray"],"picked":"SKIP","floor":19},{"not_picked":["Sucker Punch","Predator"],"picked":"Dodge and Roll","floor":20},{"not_picked":["Underhanded Strike","Caltrops"],"picked":"Blade Dance","floor":24},{"not_picked":["Expertise","Prepared","Poisoned Stab"],"picked":"SKIP","floor":30}],"player_experience":2479712,"relics_obtained":[{"floor":7,"key":"PreservedInsect"},{"floor":9,"key":"Centennial Puzzle"},{"floor":11,"key":"Kunai"},{"floor":13,"key":"Ancient Tea Set"},{"floor":26,"key":"FossilizedHelix"}],"event_choices":[{"damage_healed":0,"gold_gain":0,"player_choice":"Success","damage_taken":18,"relics_obtained":["Ginger"],"max_hp_gain":0,"max_hp_loss":0,"event_name":"Scrap Ooze","floor":2,"gold_loss":0},{"damage_healed":0,"gold_gain":75,"player_choice":"Gather Gold","damage_taken":11,"max_hp_gain":0,"max_hp_loss":0,"event_name":"World of Goop","floor":3,"gold_loss":0},{"damage_healed":0,"gold_gain":0,"player_choice":"Bought 2 Potions","damage_taken":0,"max_hp_gain":0,"max_hp_loss":0,"event_name":"The Woman in Blue","floor":14,"gold_loss":0},{"damage_healed":0,"gold_gain":0,"cards_transformed":["Strike_G","Strike_G"],"player_choice":"Became Test Subject","damage_taken":0,"max_hp_gain":0,"max_hp_loss":0,"event_name":"Drug Dealer","floor":21,"gold_loss":0,"cards_obtained":["Bane","Dodge and Roll"]},{"damage_healed":0,"gold_gain":0,"player_choice":"Smashed Altar","damage_taken":0,"max_hp_gain":0,"max_hp_loss":0,"event_name":"Forgotten Altar","floor":29,"gold_loss":0,"cards_obtained":["Decay"]},{"damage_healed":0,"gold_gain":0,"player_choice":"Ignored","damage_taken":0,"max_hp_gain":0,"max_hp_loss":0,"event_name":"Cursed Tome","floor":31,"gold_loss":0}],"is_beta":false,"boss_relics":[{"not_picked":["White Beast Statue","HoveringKite"],"picked":"Ring of the Serpent"}],"items_purged_floors":[5,10],"is_endless":false,"potions_floor_spawned":[1,4,11,18],"killed_by":"Collector","ascension_level":20}