{"gold_per_floor":[110,110,127,143,94,124,124,141,218,218,198,212,60,74,74,74],"floor_reached":16,"playtime":1736,"items_purged":["Defend_G"],"score":102,"play_id":"22609525-c31e-457b-b334-47d8df5fc5a1","local_time":"20190523192224","is_ascension_mode":false,"campfire_choices":[{"data":"Adrenaline","floor":7,"key":"SMITH"},{"data":"Outmaneuver","floor":10,"key":"SMITH"},{"data":"After Image","floor":15,"key":"SMITH"}],"neow_cost":"NONE","seed_source_timestamp":287343223857300,"circlet_count":0,"master_deck":["Defend_G","Defend_G","Defend_G","Defend_G","Strike_G","Strike_G","Strike_G","Strike_G","Survivor","Neutralize","Prepared","After Image+1","Underhanded Strike","Slice","Dagger Throw","Adrenaline+1","Outmaneuver+1","Quick Slash","Backstab","Blade Dance"],"relics":["Ring of the Snake","WingedGreaves","Meat on the Bone"],"potions_floor_usage":[16,16],"damage_taken":[{"damage":0,"enemies":"Jaw Worm","floor":1,"turns":5},{"damage":0,"enemies":"Cultist","floor":3,"turns":6},{"damage":0,"enemies":"2 Louse","floor":4,"turns":2},{"damage":28,"enemies":"Lagavulin","floor":6,"turns":12},{"damage":18,"enemies":"Gremlin Gang","floor":8,"turns":5},{"damage":4,"enemies":"2 Fungi Beasts","floor":12,"turns":4},{"damage":0,"enemies":"Large Slime","floor":14,"turns":3},{"damage":46,"enemies":"Hexaghost","floor":16,"turns":14}],"seed_played":"8029991524838578975","potions_obtained":[{"floor":4,"key":"FearPotion"},{"floor":11,"key":"GamblersBrew"},{"floor":12,"key":"FearPotion"}],"is_trial":false,"path_per_floor":["M","?","M","M","$","E","R","M","T","R","?","M","$","M","R","B"],"character_chosen":"THE_SILENT","items_purchased":["Dagger Throw","Backstab"],"campfire_rested":0,"item_purchase_floors":[5,13],"current_hp_per_floor":[77,77,77,77,77,49,49,31,31,31,31,39,39,39,39,0],"gold":74,"neow_bonus":"TEN_PERCENT_HP_BONUS","is_prod":false,"is_daily":false,"chose_seed":false,"campfire_upgraded":3,"win_rate":0.0,"timestamp":1558653744,"path_taken":["M","?","M","M","?","E","R","?","T","R","?","?","$","M","R","BOSS"],"build_version":"2019-01-23","purchased_purges":1,"victory":false,"max_hp_per_floor":[77,77,77,77,77,77,77,77,77,77,77,77,77,77,77,77],"card_choices":[{"not_picked":["Tactician","Blur"],"picked":"Prepared","floor":1},{"not_picked":["Dagger Spray","Deadly Poison"],"picked":"Underhanded Strike","floor":3},{"not_picked":["Reflex","Choke"],"picked":"Slice","floor":4},{"not_picked":["Deadly Poison","Poisoned Stab"],"picked":"Adrenaline","floor":6},{"not_picked":["Acrobatics","Flying Knee"],"picked":"Outmaneuver","floor":8},{"not_picked":["Dagger Spray","Deadly Poison"],"picked":"Quick Slash","floor":12},{"not_picked":["Flying Knee","Prepared"],"picked":"Blade Dance","floor":14}],"player_experience":3428,"relics_obtained":[{"floor":6,"key":"WingedGreaves"},{"floor":9,"key":"Meat on the Bone"}],"event_choices":[{"damage_healed":0,"gold_gain":0,"cards_transformed":["Strike_G"],"player_choice":"Change","damage_taken":0,"max_hp_gain":0,"max_hp_loss":0,"event_name":"Living Wall","floor":2,"gold_loss":0,"cards_obtained":["After Image"]},{"damage_healed":0,"gold_gain":0,"player_choice":"Bought 1 Potion","damage_taken":0,"max_hp_gain":0,"max_hp_loss":0,"event_name":"The Woman in Blue","floor":11,"gold_loss":0}],"is_beta":false,"boss_relics":[],"items_purged_floors":[13],"is_endless":false,"potions_floor_spawned":[4,12],"killed_by":"Hexaghost","ascension_level":0}