{"gold_per_floor":[109,128,128,145,12,12,47,47,72,72,135,163,163],"floor_reached":13,"playtime":601,"items_purged":["Strike_G"],"score":182,"play_id":"525e0862-b6d5-490f-8678-a4472fa38579","local_time":"20190323154740","is_ascension_mode":true,"campfire_choices":[{"data":"Terror","floor":6.0,"key":"SMITH"},{"floor":8.0,"key":"REST"},{"data":"Flechettes","floor":10.0,"key":"SMITH"}],"neow_cost":"NONE","seed_source_timestamp":2360876805442,"circlet_count":0,"master_deck":["AscendersBane","Defend_G","Defend_G","Defend_G","Defend_G","Defend_G","Strike_G","Strike_G+1","Strike_G+1","Survivor","Neutralize+1","Predator","Cloak And Dagger","Terror+1","PiercingWail","Flechettes+1","Skewer"],"special_seed":0,"relics":["Ring of the Snake","Strawberry","Bag of Preparation","Du-Vu Doll","Whetstone"],"potions_floor_usage":[13],"damage_taken":[{"damage":12.0,"enemies":"Small Slimes","floor":1.0,"turns":5.0},{"damage":0.0,"enemies":"Cultist","floor":2.0,"turns":3.0},{"damage":0.0,"enemies":"2 Louse","floor":4.0,"turns":2.0},{"damage":44.0,"enemies":"Gremlin Nob","floor":7.0,"turns":5.0},{"damage":18.0,"enemies":"Gremlin Nob","floor":11.0,"turns":4.0},{"damage":11.0,"enemies":"Lagavulin","floor":12.0,"turns":6.0},{"damage":6,"enemies":"Large Slime","floor":13,"turns":3}],"seed_played":"-5840998331612958087","potions_obtained":[{"floor":1.0,"key":"Weak Potion"},{"floor":7.0,"key":"PowerPotion"},{"floor":12.0,"key":"Explosive Potion"}],"is_trial":false,"path_per_floor":["M","M","?","M","$","R","E","R","T","R","?","E","M"],"character_chosen":"THE_SILENT","items_purchased":["PiercingWail"],"campfire_rested":1,"item_purchase_floors":[5],"current_hp_per_floor":[47,47,47,47,47,47,10,31,31,31,13,2,0],"gold":163,"neow_bonus":"UPGRADE_CARD","is_prod":false,"is_daily":false,"chose_seed":false,"campfire_upgraded":2,"win_rate":0,"timestamp":1553352460,"path_taken":["M","M","?","M","?","R","E","R","T","R","?","E","M"],"build_version":"2019-01-23","purchased_purges":1,"victory":false,"max_hp_per_floor":[66,66,66,66,66,66,73,73,73,73,73,73,73],"card_choices":[{"not_picked":["Endless Agony","Catalyst"],"picked":"Predator","floor":1.0},{"not_picked":["Prepared","Acrobatics"],"picked":"Cloak And Dagger","floor":2.0},{"not_picked":["Tactician","Acrobatics","Blur"],"picked":"SKIP","floor":4.0},{"not_picked":["Tactician","Acrobatics","Blur"],"picked":"SKIP","floor":4.0},{"not_picked":["Flying Knee","Dodge and Roll"],"picked":"Flechettes","floor":7.0},{"not_picked":["Sucker Punch","Dagger Throw"],"picked":"Skewer","floor":11.0},{"not_picked":["Flying Knee","Terror","Blur"],"picked":"SKIP","floor":12.0}],"player_experience":2178601,"relics_obtained":[{"floor":7.0,"key":"Strawberry"},{"floor":9.0,"key":"Bag of Preparation"},{"floor":11.0,"key":"Du-Vu Doll"},{"floor":12.0,"key":"Whetstone"}],"event_choices":[{"damage_healed":0.0,"max_hp_gain":0.0,"max_hp_loss":0.0,"gold_gain":0.0,"cards_transformed":["Strike_G"],"event_name":"Transmorgrifier","player_choice":"Transformed","floor":3.0,"gold_loss":0.0,"damage_taken":0.0,"cards_obtained":["Terror"]},{"damage_healed":0.0,"max_hp_gain":0.0,"max_hp_loss":0.0,"gold_gain":0.0,"event_name":"Dead Adventurer","player_choice":"Searched \u00272\u0027 times","floor":11.0,"gold_loss":0.0,"damage_taken":0.0}],"is_beta":false,"boss_relics":[],"items_purged_floors":[5],"is_endless":false,"potions_floor_spawned":[1,7,12],"killed_by":"Large Slime","ascension_level":20}