{"gold_per_floor":[113,131,131,131,131,166,166,241,267,293,293,120,120,131,131,203,203,219,134,50,30,30,61,61,96,123,123,155,155,170,184,184,184],"floor_reached":33,"playtime":1331,"items_purged":[],"score":596,"play_id":"34b1654d-0556-43b6-9ce8-670014ce7cc1","local_time":"20190413023536","is_ascension_mode":true,"campfire_choices":[{"data":"Dualcast","floor":7.0,"key":"SMITH"},{"floor":11.0,"key":"REST"},{"data":"Coolheaded","floor":13.0,"key":"SMITH"},{"data":"Zap","floor":15.0,"key":"SMITH"},{"floor":24.0,"key":"REST"},{"data":"Undo","floor":29.0,"key":"SMITH"},{"data":"Leap","floor":32.0,"key":"SMITH"}],"neow_cost":"NONE","seed_source_timestamp":0,"circlet_count":0,"master_deck":["AscendersBane","Strike_B+1","Strike_B","Strike_B","Strike_B","Defend_B","Defend_B","Defend_B","Defend_B","Zap+1","Dualcast+1","Coolheaded+1","Leap+1","Cold Snap+1","Leap","Seek","Undo+1","Defragment+1","Chill","Ball Lightning+1"],"special_seed":0,"relics":["FrozenCore","Frozen Egg 2","Juzu Bracelet","Vajra","Art of War","Whetstone","PreservedInsect","Bag of Marbles","Lantern","Du-Vu Doll","Bronze Scales","Ornamental Fan"],"potions_floor_usage":[],"damage_taken":[{"damage":2.0,"enemies":"Cultist","floor":1.0,"turns":4.0},{"damage":5.0,"enemies":"Jaw Worm","floor":2.0,"turns":4.0},{"damage":15.0,"enemies":"Lagavulin","floor":6.0,"turns":10.0},{"damage":0.0,"enemies":"2 Louse","floor":14.0,"turns":3.0},{"damage":8.0,"enemies":"The Guardian","floor":16.0,"turns":14.0},{"damage":22.0,"enemies":"3 Byrds","floor":18.0,"turns":7.0},{"damage":21.0,"enemies":"Book of Stabbing","floor":23.0,"turns":9.0},{"damage":5.0,"enemies":"Slavers","floor":25.0,"turns":6.0},{"damage":0.0,"enemies":"Book of Stabbing","floor":28.0,"turns":6.0},{"damage":0.0,"enemies":"Chosen","floor":30.0,"turns":6.0},{"damage":5.0,"enemies":"Centurion and Healer","floor":31.0,"turns":9.0},{"damage":0,"enemies":"Automaton","floor":33,"turns":1}],"seed_played":"-3574149003447868671","potions_obtained":[{"floor":2.0,"key":"Fire Potion"},{"floor":21.0,"key":"Energy Potion"},{"floor":23.0,"key":"SteroidPotion"},{"floor":25.0,"key":"SteroidPotion"}],"is_trial":false,"path_per_floor":["M","M","?","?","?","E","R","?","T","T","R","$","R","M","R","B",null,"M","?","$","?","?","E","R","E","T","?","E","R","M","M","R","B"],"character_chosen":"DEFECT","items_purchased":["PreservedInsect","Defragment+1"],"campfire_rested":2,"item_purchase_floors":[12,20],"current_hp_per_floor":[69,64,64,59,52,37,37,26,26,26,49,49,49,49,49,41,69,47,47,47,47,63,42,65,60,60,60,60,60,60,55,55,55],"gold":184,"neow_bonus":"TEN_PERCENT_HP_BONUS","is_prod":false,"is_daily":false,"chose_seed":false,"campfire_upgraded":5,"win_rate":0,"timestamp":1555148136,"path_taken":["M","?","?","?","?","E","R","?","T","?","R","?","R","M","R","BOSS","M","?","$","?","?","E","R","E","T","?","E","R","M","M","R","BOSS"],"build_version":"2019-01-23","purchased_purges":0,"victory":false,"max_hp_per_floor":[78,78,78,78,78,78,78,78,78,78,78,78,78,78,78,78,78,78,78,78,78,78,78,78,78,78,78,78,78,78,78,78,78],"card_choices":[{"not_picked":["Steam","Redo"],"picked":"Coolheaded","floor":1.0},{"not_picked":["Reprogram","Compile Driver"],"picked":"Leap","floor":2.0},{"not_picked":["Hologram","Heatsinks+1"],"picked":"Cold Snap","floor":6.0},{"not_picked":["Barrage","Rebound"],"picked":"Leap","floor":14.0},{"not_picked":["Thunder Strike","Reboot"],"picked":"Seek","floor":16.0},{"not_picked":["Compile Driver","Tempest"],"picked":"Undo","floor":18.0},{"not_picked":["Hologram","Stack"],"picked":"Chill","floor":23.0},{"not_picked":["Sweeping Beam","Barrage","Compile Driver"],"picked":"SKIP","floor":25.0},{"not_picked":["Hello World+1","Doom and Gloom","Steam Power"],"picked":"SKIP","floor":28.0},{"not_picked":["Redo","Barrage"],"picked":"Ball Lightning+1","floor":30.0},{"not_picked":["Heatsinks+1","Stack","Sweeping Beam+1"],"picked":"SKIP","floor":31.0}],"player_experience":708303,"relics_obtained":[{"floor":6.0,"key":"Vajra"},{"floor":9.0,"key":"Art of War"},{"floor":10.0,"key":"Whetstone"},{"floor":23.0,"key":"Lantern"},{"floor":25.0,"key":"Du-Vu Doll"},{"floor":26.0,"key":"Bronze Scales"},{"floor":28.0,"key":"Ornamental Fan"}],"event_choices":[{"damage_healed":0.0,"max_hp_gain":0.0,"max_hp_loss":0.0,"gold_gain":0.0,"event_name":"Big Fish","player_choice":"Box","floor":3.0,"gold_loss":0.0,"damage_taken":0.0,"relics_obtained":["Frozen Egg 2"],"cards_obtained":["Regret"]},{"damage_healed":0.0,"max_hp_gain":0.0,"max_hp_loss":0.0,"gold_gain":0.0,"event_name":"Scrap Ooze","player_choice":"Success","floor":4.0,"gold_loss":0.0,"damage_taken":5.0,"relics_obtained":["Juzu Bracelet"]},{"cards_removed":["Regret"],"damage_healed":0.0,"max_hp_gain":0.0,"max_hp_loss":0.0,"gold_gain":0.0,"event_name":"Golden Wing","player_choice":"Card Removal","floor":5.0,"gold_loss":0.0,"damage_taken":7.0},{"damage_healed":0.0,"max_hp_gain":0.0,"max_hp_loss":0.0,"gold_gain":75.0,"event_name":"World of Goop","player_choice":"Gather Gold","floor":8.0,"gold_loss":0.0,"damage_taken":11.0},{"damage_healed":0.0,"max_hp_gain":0.0,"max_hp_loss":0.0,"gold_gain":0.0,"event_name":"Addict","player_choice":"Obtained Relic","floor":19.0,"gold_loss":85.0,"damage_taken":0.0,"relics_obtained":["Bag of Marbles"]},{"damage_healed":0.0,"max_hp_gain":0.0,"max_hp_loss":0.0,"gold_gain":0.0,"event_name":"The Woman in Blue","player_choice":"Bought 1 Potion","floor":21.0,"gold_loss":0.0,"damage_taken":0.0},{"damage_healed":16.0,"max_hp_gain":0.0,"max_hp_loss":0.0,"gold_gain":0.0,"event_name":"The Library","player_choice":"Heal","floor":22.0,"gold_loss":0.0,"damage_taken":0.0},{"damage_healed":0.0,"max_hp_gain":0.0,"max_hp_loss":0.0,"gold_gain":0.0,"event_name":"Vampires","player_choice":"Ignored","floor":27.0,"gold_loss":0.0,"damage_taken":0.0}],"is_beta":false,"boss_relics":[{"not_picked":["White Beast Statue","Snecko Eye"],"picked":"FrozenCore"}],"items_purged_floors":[],"is_endless":false,"potions_floor_spawned":[2,23,25],"killed_by":"Automaton","ascension_level":17}