{"gold_per_floor":[10,27,39,39,118,118,150,165,165,185,185,185,203,236,236,311,311,329,172,172,184,202,202,221,236,236,236,249,32,51,51,51,123,123,142,142,142,162,179,179,213,213,236,267,299,311,342,354,366,378,390],"floor_reached":52,"playtime":3451,"items_purged":["Venomology","Strike_G"],"score":1871,"play_id":"4bc51d1f-249f-48a4-a7f6-102c6071258b","local_time":"20181004231743","is_ascension_mode":true,"campfire_choices":[{"data":"Neutralize","floor":6.0,"key":"SMITH"},{"data":"Footwork","floor":12.0,"key":"SMITH"},{"data":"Burst","floor":15.0,"key":"SMITH"},{"data":"Cloak And Dagger","floor":23.0,"key":"SMITH"},{"data":"Blade Dance","floor":27.0,"key":"SMITH"},{"data":"Blade Dance","floor":32.0,"key":"SMITH"},{"data":"Footwork","floor":40.0,"key":"SMITH"},{"data":"Blade Dance","floor":42.0,"key":"SMITH"},{"floor":46.0,"key":"REST"},{"floor":49.0,"key":"REST"}],"neow_cost":"NO_GOLD","seed_source_timestamp":0,"circlet_count":0,"master_deck":["Survivor","Neutralize+1","AscendersBane","Corpse Explosion","Dodge and Roll","PiercingWail","Footwork+1","Cloak And Dagger+1","Dash","Burst+1","Blade Dance+1","Adrenaline","Terror+1","Well Laid Plans","Backflip","Backstab","Night Terror","Blade Dance+1","Writhe","Bullet Time","Dash","Tactician","Eviscerate","Sucker Punch","Well Laid Plans","Poisoned Stab","Expertise","Trip","Blade Dance+1","Footwork+1","Dodge and Roll","Finisher"],"special_seed":0,"relics":["Ring of the Snake","Shuriken","Paper Crane","Snake Skull","Shovel","Sozu","Nilry\u0027s Codex","Smiling Mask","Blood Vial","Art of War","Pandora\u0027s Box","Orichalcum","MawBank"],"potions_floor_usage":[],"damage_taken":[{"damage":4.0,"enemies":"Small Slimes","floor":1.0,"turns":4.0},{"damage":7.0,"enemies":"2 Louse","floor":2.0,"turns":2.0},{"damage":1.0,"enemies":"Jaw Worm","floor":3.0,"turns":8.0},{"damage":14.0,"enemies":"3 Sentries","floor":7.0,"turns":6.0},{"damage":0.0,"enemies":"3 Louse","floor":8.0,"turns":2.0},{"damage":9.0,"enemies":"Large Slime","floor":10.0,"turns":8.0},{"damage":0.0,"enemies":"2 Fungi Beasts","floor":13.0,"turns":3.0},{"damage":1.0,"enemies":"Gremlin Nob","floor":14.0,"turns":4.0},{"damage":10.0,"enemies":"The Guardian","floor":16.0,"turns":12.0},{"damage":1.0,"enemies":"2 Thieves","floor":18.0,"turns":4.0},{"damage":0.0,"enemies":"3 Byrds","floor":21.0,"turns":2.0},{"damage":0.0,"enemies":"3 Cultists","floor":22.0,"turns":3.0},{"damage":0.0,"enemies":"Snake Plant","floor":24.0,"turns":6.0},{"damage":0.0,"enemies":"Snecko","floor":25.0,"turns":6.0},{"damage":0.0,"enemies":"Centurion and Healer","floor":28.0,"turns":4.0},{"damage":0.0,"enemies":"3 Cultists","floor":30.0,"turns":2.0},{"damage":19.0,"enemies":"Collector","floor":33.0,"turns":7.0},{"damage":0.0,"enemies":"Orb Walker","floor":35.0,"turns":3.0},{"damage":0.0,"enemies":"3 Shapes","floor":38.0,"turns":4.0},{"damage":3.0,"enemies":"Maw","floor":39.0,"turns":7.0},{"damage":0.0,"enemies":"Giant Head","floor":41.0,"turns":6.0},{"damage":35.0,"enemies":"Spire Growth","floor":44.0,"turns":5.0},{"damage":4.0,"enemies":"3 Darklings","floor":45.0,"turns":4.0},{"damage":3.0,"enemies":"Maw","floor":47.0,"turns":6.0},{"damage":45.0,"enemies":"Time Eater","floor":50.0,"turns":11.0},{"damage":19,"enemies":"Donu and Deca","floor":51,"turns":6}],"seed_played":"-2274920815774556709","potions_obtained":[{"floor":1.0,"key":"Regen Potion"},{"floor":7.0,"key":"GhostInAJar"},{"floor":10.0,"key":"EssenceOfSteel"},{"floor":16.0,"key":"SteroidPotion"}],"is_trial":false,"path_per_floor":["M","M","M","?","T","R","E","M","T","M","?","R","M","E","R","B",null,"M","$","?","M","M","R","M","M","T","R","M","$","M","?","R","B",null,"M","?","?","M","M","R","E","R","T","M","M","R","M","?","R","B","B"],"character_chosen":"THE_SILENT","items_purchased":["Well Laid Plans","Blood Vial"],"campfire_rested":2,"item_purchase_floors":[19,29],"current_hp_per_floor":[55,48,47,40,40,40,41,41,41,32,32,32,32,31,31,21,55,54,54,33,33,33,33,33,33,33,33,33,33,35,35,35,18,54,56,56,56,58,57,57,59,59,59,26,24,43,42,42,61,18,1],"gold":402,"neow_bonus":"THREE_RARE_CARDS","is_prod":false,"is_daily":false,"chose_seed":false,"campfire_upgraded":8,"win_rate":0,"timestamp":1538687863,"path_taken":["M","M","M","?","?","R","E","M","T","M","?","R","M","E","R","BOSS","M","$","?","M","M","R","M","M","T","R","?","$","M","?","R","BOSS","M","?","?","M","M","R","E","R","T","M","?","R","M","?","R","BOSS","BOSS"],"build_version":"2018-10-04","purchased_purges":2,"victory":true,"max_hp_per_floor":[66,66,66,66,66,66,66,66,66,66,66,66,66,66,66,66,66,66,66,66,66,66,66,66,66,66,66,66,66,66,66,66,66,66,66,66,66,66,66,66,66,66,66,66,66,66,66,66,66,66,66],"card_choices":[{"not_picked":["After Image","Night Terror"],"picked":"Corpse Explosion","floor":0.0},{"not_picked":["Acrobatics","Quick Slash"],"picked":"Dodge and Roll","floor":1.0},{"not_picked":["Distraction","Setup"],"picked":"PiercingWail","floor":2.0},{"not_picked":["Flying Knee","Underhanded Strike"],"picked":"Footwork","floor":3.0},{"not_picked":["Underhanded Strike","Flying Knee"],"picked":"Venomology","floor":7.0},{"not_picked":["Well Laid Plans","Poisoned Stab"],"picked":"Cloak And Dagger","floor":8.0},{"not_picked":["Outmaneuver","PiercingWail"],"picked":"Dash","floor":10.0},{"not_picked":["Acrobatics","Cloak And Dagger"],"picked":"Burst","floor":13.0},{"not_picked":["Caltrops","Endless Agony"],"picked":"Blade Dance","floor":14.0},{"not_picked":["Wraith Form v2","Unload"],"picked":"Adrenaline","floor":16.0},{"not_picked":["Accuracy","PiercingWail"],"picked":"Terror+1","floor":18.0},{"not_picked":["Slice","Acrobatics","Bane"],"picked":"SKIP","floor":21.0},{"not_picked":["Blade Dance","Underhanded Strike"],"picked":"Backflip","floor":22.0},{"not_picked":["Masterful Stab","Prepared","Outmaneuver"],"picked":"SKIP","floor":24.0},{"not_picked":["Slice","Dagger Spray"],"picked":"Backstab","floor":25.0},{"not_picked":["Blur","Predator"],"picked":"Night Terror","floor":28.0},{"not_picked":["Tactician","Slice"],"picked":"Blade Dance","floor":30.0},{"not_picked":["Phantasmal Killer","Corpse Explosion"],"picked":"Bullet Time","floor":33.0},{"not_picked":["Quick Slash","All Out Attack","Prepared"],"picked":"SKIP","floor":35.0},{"not_picked":["Purity","Madness"],"picked":"Trip","floor":37.0},{"not_picked":["Deflect+1","Reflex"],"picked":"Blade Dance","floor":38.0},{"not_picked":["Flechettes","Deadly Poison"],"picked":"Footwork","floor":39.0},{"not_picked":["Flying Knee","Dagger Spray","Quick Slash+1"],"picked":"SKIP","floor":41.0},{"not_picked":["Choke","Distraction"],"picked":"Dodge and Roll","floor":44.0},{"not_picked":["Crippling Poison","Slice","Eviscerate"],"picked":"SKIP","floor":45.0},{"not_picked":["Poisoned Stab+1","Heel Hook"],"picked":"Finisher","floor":47.0}],"player_experience":992696,"relics_obtained":[{"floor":5.0,"key":"Shuriken"},{"floor":7.0,"key":"Paper Crane"},{"floor":9.0,"key":"Snake Skull"},{"floor":14.0,"key":"Shovel"},{"floor":20.0,"key":"Nilry\u0027s Codex"},{"floor":26.0,"key":"Smiling Mask"},{"floor":41.0,"key":"Orichalcum"},{"floor":43.0,"key":"MawBank"}],"event_choices":[{"event_name":"Golden Wing","player_choice":"Card Removal","floor":4.0,"damage_taken":0.0},{"event_name":"Liars Game","player_choice":"disagreed","floor":11.0,"damage_taken":0.0},{"event_name":"Cursed Tome","player_choice":"Obtained Book","floor":20.0,"damage_taken":0.0},{"event_name":"The Mausoleum","player_choice":"Yes","floor":31.0,"damage_taken":0.0},{"event_name":"Tomb of Lord Red Mask","player_choice":"Ignored","floor":36.0,"damage_taken":0.0},{"event_name":"SensoryStone","player_choice":"Memory 1","floor":37.0,"damage_taken":0.0},{"event_name":"Falling","player_choice":"Removed Attack","floor":48.0,"damage_taken":0.0}],"is_beta":true,"boss_relics":[{"not_picked":["Tiny House","WristBlade"],"picked":"Sozu"},{"not_picked":["Calling Bell","White Beast Statue"],"picked":"Pandora\u0027s Box"}],"items_purged_floors":[19,29],"is_endless":false,"potions_floor_spawned":[1,7,10,13,16,18,21,25,33,35,39,41],"ascension_level":20}