{"gold_per_floor":[19,29,48,98,115,143,143,172,172,240,240,259,271,21,21,93,93,105,105,123,123,142,142,157,174,254,254,6,36,36,48,48,125,125,140,1,12,27,39,39,0,34,111,111,140,140,140,174,174,174],"floor_reached":51,"playtime":3631,"items_purged":["Strike_G"],"score":1541,"play_id":"a897ed42-da4a-4710-829e-8c55afec02e1","local_time":"20180820065124","is_ascension_mode":true,"campfire_choices":[{"data":"Noxious Fumes","floor":7.0,"key":"SMITH"},{"floor":11.0,"key":"REST"},{"floor":15.0,"key":"REST"},{"data":"Calculated Gamble","floor":23.0,"key":"SMITH"},{"floor":27.0,"key":"REST"},{"data":"Blade Dance","floor":30.0,"key":"SMITH"},{"data":"Blade Dance","floor":32,"key":"SMITH"},{"data":"Cloak And Dagger","floor":40,"key":"SMITH"},{"data":"Well Laid Plans","floor":44,"key":"SMITH"},{"data":"Accuracy","floor":46,"key":"SMITH"},{"floor":49,"key":"REST"}],"neow_cost":"NO_GOLD","seed_source_timestamp":5303967666538,"circlet_count":0,"master_deck":["Defend_G","Defend_G","Defend_G","Defend_G","Strike_G","Strike_G+1","Survivor","Neutralize","AscendersBane","Accuracy","All Out Attack","Noxious Fumes+1","Blade Dance+1","Accuracy+1","Well Laid Plans+1","Bullet Time","Leg Sweep","Calculated Gamble+1","Accuracy+1","After Image+1","Blade Dance+1","Predator","Calculated Gamble+1","Blur","Blur","Corpse Explosion","PiercingWail","Tools of the Trade+1","Sucker Punch","Cloak And Dagger+1","Backstab","PiercingWail","Infinite Blades+1","Predator+1","Footwork+1"],"special_seed":0,"relics":["Ring of the Serpent","Juzu Bracelet","Tough Bandages","Frozen Egg 2","Blood Vial","Meat on the Bone","Mummified Hand","Sozu","Red Mask","Ornamental Fan","Shuriken","Whetstone","Shovel","Art of War"],"potions_floor_usage":[50],"damage_taken":[{"damage":0.0,"enemies":"2 Louse","floor":1.0,"turns":2.0},{"damage":1.0,"enemies":"Cultist","floor":2.0,"turns":4.0},{"damage":5.0,"enemies":"Small Slimes","floor":3.0,"turns":3.0},{"damage":9.0,"enemies":"Blue Slaver","floor":5.0,"turns":5.0},{"damage":19.0,"enemies":"3 Sentries","floor":6.0,"turns":6.0},{"damage":17.0,"enemies":"Gremlin Nob","floor":8.0,"turns":4.0},{"damage":7.0,"enemies":"Exordium Thugs","floor":12.0,"turns":4.0},{"damage":11.0,"enemies":"Large Slime","floor":13.0,"turns":6.0},{"damage":10.0,"enemies":"The Guardian","floor":16.0,"turns":12.0},{"damage":5.0,"enemies":"Chosen","floor":18.0,"turns":7.0},{"damage":17.0,"enemies":"2 Thieves","floor":20.0,"turns":4.0},{"damage":9.0,"enemies":"Snecko","floor":22.0,"turns":5.0},{"damage":15.0,"enemies":"Snake Plant","floor":24.0,"turns":5.0},{"damage":8.0,"enemies":"Cultist and Chosen","floor":25.0,"turns":6.0},{"damage":14.0,"enemies":"Gremlin Leader","floor":29.0,"turns":6.0},{"damage":1,"enemies":"Snecko","floor":31,"turns":6},{"damage":0,"enemies":"Collector","floor":33,"turns":9},{"damage":17,"enemies":"Flame Bruiser 1 Orb","floor":35,"turns":5},{"damage":0,"enemies":"3 Darklings","floor":37,"turns":3},{"damage":9,"enemies":"4 Shapes","floor":38,"turns":5},{"damage":2,"enemies":"Flame Bruiser 2 Orb","floor":39,"turns":6},{"damage":14,"enemies":"Giant Head","floor":42,"turns":8},{"damage":0,"enemies":"Nemesis","floor":45,"turns":7},{"damage":0,"floor":47,"turns":6},{"damage":0,"enemies":"Giant Head","floor":48,"turns":5},{"damage":10,"enemies":"Awakened One","floor":50,"turns":10}],"seed_played":"2881724155107051336","potions_obtained":[{"floor":2.0,"key":"Energy Potion"},{"floor":12.0,"key":"FearPotion"},{"floor":13.0,"key":"SkillPotion"},{"floor":20.0,"key":"Strength Potion"},{"floor":24.0,"key":"GamblersBrew"},{"floor":31,"key":"GamblersBrew"}],"is_trial":false,"path_per_floor":["M","M","M","?","M","E","R","E","T","?","R","M","M","$","R","B",null,"M","?","M","?","M","R","M","M","T","R","$","E","R","M","R","B",null,"M","$","M","M","M","R","?","E","T","R","E","R","?","E","R","B"],"character_chosen":"THE_SILENT","items_purchased":["Accuracy+1","Blood Vial","Blur","Corpse Explosion","Cloak And Dagger","Backstab"],"campfire_rested":4,"item_purchase_floors":[14,14,28,28,36,36],"current_hp_per_floor":[59,58,53,53,44,25,25,8,8,8,27,20,9,9,28,20,55,52,52,37,37,30,30,17,11,11,30,30,30,30,43,43,45,61,46,46,48,41,41,41,41,41,41,41,43,43,45,47,66,56],"gold":174,"neow_bonus":"TRANSFORM_TWO_CARDS","is_prod":false,"is_daily":false,"chose_seed":false,"campfire_upgraded":7,"win_rate":0,"timestamp":1534740684,"path_taken":["M","M","M","?","M","E","R","E","T","?","R","M","M","$","R","BOSS","M","?","M","?","M","R","M","M","T","R","$","E","R","M","R","BOSS","M","$","M","M","M","R","?","E","T","R","E","R","?","E","R","BOSS"],"build_version":"2018-08-16","purchased_purges":1,"victory":true,"max_hp_per_floor":[66,66,66,66,66,66,66,66,66,66,66,66,66,66,66,66,66,66,66,66,66,66,66,66,66,66,66,66,66,66,66,66,66,66,66,66,66,66,66,66,66,66,66,66,66,66,66,66,66,66],"card_choices":[{"not_picked":["Backflip","Expertise"],"picked":"Noxious Fumes","floor":1.0},{"not_picked":["Bouncing Flask","All Out Attack"],"picked":"Blade Dance","floor":2.0},{"not_picked":["Poisoned Stab","Outmaneuver","Deflect"],"picked":"SKIP","floor":3.0},{"not_picked":["Slice","Dagger Spray"],"picked":"Accuracy","floor":5.0},{"not_picked":["Riddle With Holes","Finisher"],"picked":"Well Laid Plans","floor":6.0},{"not_picked":["Underhanded Strike","Flying Knee"],"picked":"Bullet Time","floor":8.0},{"not_picked":["Bane","Acrobatics"],"picked":"Leg Sweep","floor":12.0},{"not_picked":["Heel Hook","Deadly Poison"],"picked":"Calculated Gamble","floor":13.0},{"not_picked":["Bullet Time","Phantasmal Killer"],"picked":"After Image+1","floor":16.0},{"not_picked":["PiercingWail","Slice"],"picked":"Blade Dance","floor":18.0},{"not_picked":["Slice","Flying Knee"],"picked":"Predator","floor":20.0},{"not_picked":["Sucker Punch","Quick Slash"],"picked":"Calculated Gamble+1","floor":22.0},{"not_picked":["Slice","Prepared"],"picked":"Blur","floor":24.0},{"not_picked":["Deflect+1","Dagger Throw","Slice"],"picked":"SKIP","floor":25.0},{"not_picked":["Flying Knee","Bouncing Flask"],"picked":"PiercingWail","floor":29.0},{"not_picked":["Deadly Poison","Poisoned Stab","Caltrops+1"],"picked":"SKIP","floor":31},{"not_picked":["Bullet Time","Envenom+1"],"picked":"Tools of the Trade+1","floor":33},{"not_picked":["Dash","Dodge and Roll+1"],"picked":"Sucker Punch","floor":35},{"not_picked":["Flechettes","Sucker Punch"],"picked":"PiercingWail","floor":37},{"not_picked":["Slice+1","Riddle With Holes"],"picked":"Infinite Blades+1","floor":38},{"not_picked":["Poisoned Stab","Sucker Punch+1","Underhanded Strike"],"picked":"SKIP","floor":39},{"not_picked":["Quick Slash","Deadly Poison","Dagger Spray"],"picked":"SKIP","floor":42},{"not_picked":["Masterful Stab","Sucker Punch"],"picked":"Predator","floor":45},{"not_picked":["Dodge and Roll","Dash+1"],"picked":"Footwork+1","floor":47},{"not_picked":["Prepared","Deflect","Dodge and Roll"],"picked":"SKIP","floor":48}],"player_experience":912163,"relics_obtained":[{"floor":6.0,"key":"Juzu Bracelet"},{"floor":8.0,"key":"Tough Bandages"},{"floor":9.0,"key":"Frozen Egg 2"},{"floor":26.0,"key":"Meat on the Bone"},{"floor":29.0,"key":"Mummified Hand"},{"floor":42,"key":"Ornamental Fan"},{"floor":43,"key":"Shuriken"},{"floor":45,"key":"Whetstone"},{"floor":47,"key":"Shovel"},{"floor":48,"key":"Art of War"}],"event_choices":[{"event_name":"Golden Shrine","player_choice":"Pray","floor":4.0,"damage_taken":0.0},{"event_name":"Golden Wing","player_choice":"Gained Gold","floor":10.0,"damage_taken":0.0},{"event_name":"Bonfire Elementals","player_choice":"BASIC","floor":19.0,"damage_taken":0.0},{"event_name":"NoteForYourself","player_choice":"Ignored","floor":21.0,"damage_taken":0.0},{"event_name":"Tomb of Lord Red Mask","player_choice":"Paid","floor":41,"damage_taken":0},{"event_name":"MindBloom","player_choice":"Fight","floor":47,"damage_taken":0}],"is_beta":true,"boss_relics":[{"not_picked":["Eternal Feather","Tiny House"],"picked":"Ring of the Serpent"},{"not_picked":["Astrolabe","Calling Bell"],"picked":"Sozu"}],"items_purged_floors":[28],"is_endless":false,"potions_floor_spawned":[2,12,13,20,24,31,37,38,45,47],"ascension_level":16}