{"gold_per_floor":[131,103,127,157,187,227,259,271,283,323,351,391,414,86,86,183,183,201,43,43,59,70,104,104,132,156,167,167,194,213,236,236,341,341,360,360,373,2,13,39,39,68,68,68,102,116,116,21,21,21],"floor_reached":51,"playtime":3648,"items_purged":["Strike_G"],"score":842,"play_id":"8cd95047-8c65-4522-8df8-dbef99d88d59","local_time":"20190524223831","is_ascension_mode":false,"campfire_choices":[{"data":"Neutralize","floor":8.0,"key":"SMITH"},{"data":"Skewer","floor":15.0,"key":"SMITH"},{"data":"Wraith Form v2","floor":24.0,"key":"SMITH"},{"data":"Well Laid Plans","floor":28.0,"key":"SMITH"},{"data":"Corpse Explosion","floor":32.0,"key":"SMITH"},{"data":"Calculated Gamble","floor":41,"key":"SMITH"},{"data":"Night Terror","floor":44,"key":"SMITH"},{"data":"Acrobatics","floor":49,"key":"SMITH"}],"neow_cost":"NONE","seed_source_timestamp":0,"circlet_count":0,"master_deck":["Defend_G","Defend_G","Defend_G","Defend_G","Defend_G","Survivor","Neutralize+1","Quick Slash","Skewer+1","Backstab","Quick Slash","Backstab","Dagger Spray","Tools of the Trade","Sucker Punch+1","Backflip","Deadly Poison","Glass Knife+1","Dagger Throw+1","Wraith Form v2+1","Acrobatics+1","Bite+1","Bite+1","Bite+1","Bite+1","Bite+1","Backflip+1","Well Laid Plans+1","Deflect+1","Calculated Gamble+1","Riddle With Holes+1","Corpse Explosion+1","Dagger Spray+1","Night Terror+1","Footwork","Cloak And Dagger+1","PiercingWail+1","Night Terror+1","Bouncing Flask+1"],"special_seed":0,"relics":["Ring of the Snake","MawBank","Bottled Flame","Lantern","Molten Egg 2","Art of War","Runic Dome","Matryoshka","Strawberry","Bag of Preparation","Centennial Puzzle","Ice Cream","Anchor","Happy Flower","Busted Crown","Membership Card","Toxic Egg 2","Mercury Hourglass","The Courier","Calipers","Omamori"],"potions_floor_usage":[46,50,50],"damage_taken":[{"damage":0.0,"enemies":"Jaw Worm","floor":1.0,"turns":6.0},{"damage":0.0,"enemies":"Cultist","floor":3.0,"turns":3.0},{"damage":0.0,"enemies":"Small Slimes","floor":4.0,"turns":3.0},{"damage":6.0,"enemies":"Exordium Wildlife","floor":5.0,"turns":7.0},{"damage":21.0,"enemies":"Lagavulin","floor":6.0,"turns":10.0},{"damage":3.0,"enemies":"2 Fungi Beasts","floor":7.0,"turns":3.0},{"damage":7.0,"enemies":"Gremlin Nob","floor":10.0,"turns":3.0},{"damage":0.0,"enemies":"Looter","floor":11.0,"turns":1.0},{"damage":11.0,"enemies":"Lagavulin","floor":12.0,"turns":5.0},{"damage":0.0,"enemies":"Blue Slaver","floor":13.0,"turns":1.0},{"damage":14.0,"enemies":"The Guardian","floor":16.0,"turns":10.0},{"damage":0.0,"enemies":"3 Byrds","floor":18.0,"turns":3.0},{"damage":7.0,"enemies":"2 Thieves","floor":21.0,"turns":3.0},{"damage":2.0,"enemies":"Centurion and Healer","floor":22.0,"turns":4.0},{"damage":14.0,"enemies":"Book of Stabbing","floor":23.0,"turns":6.0},{"damage":19.0,"enemies":"Gremlin Leader","floor":25.0,"turns":8.0},{"damage":1.0,"enemies":"Snecko","floor":27.0,"turns":4.0},{"damage":14.0,"enemies":"Slavers","floor":29.0,"turns":4.0},{"damage":0.0,"enemies":"Cultist and Chosen","floor":30.0,"turns":3.0},{"damage":42.0,"enemies":"Champ","floor":33.0,"turns":13.0},{"damage":0.0,"enemies":"3 Shapes","floor":35.0,"turns":3.0},{"damage":0.0,"enemies":"Orb Walker","floor":37.0,"turns":2.0},{"damage":1,"enemies":"Transient","floor":39,"turns":5},{"damage":9,"enemies":"Giant Head","floor":40,"turns":10},{"damage":15,"enemies":"Reptomancer","floor":42,"turns":8},{"damage":2,"enemies":"Nemesis","floor":45,"turns":7},{"damage":0,"enemies":"4 Shapes","floor":46,"turns":2},{"damage":51,"enemies":"Donu and Deca","floor":50,"turns":14}],"seed_played":"4723914837313844936","potions_obtained":[{"floor":2.0,"key":"GamblersBrew"},{"floor":2.0,"key":"EntropicBrew"},{"floor":2.0,"key":"Swift Potion"},{"floor":3.0,"key":"GhostInAJar"},{"floor":7.0,"key":"Explosive Potion"},{"floor":12.0,"key":"SteroidPotion"},{"floor":16.0,"key":"Regen Potion"},{"floor":22.0,"key":"SpeedPotion"},{"floor":23.0,"key":"LiquidBronze"},{"floor":29.0,"key":"FearPotion"},{"floor":33.0,"key":"Ancient Potion"},{"floor":46,"key":"Fruit Juice"}],"is_trial":false,"path_per_floor":["M","?","M","M","M","E","M","R","T","E","M","E","M","$","R","B",null,"M","$","?","M","M","E","R","E","T","M","R","E","M","T","R","B",null,"M","?","M","$","M","E","R","E","T","R","E","M","?","$","R","B",null],"character_chosen":"THE_SILENT","items_purchased":["Backflip","Deadly Poison","PowerPotion","Art of War","Wraith Form v2","Acrobatics","Membership Card","Footwork","Toxic Egg 2","Night Terror+1","Bouncing Flask+1"],"campfire_rested":0,"item_purchase_floors":[14,14,14,14,19,19,38,38,38,48,48],"current_hp_per_floor":[70,70,70,70,64,43,40,40,40,33,35,26,28,28,28,16,70,70,70,70,70,70,68,68,74,74,77,77,75,77,77,77,77,77,77,77,77,77,77,77,77,77,77,77,77,82,82,82,82,55],"gold":21,"neow_bonus":"RANDOM_COMMON_RELIC","is_prod":false,"is_daily":false,"chose_seed":true,"campfire_upgraded":8,"win_rate":1,"timestamp":1558762711,"path_taken":["M","?","?","M","M","E","M","R","T","E","M","E","M","?","R","BOSS","M","?","?","M","M","E","R","E","T","M","R","E","M","?","R","BOSS","M","?","M","$","M","E","R","E","T","R","E","M","?","$","R","BOSS"],"build_version":"2019-01-23","purchased_purges":1,"victory":true,"max_hp_per_floor":[70,70,70,70,70,70,70,70,70,70,70,70,70,70,70,70,70,70,70,70,70,70,70,70,77,77,77,77,77,77,77,77,77,77,77,77,77,77,77,77,77,77,77,77,77,82,82,82,82,82],"card_choices":[{"not_picked":["Distraction","Eviscerate"],"picked":"Slice","floor":1.0},{"not_picked":["Slice","Cloak And Dagger"],"picked":"Quick Slash","floor":3.0},{"not_picked":["Slice","Reflex"],"picked":"Skewer","floor":4.0},{"not_picked":["Cloak And Dagger","Deadly Poison"],"picked":"Backstab","floor":5.0},{"not_picked":["Outmaneuver","Caltrops","Slice"],"picked":"SKIP","floor":6.0},{"not_picked":["Reflex","Slice"],"picked":"Quick Slash","floor":7.0},{"not_picked":["Dagger Spray","Skewer"],"picked":"Backstab","floor":10.0},{"not_picked":["Slice","Blade Dance"],"picked":"Dagger Spray","floor":11.0},{"not_picked":["Night Terror","Underhanded Strike"],"picked":"Tools of the Trade","floor":12.0},{"not_picked":["Quick Slash+1","Eviscerate+1"],"picked":"Sucker Punch+1","floor":13.0},{"not_picked":["Wraith Form v2","Phantasmal Killer"],"picked":"Glass Knife+1","floor":16.0},{"not_picked":["Slice+1","Underhanded Strike+1"],"picked":"Dagger Throw+1","floor":18.0},{"not_picked":["Caltrops","Quick Slash+1"],"picked":"Backflip+1","floor":21.0},{"not_picked":["Reflex","Cloak And Dagger+1"],"picked":"Well Laid Plans","floor":22.0},{"not_picked":["Outmaneuver","Underhanded Strike+1"],"picked":"Deflect+1","floor":23.0},{"not_picked":["Dagger Throw+1","Cloak And Dagger"],"picked":"Calculated Gamble","floor":25.0},{"not_picked":["Caltrops","Deadly Poison"],"picked":"Riddle With Holes+1","floor":27.0},{"not_picked":["Leg Sweep","Dodge and Roll"],"picked":"Corpse Explosion","floor":29.0},{"not_picked":["Quick Slash+1","Slice+1"],"picked":"Dagger Spray+1","floor":30.0},{"not_picked":["Tools of the Trade","Burst"],"picked":"Night Terror","floor":33.0},{"not_picked":["Outmaneuver+1"],"picked":"SKIP","floor":35.0},{"not_picked":["Dagger Spray+1"],"picked":"SKIP","floor":37.0},{"not_picked":["Deflect+1"],"picked":"SKIP","floor":39},{"not_picked":["Riddle With Holes+1"],"picked":"SKIP","floor":40},{"not_picked":["Bane+1"],"picked":"SKIP","floor":42},{"not_picked":[],"picked":"Cloak And Dagger+1","floor":45},{"not_picked":[],"picked":"PiercingWail+1","floor":46}],"player_experience":880566,"relics_obtained":[{"floor":6.0,"key":"Bottled Flame"},{"floor":9.0,"key":"Lantern"},{"floor":10.0,"key":"Blood Vial"},{"floor":12.0,"key":"Molten Egg 2"},{"floor":23.0,"key":"Matryoshka"},{"floor":25.0,"key":"Strawberry"},{"floor":26.0,"key":"Bag of Preparation"},{"floor":26.0,"key":"Centennial Puzzle"},{"floor":29.0,"key":"Ice Cream"},{"floor":31.0,"key":"Anchor"},{"floor":31.0,"key":"Happy Flower"},{"floor":40,"key":"Mercury Hourglass"},{"floor":42,"key":"The Courier"},{"floor":43,"key":"Calipers"},{"floor":45,"key":"Omamori"}],"event_choices":[{"damage_healed":0.0,"max_hp_gain":0.0,"max_hp_loss":0.0,"gold_gain":0.0,"event_name":"The Woman in Blue","player_choice":"Bought 3 Potions","floor":2.0,"gold_loss":0.0,"damage_taken":0.0},{"damage_healed":0.0,"max_hp_gain":0.0,"max_hp_loss":0.0,"gold_gain":0.0,"event_name":"Vampires","player_choice":"Became a vampire (Vial)","floor":20.0,"relics_lost":["Blood Vial"],"gold_loss":0.0,"damage_taken":0.0,"cards_obtained":["Bite","Bite","Bite","Bite","Bite"]},{"damage_healed":0.0,"max_hp_gain":0.0,"max_hp_loss":0.0,"gold_gain":0.0,"event_name":"Tomb of Lord Red Mask","player_choice":"Ignored","floor":36.0,"gold_loss":0.0,"damage_taken":0.0},{"cards_removed":["Slice"],"damage_healed":0,"gold_gain":0,"player_choice":"Removed Attack","damage_taken":0,"max_hp_gain":0,"max_hp_loss":0,"event_name":"Falling","floor":47,"gold_loss":0}],"is_beta":false,"boss_relics":[{"not_picked":["Ring of the Serpent","Orrery"],"picked":"Runic Dome"},{"not_picked":["Black Star","Pandora\u0027s Box"],"picked":"Busted Crown"}],"items_purged_floors":[14],"is_endless":false,"potions_floor_spawned":[3,4,7,12,16,22,23,29,30,33,35,37,45,46],"ascension_level":0}