{"gold_per_floor":[114,73,73,73,96,131,150,193,193,221,269,294,347,359,371,476,488,519,531,543,445,224,255,255,290,290,290,313,313,327,327],"floor_reached":31,"playtime":1543,"items_purged":["Writhe"],"score":632,"play_id":"cea31bd7-572c-4f6b-a030-26a30b7f440c","local_time":"20190203222736","is_ascension_mode":true,"campfire_choices":[{"floor":15.0,"key":"REST"},{"floor":24,"key":"REST"},{"floor":27,"key":"REST"}],"neow_cost":"NONE","seed_source_timestamp":870228709382534,"circlet_count":0,"master_deck":["AscendersBane","Strike_B","Strike_B","Strike_B","Defend_B","Defend_B","Defend_B","Zap","Dualcast","Undo","Defragment+1","Doom and Gloom","Melter","Tempest","Stack+1","Turbo+1","Stack+1","Double Energy+1","Cold Snap","Electrodynamics+1","Loop","Apotheosis+1","White Noise+1","BootSequence+1","Chill+1"],"special_seed":0,"relics":["Cracked Core","NeowsBlessing","Golden Idol","Smiling Mask","Toxic Egg 2","MawBank","Odd Mushroom","Shovel","Philosopher\u0027s Stone","Pear","Letter Opener","Regal Pillow","Bag of Preparation"],"potions_floor_usage":[23],"damage_taken":[{"damage":0.0,"enemies":"Jaw Worm","floor":1.0,"turns":1.0},{"damage":0.0,"enemies":"Small Slimes","floor":5.0,"turns":1.0},{"damage":0.0,"enemies":"3 Sentries","floor":6.0,"turns":1.0},{"damage":0.0,"enemies":"2 Louse","floor":7.0,"turns":3.0},{"damage":30.0,"enemies":"Lagavulin","floor":8.0,"turns":7.0},{"damage":0.0,"enemies":"Looter","floor":10.0,"turns":4.0},{"damage":0.0,"enemies":"The Mushroom Lair","floor":11.0,"turns":2.0},{"damage":11.0,"enemies":"Exordium Wildlife","floor":12.0,"turns":4.0},{"damage":10.0,"enemies":"Gremlin Nob","floor":13.0,"turns":3.0},{"damage":15.0,"enemies":"The Guardian","floor":16.0,"turns":11.0},{"damage":10,"enemies":"Shell Parasite","floor":18,"turns":3},{"damage":36,"enemies":"Book of Stabbing","floor":23,"turns":5},{"damage":46,"enemies":"Slavers","floor":25,"turns":4},{"damage":0,"enemies":"Spheric Guardian","floor":28,"turns":2},{"damage":16,"enemies":"Snake Plant","floor":30,"turns":3},{"damage":36,"enemies":"3 Cultists","floor":31,"turns":4}],"seed_played":"3647031718476611559","potions_obtained":[{"floor":1.0,"key":"Explosive Potion"},{"floor":6.0,"key":"Strength Potion"},{"floor":11.0,"key":"FocusPotion"},{"floor":12.0,"key":"Weak Potion"},{"floor":16.0,"key":"Weak Potion"},{"floor":23,"key":"FairyPotion"},{"floor":28,"key":"Weak Potion"},{"floor":30,"key":"Energy Potion"}],"is_trial":false,"path_per_floor":["M","$","?","?","M","E","M","E","T","M","?","M","E","?","R","B",null,"M","$","?","?","$","E","R","E","T","R","M","?","M","M"],"character_chosen":"DEFECT","items_purchased":["Defragment","Apotheosis+1"],"campfire_rested":3,"item_purchase_floors":[2,22],"current_hp_per_floor":[64,64,57,57,57,57,57,27,27,27,27,16,6,6,25,10,51,41,41,51,51,51,15,37,1,1,38,38,38,22,0],"gold":327,"neow_bonus":"THREE_ENEMY_KILL","is_prod":false,"is_daily":false,"chose_seed":false,"campfire_upgraded":0,"win_rate":0,"timestamp":1549229256,"path_taken":["M","$","?","?","M","E","M","E","T","M","?","M","E","?","R","BOSS","M","$","?","?","$","E","R","E","T","R","?","?","M","M"],"build_version":"2019-01-23","purchased_purges":1,"victory":false,"max_hp_per_floor":[71,71,71,64,64,64,64,64,64,64,64,64,64,64,64,64,64,64,64,74,74,74,74,74,74,74,74,74,74,74,74],"card_choices":[{"not_picked":["Turbo","Conserve Battery"],"picked":"Undo","floor":1.0},{"not_picked":["Reprogram","Skim"],"picked":"Doom and Gloom","floor":5.0},{"not_picked":["Multi-Cast","Turbo"],"picked":"Melter","floor":6.0},{"not_picked":["Conserve Battery","Sunder"],"picked":"Tempest","floor":7.0},{"not_picked":["All For One","Aggregate"],"picked":"Stack","floor":8.0},{"not_picked":["Stack+1","Loop"],"picked":"Turbo+1","floor":10.0},{"not_picked":["Chaos+1","FTL"],"picked":"Stack+1","floor":11.0},{"not_picked":["Barrage","Cold Snap"],"picked":"Double Energy+1","floor":12.0},{"not_picked":["Conserve Battery+1","Leap+1"],"picked":"Cold Snap","floor":13.0},{"not_picked":["Thunder Strike","Fission+1"],"picked":"Electrodynamics","floor":16.0},{"not_picked":["Gash","FTL+1"],"picked":"Loop","floor":18},{"not_picked":["Rip and Tear","Redo+1"],"picked":"White Noise+1","floor":23},{"not_picked":["Gash","Compile Driver"],"picked":"BootSequence+1","floor":25},{"not_picked":["Sweeping Beam","Compile Driver","Hello World"],"picked":"SKIP","floor":28},{"not_picked":["Turbo+1","Barrage"],"picked":"Chill+1","floor":30}],"player_experience":1633812,"relics_obtained":[{"floor":6.0,"key":"Smiling Mask"},{"floor":8.0,"key":"Toxic Egg 2"},{"floor":9.0,"key":"MawBank"},{"floor":11.0,"key":"Odd Mushroom"},{"floor":13.0,"key":"Shovel"},{"floor":23,"key":"Letter Opener"},{"floor":25,"key":"Regal Pillow"},{"floor":26,"key":"Bag of Preparation"}],"event_choices":[{"cards_removed":["Defend_B"],"damage_healed":0.0,"max_hp_gain":0.0,"max_hp_loss":0.0,"gold_gain":0.0,"event_name":"Golden Wing","player_choice":"Card Removal","floor":3.0,"gold_loss":0.0,"damage_taken":7.0},{"damage_healed":0.0,"max_hp_gain":0.0,"max_hp_loss":7.0,"gold_gain":0.0,"event_name":"Golden Idol","player_choice":"Lose Max HP","floor":4.0,"gold_loss":0.0,"damage_taken":0.0,"relics_obtained":["Golden Idol"]},{"damage_healed":0.0,"max_hp_gain":0.0,"max_hp_loss":0.0,"gold_gain":0.0,"event_name":"Mushrooms","player_choice":"Fought Mushrooms","floor":11.0,"gold_loss":0.0,"damage_taken":0.0},{"damage_healed":0.0,"max_hp_gain":0.0,"max_hp_loss":0.0,"gold_gain":0.0,"event_name":"Shining Light","player_choice":"Ignored","floor":14.0,"gold_loss":0.0,"damage_taken":0.0},{"damage_healed":0,"gold_gain":0,"player_choice":"Opened","damage_taken":0,"relics_obtained":["Pear"],"max_hp_gain":0,"max_hp_loss":0,"event_name":"The Mausoleum","floor":20,"gold_loss":0,"cards_obtained":["Writhe"]},{"cards_removed":["Strike_B"],"damage_healed":0,"gold_gain":0,"player_choice":"Upgrade and Remove","damage_taken":0,"max_hp_gain":0,"max_hp_loss":0,"event_name":"Designer","floor":21,"gold_loss":110,"cards_upgraded":["Electrodynamics"]},{"damage_healed":0,"gold_gain":0,"player_choice":"Forge","damage_taken":0,"max_hp_gain":0,"max_hp_loss":0,"event_name":"Accursed Blacksmith","floor":29,"gold_loss":0,"cards_upgraded":["Defragment"]}],"is_beta":false,"boss_relics":[{"not_picked":["Runic Dome","Black Star"],"picked":"Philosopher\u0027s Stone"}],"items_purged_floors":[22],"is_endless":false,"potions_floor_spawned":[1,6,8,11,12,16,23,28,30],"killed_by":"3 Cultists","ascension_level":20}