{"gold_per_floor":[115,125,142,192,210,210,243,393,393,393,16,32,32,60,60,135,135,148,348,359,67,0,0,16,16,46,72,72,85,85,99,99,177,177,188,50,65,77,77],"floor_reached":39,"playtime":2168,"items_purged":["Strike_G"],"score":901,"play_id":"4f9c821c-3f31-4152-8db1-38f518344c26","local_time":"20180822000750","is_ascension_mode":true,"campfire_choices":[{"data":"A Thousand Cuts","floor":6.0,"key":"SMITH"},{"data":"Cloak And Dagger","floor":10.0,"key":"SMITH"},{"data":"Accuracy","floor":13.0,"key":"SMITH"},{"floor":15.0,"key":"REST"},{"data":"Cloak And Dagger","floor":23.0,"key":"SMITH"},{"floor":25.0,"key":"REST"},{"floor":28.0,"key":"REST"},{"data":"Calculated Gamble","floor":30.0,"key":"SMITH"},{"data":"Accuracy","floor":32.0,"key":"SMITH"}],"neow_cost":"PERCENT_DAMAGE","seed_source_timestamp":0,"circlet_count":0,"master_deck":["Defend_G","Defend_G","Defend_G","Defend_G","Defend_G","Strike_G","Strike_G","Strike_G","Strike_G","Survivor","Neutralize","AscendersBane","A Thousand Cuts+1","Backstab","Escape Plan","Cloak And Dagger+1","Doubt","Blade Dance","Burst","Accuracy+1","Infinite Blades","Infinite Blades","Backstab","Corpse Explosion","Terror","Accuracy+1","Cloak And Dagger+1","PiercingWail","Leg Sweep","Calculated Gamble+1","Bandage Up","Footwork+1","Leg Sweep","Storm of Steel","Escape Plan+1"],"special_seed":0,"relics":["Ring of the Snake","Question Card","The Courier","Tough Bandages","Orrery","Bag of Marbles","Tiny Chest","Lantern","Busted Crown","Blood Vial"],"potions_floor_usage":[],"damage_taken":[{"damage":2.0,"enemies":"Cultist","floor":1.0,"turns":5.0},{"damage":3.0,"enemies":"Small Slimes","floor":2.0,"turns":5.0},{"damage":0.0,"enemies":"Jaw Worm","floor":3.0,"turns":5.0},{"damage":9.0,"enemies":"Exordium Wildlife","floor":5.0,"turns":5.0},{"damage":2.0,"enemies":"3 Sentries","floor":7.0,"turns":5.0},{"damage":6.0,"enemies":"2 Fungi Beasts","floor":12.0,"turns":4.0},{"damage":12.0,"enemies":"Lagavulin","floor":14.0,"turns":6.0},{"damage":0.0,"enemies":"Hexaghost","floor":16.0,"turns":7.0},{"damage":13.0,"enemies":"3 Byrds","floor":18.0,"turns":5.0},{"damage":12.0,"enemies":"Chosen","floor":20.0,"turns":3.0},{"damage":30.0,"enemies":"Snecko","floor":24.0,"turns":7.0},{"damage":17.0,"enemies":"Book of Stabbing","floor":27.0,"turns":6.0},{"damage":19.0,"enemies":"Snake Plant","floor":29.0,"turns":5.0},{"damage":3.0,"enemies":"Chosen and Byrds","floor":31.0,"turns":3.0},{"damage":11.0,"enemies":"Champ","floor":33.0,"turns":13.0},{"damage":7.0,"enemies":"3 Darklings","floor":35.0,"turns":2.0},{"damage":0.0,"enemies":"3 Shapes","floor":37.0,"turns":9.0},{"damage":16.0,"enemies":"Spire Growth","floor":38.0,"turns":6.0},{"damage":58,"enemies":"Transient","floor":39,"turns":4}],"seed_played":"-6761133921224295682","potions_obtained":[{"floor":1.0,"key":"Poison Potion"},{"floor":2.0,"key":"AttackPotion"},{"floor":14.0,"key":"Block Potion"},{"floor":31.0,"key":"SkillPotion"},{"floor":33.0,"key":"GhostInAJar"},{"floor":35.0,"key":"Dexterity Potion"},{"floor":38.0,"key":"LiquidBronze"}],"is_trial":false,"path_per_floor":["M","M","M","?","M","R","E","?","T","R","$","M","R","E","R","B",null,"M","?","M","$","?","R","M","R","T","E","R","M","R","M","R","B",null,"M","$","M","M"],"character_chosen":"THE_SILENT","items_purchased":["Blade Dance","Burst","Accuracy","Infinite Blades","Infinite Blades","Bag of Marbles","Bandage Up","Blood Vial"],"campfire_rested":3,"item_purchase_floors":[11,11,11,11,11,21,21,36],"current_hp_per_floor":[42,39,39,33,24,24,22,22,22,22,22,16,16,4,23,23,55,42,42,30,30,30,30,4,23,23,10,29,14,14,15,15,8,52,45,45,51,41,0],"gold":77,"neow_bonus":"THREE_RARE_CARDS","is_prod":false,"is_daily":false,"chose_seed":false,"campfire_upgraded":6,"win_rate":0,"timestamp":1534889270,"path_taken":["M","?","M","?","?","R","E","?","T","R","$","M","R","E","R","BOSS","M","?","M","$","?","R","?","R","T","E","R","M","R","M","R","BOSS","M","$","?","M","?"],"build_version":"2018-08-20","purchased_purges":1,"victory":false,"max_hp_per_floor":[66,66,66,66,66,66,66,66,66,66,66,66,66,66,66,66,66,66,66,66,66,66,66,66,66,66,66,66,66,66,66,66,66,66,66,66,66,66,66],"card_choices":[{"not_picked":["Wraith Form v2","Grand Finale"],"picked":"A Thousand Cuts","floor":0.0},{"not_picked":["Crippling Poison","Setup","Blur"],"picked":"SKIP","floor":1.0},{"not_picked":["PiercingWail","Outmaneuver"],"picked":"Backstab","floor":2.0},{"not_picked":["Acrobatics","Poisoned Stab"],"picked":"Escape Plan","floor":3.0},{"not_picked":["Reflex","Prepared","Tactician"],"picked":"SKIP","floor":5.0},{"not_picked":["Terror","Accuracy"],"picked":"Cloak And Dagger","floor":7.0},{"not_picked":["Deflect","Underhanded Strike","Deadly Poison","Sucker Punch"],"picked":"SKIP","floor":12.0},{"not_picked":["Burst","Eviscerate","Tactician"],"picked":"Backstab","floor":14.0},{"not_picked":["Night Terror","Grand Finale","Unload"],"picked":"Corpse Explosion","floor":16.0},{"not_picked":["Sucker Punch","Underhanded Strike","Choke"],"picked":"Terror","floor":17.0},{"not_picked":["Caltrops","Venomology","Bane"],"picked":"Accuracy","floor":17.0},{"not_picked":["Tactician","Acrobatics","Dagger Spray"],"picked":"Cloak And Dagger","floor":17.0},{"not_picked":["Slice","Distraction","Poisoned Stab"],"picked":"PiercingWail","floor":17.0},{"not_picked":["Dagger Spray","Dodge and Roll","Flechettes"],"picked":"Leg Sweep","floor":18.0},{"not_picked":["Acrobatics","Dagger Throw","Riddle With Holes"],"picked":"Calculated Gamble","floor":20.0},{"not_picked":["Cloak And Dagger","Dodge and Roll","Backflip+1"],"picked":"Footwork+1","floor":24.0},{"not_picked":["Masterful Stab+1","Deflect+1","Grand Finale","Setup"],"picked":"SKIP","floor":27.0},{"not_picked":["Masterful Stab+1","Dodge and Roll","Concentrate"],"picked":"Leg Sweep","floor":29.0},{"not_picked":["Quick Slash","Dagger Throw","Flechettes","Backflip"],"picked":"SKIP","floor":31.0},{"not_picked":["Venomology","Glass Knife","Burst"],"picked":"Storm of Steel","floor":33.0},{"not_picked":["Acrobatics+1","Underhanded Strike"],"picked":"SKIP","floor":35.0},{"not_picked":["Quick Slash","Slice"],"picked":"SKIP","floor":37.0},{"not_picked":["Well Laid Plans"],"picked":"Escape Plan+1","floor":38.0}],"player_experience":921918,"relics_obtained":[{"floor":7.0,"key":"Question Card"},{"floor":9.0,"key":"The Courier"},{"floor":14.0,"key":"Tough Bandages"},{"floor":26.0,"key":"Tiny Chest"},{"floor":27.0,"key":"Lantern"}],"event_choices":[{"event_name":"FaceTrader","player_choice":"Touch","floor":4.0,"damage_taken":0.0},{"event_name":"Liars Game","player_choice":"agreed","floor":8.0,"damage_taken":0.0},{"event_name":"Wheel of Change","player_choice":"Gold","floor":19.0,"damage_taken":0.0},{"event_name":"Masked Bandits","player_choice":"Paid Fearfully","floor":22.0,"damage_taken":0.0}],"is_beta":true,"boss_relics":[{"not_picked":["HoveringKite","Snecko Eye"],"picked":"Orrery"},{"not_picked":["Eternal Feather","Ring of the Serpent"],"picked":"Busted Crown"}],"items_purged_floors":[21],"is_endless":false,"potions_floor_spawned":[1,2,14,31,33,35,37,38],"killed_by":"Transient","ascension_level":18}