{"gold_per_floor":[118,43,43,60,70,104,104,120,145,160,190,190,190,238,238,312,312,326,16,30,130,130,130,157,157,211,236,236,253,273,308,308,379,379,393,441,441,460,460,460,476,476,558,2,28,41,71,71,71,71,71,71,71,15,50,50],"floor_reached":57,"playtime":5501,"items_purged":["Decay","Dual Wield"],"score":2902,"play_id":"6c323685-b4c3-4d54-9794-7703f36ffcb8","local_time":"20190313221352","is_ascension_mode":true,"campfire_choices":[{"floor":7.0,"key":"REST"},{"data":"Whirlwind","floor":13.0,"key":"SMITH"},{"floor":15.0,"key":"REST"},{"floor":23.0,"key":"REST"},{"floor":25.0,"key":"REST"},{"data":"Armaments","floor":28.0,"key":"SMITH"},{"floor":32.0,"key":"REST"},{"floor":40.0,"key":"REST"},{"data":"Seeing Red","floor":42.0,"key":"SMITH"},{"floor":49.0,"key":"RECALL"},{"floor":53.0,"key":"REST"}],"neow_cost":"CURSE","seed_source_timestamp":93391597520940,"circlet_count":0,"master_deck":["AscendersBane","Disarm+1","Feel No Pain","Headbutt","Whirlwind","Clothesline","Whirlwind+1","Demon Form","Offering","Clothesline","Uppercut","Fiend Fire","Demon Form","Seeing Red+1","Ghostly Armor","Bloodletting","Seeing Red+1","Rupture","Disarm","Armaments+1","Shrug It Off","Ghostly Armor+1","Double Tap","Warcry+1","Blood for Blood","Metallicize","Burning Pact","Feel No Pain","Feel No Pain+1","Inflame","Corruption","Dark Embrace"],"special_seed":0,"relics":["Burning Blood","Potion Belt","Boot","Dream Catcher","Pandora\u0027s Box","Chemical X","Pocketwatch","Mummified Hand","Meat on the Bone","Bag of Marbles","Letter Opener","Centennial Puzzle","Mark of Pain","Dead Branch","Paper Frog","Medical Kit","Happy Flower","Self Forming Clay","Oddly Smooth Stone","Kunai"],"potions_floor_usage":[],"damage_taken":[{"damage":19.0,"enemies":"Jaw Worm","floor":1.0,"turns":5.0},{"damage":4.0,"enemies":"Small Slimes","floor":4.0,"turns":5.0},{"damage":1.0,"enemies":"Cultist","floor":5.0,"turns":4.0},{"damage":29.0,"enemies":"Gremlin Nob","floor":6.0,"turns":4.0},{"damage":3.0,"enemies":"Looter","floor":8.0,"turns":4.0},{"damage":2.0,"enemies":"Blue Slaver","floor":10.0,"turns":6.0},{"damage":18.0,"enemies":"3 Sentries","floor":11.0,"turns":12.0},{"damage":12.0,"enemies":"The Guardian","floor":16.0,"turns":11.0},{"damage":22.0,"enemies":"3 Byrds","floor":18.0,"turns":4.0},{"damage":14.0,"enemies":"Spheric Guardian","floor":20.0,"turns":3.0},{"damage":11.0,"enemies":"Colosseum Slavers","floor":21.0,"turns":2.0},{"damage":38.0,"enemies":"Colosseum Nobs","floor":21.0,"turns":4.0},{"damage":14.0,"enemies":"Book of Stabbing","floor":24.0,"turns":4.0},{"damage":35.0,"enemies":"Slavers","floor":27.0,"turns":2.0},{"damage":14.0,"enemies":"Centurion and Healer","floor":29.0,"turns":2.0},{"damage":18.0,"enemies":"Snake Plant","floor":30.0,"turns":3.0},{"damage":17.0,"enemies":"Book of Stabbing","floor":31.0,"turns":4.0},{"damage":22.0,"enemies":"Champ","floor":33.0,"turns":7.0},{"damage":6.0,"enemies":"Orb Walker","floor":35.0,"turns":3.0},{"damage":66.0,"enemies":"2 Orb Walkers","floor":36.0,"turns":4.0},{"damage":0.0,"enemies":"3 Darklings","floor":38.0,"turns":2.0},{"damage":16.0,"enemies":"Writhing Mass","floor":41.0,"turns":6.0},{"damage":6.0,"enemies":"Reptomancer","floor":45.0,"turns":3.0},{"damage":9.0,"enemies":"Transient","floor":46.0,"turns":6.0},{"damage":6.0,"enemies":"Giant Head","floor":47.0,"turns":3.0},{"damage":15.0,"enemies":"Donu and Deca","floor":50.0,"turns":4.0},{"damage":39.0,"enemies":"Awakened One","floor":51.0,"turns":8.0},{"damage":5.0,"enemies":"Shield and Spear","floor":55.0,"turns":3.0},{"damage":15,"enemies":"The Heart","floor":56,"turns":6}],"seed_played":"-8541944568226721560","potions_obtained":[{"floor":5.0,"key":"FearPotion"},{"floor":10.0,"key":"FearPotion"},{"floor":11.0,"key":"Fruit Juice"},{"floor":16.0,"key":"SteroidPotion"},{"floor":21.0,"key":"Dexterity Potion"},{"floor":24.0,"key":"LiquidBronze"},{"floor":31.0,"key":"Fire Potion"},{"floor":36.0,"key":"GamblersBrew"},{"floor":41.0,"key":"Block Potion"},{"floor":45.0,"key":"SteroidPotion"},{"floor":55.0,"key":"EssenceOfSteel"}],"is_trial":false,"path_per_floor":["M","$","?","M","M","E","R","M","T","M","E","?","R","T","R","B",null,"M","$","M","?","?","R","E","R","T","E","R","M","M","E","R","B",null,"M","?","?","M","?","R","M","R","T","$","E","M","E","?","R","B","B",null,"R","$","E","B",null],"character_chosen":"IRONCLAD","items_purchased":["Chemical X","Medical Kit","SteroidPotion","Burning Pact","Happy Flower","Feel No Pain","Swift Potion"],"campfire_rested":7,"item_purchase_floors":[19,44,44,44,44,44,54],"current_hp_per_floor":[55,55,32,34,39,16,38,41,41,45,33,26,26,26,48,42,67,56,56,48,11,11,35,27,51,51,34,34,38,38,39,63,47,72,72,24,24,42,42,66,56,56,56,56,56,53,53,53,53,56,35,69,80,80,80,71],"gold":50,"neow_bonus":"TRANSFORM_TWO_CARDS","is_prod":false,"is_daily":false,"chose_seed":false,"campfire_upgraded":3,"win_rate":0,"timestamp":1552511632,"path_taken":["M","$","?","M","M","E","R","M","T","M","E","?","R","?","R","BOSS","M","$","M","?","?","R","E","R","T","E","R","?","M","E","R","BOSS","M","?","?","?","?","R","M","R","T","$","E","M","E","?","R","BOSS","BOSS","R","$","E","BOSS"],"build_version":"2019-01-23","purchased_purges":2,"victory":true,"max_hp_per_floor":[75,75,75,75,75,75,75,75,75,75,75,75,75,75,75,75,75,80,80,80,80,80,80,80,80,80,80,80,80,80,80,80,80,80,80,80,80,80,80,80,80,80,80,80,80,80,80,80,80,80,80,80,80,80,80,80],"card_choices":[{"not_picked":["Perfected Strike","Wild Strike","Evolve"],"picked":"SKIP","floor":1.0},{"not_picked":["Clash","Anger"],"picked":"Rampage","floor":4.0},{"not_picked":["Bloodletting","Body Slam"],"picked":"Headbutt","floor":5.0},{"not_picked":["Sword Boomerang","Clothesline"],"picked":"Whirlwind","floor":6.0},{"not_picked":["Seeing Red","True Grit"],"picked":"Clothesline","floor":8.0},{"not_picked":["Wild Strike","Iron Wave"],"picked":"Warcry","floor":10.0},{"not_picked":["Searing Blow","Dropkick"],"picked":"Whirlwind","floor":11.0},{"not_picked":["Flame Barrier","Disarm"],"picked":"Demon Form","floor":15.0},{"not_picked":["Brutality","Berserk"],"picked":"Offering","floor":16.0},{"not_picked":["Clothesline","Intimidate"],"picked":"Ghostly Armor","floor":18.0},{"not_picked":["Iron Wave","Body Slam"],"picked":"Bloodletting","floor":20.0},{"not_picked":["Sword Boomerang","Clothesline"],"picked":"Seeing Red+1","floor":21.0},{"not_picked":["Rage","Clash"],"picked":"Disarm","floor":23.0},{"not_picked":["Warcry","Perfected Strike"],"picked":"Armaments","floor":24.0},{"not_picked":["Whirlwind","Carnage"],"picked":"Shrug It Off","floor":27.0},{"not_picked":["Infernal Blade","Havoc","Thunderclap"],"picked":"SKIP","floor":29.0},{"not_picked":["Carnage","Sword Boomerang","Spot Weakness"],"picked":"SKIP","floor":30.0},{"not_picked":["Wild Strike","Carnage"],"picked":"Ghostly Armor+1","floor":31.0},{"not_picked":["Demon Form","Barricade"],"picked":"Double Tap","floor":33.0},{"not_picked":["Heavy Blade","Body Slam"],"picked":"Warcry+1","floor":35.0},{"not_picked":["Uppercut","Iron Wave"],"picked":"Metallicize","floor":38.0},{"not_picked":["Warcry","Havoc+1","Twin Strike+1"],"picked":"SKIP","floor":41.0},{"not_picked":["Dropkick","Sword Boomerang+1"],"picked":"Feel No Pain+1","floor":45.0},{"not_picked":["Combust","Havoc"],"picked":"Inflame","floor":46.0},{"not_picked":["Perfected Strike","Flex","Whirlwind"],"picked":"SKIP","floor":47.0},{"not_picked":["Clash+1","Shrug It Off"],"picked":"Corruption","floor":53.0},{"not_picked":["Thunderclap","Sever Soul"],"picked":"Dark Embrace","floor":55.0}],"player_experience":2021066,"relics_obtained":[{"floor":6.0,"key":"Potion Belt"},{"floor":11.0,"key":"Boot"},{"floor":14.0,"key":"Dream Catcher"},{"floor":21.0,"key":"Pocketwatch"},{"floor":21.0,"key":"Mummified Hand"},{"floor":24.0,"key":"Meat on the Bone"},{"floor":26.0,"key":"Bag of Marbles"},{"floor":27.0,"key":"Letter Opener"},{"floor":31.0,"key":"Centennial Puzzle"},{"floor":36.0,"key":"Dead Branch"},{"floor":43.0,"key":"Paper Frog"},{"floor":45.0,"key":"Self Forming Clay"},{"floor":47.0,"key":"Oddly Smooth Stone"},{"floor":55.0,"key":"Kunai"}],"event_choices":[{"damage_healed":0.0,"max_hp_gain":0.0,"max_hp_loss":0.0,"gold_gain":0.0,"event_name":"Shining Light","player_choice":"Entered Light","floor":3.0,"gold_loss":0.0,"damage_taken":23.0,"cards_upgraded":["Disarm","Defend_R"]},{"cards_removed":["Strike_R"],"damage_healed":0.0,"max_hp_gain":0.0,"max_hp_loss":0.0,"gold_gain":0.0,"event_name":"Golden Wing","player_choice":"Card Removal","floor":12.0,"gold_loss":0.0,"damage_taken":7.0},{"damage_healed":0.0,"max_hp_gain":0.0,"max_hp_loss":0.0,"gold_gain":0.0,"event_name":"Colosseum","player_choice":"Fight","floor":21.0,"gold_loss":0.0,"damage_taken":0.0},{"damage_healed":0.0,"max_hp_gain":0.0,"max_hp_loss":0.0,"gold_gain":0.0,"event_name":"Colosseum","player_choice":"Fought Nobs","floor":21.0,"gold_loss":0.0,"damage_taken":0.0},{"damage_healed":0.0,"max_hp_gain":0.0,"max_hp_loss":0.0,"gold_gain":0.0,"cards_transformed":["Rampage"],"event_name":"Transmorgrifier","player_choice":"Transformed","floor":22.0,"gold_loss":0.0,"damage_taken":0.0,"cards_obtained":["Rupture"]},{"damage_healed":0.0,"max_hp_gain":0.0,"max_hp_loss":0.0,"gold_gain":0.0,"event_name":"Mysterious Sphere","player_choice":"Fight","floor":36.0,"gold_loss":0.0,"damage_taken":0.0},{"damage_healed":0.0,"max_hp_gain":0.0,"max_hp_loss":0.0,"gold_gain":0.0,"cards_transformed":["Bash"],"event_name":"Transmorgrifier","player_choice":"Transformed","floor":37.0,"gold_loss":0.0,"damage_taken":0.0,"cards_obtained":["Blood for Blood"]},{"damage_healed":0.0,"max_hp_gain":0.0,"max_hp_loss":0.0,"gold_gain":0.0,"event_name":"SensoryStone","player_choice":"Memory 1","floor":39.0,"gold_loss":0.0,"damage_taken":0.0},{"cards_removed":["Warcry"],"damage_healed":0.0,"max_hp_gain":0.0,"max_hp_loss":0.0,"gold_gain":0.0,"event_name":"Falling","player_choice":"Removed Skill","floor":48.0,"gold_loss":0.0,"damage_taken":0.0}],"is_beta":false,"boss_relics":[{"not_picked":["Runic Dome","Coffee Dripper"],"picked":"Pandora\u0027s Box"},{"not_picked":["Philosopher\u0027s Stone","White Beast Statue"],"picked":"Mark of Pain"}],"items_purged_floors":[2,19],"is_endless":false,"potions_floor_spawned":[5,10,11,16,21,24,31,36,41,45,55],"ascension_level":20}