{"gold_per_floor":[117,192,208,208,220,254,254,271,297,297,314,314,314,18,18,90,90,59,78,89,13,63,63,95,95,120,120,150,169,179,195,195,269,269,269],"floor_reached":35,"playtime":3101,"items_purged":["Strike_G"],"score":844,"play_id":"36a6d0e8-37ca-439b-af17-463a6a4ed9b6","local_time":"20190421114611","is_ascension_mode":true,"campfire_choices":[{"data":"Endless Agony","floor":7.0,"key":"SMITH"},{"data":"Skewer","floor":10.0,"key":"SMITH"},{"data":"Envenom","floor":13.0,"key":"SMITH"},{"data":"Leg Sweep","floor":15.0,"key":"SMITH"},{"floor":23,"key":"REST"},{"floor":25,"key":"REST"},{"floor":27,"key":"REST"},{"floor":32,"key":"REST"}],"neow_cost":"NONE","seed_source_timestamp":995324895386628,"circlet_count":0,"master_deck":["AscendersBane","Defend_G","Defend_G","Defend_G","Defend_G","Defend_G","Strike_G","Strike_G","Strike_G","Survivor","Neutralize","Skewer","Endless Agony+1","Skewer+1","Well Laid Plans","Leg Sweep+1","Envenom+1","Envenom","Slice","Deadly Poison+1","Envenom","Deflect","Flechettes","Catalyst","Adrenaline"],"special_seed":0,"relics":["Ring of the Snake","NeowsBlessing","Orichalcum","Bag of Preparation","Membership Card","PreservedInsect","Runic Pyramid","Boot","Smiling Mask","Anchor","Fusion Hammer"],"potions_floor_usage":[19,24,31,33],"damage_taken":[{"damage":0.0,"enemies":"Small Slimes","floor":1.0,"turns":1.0},{"damage":0.0,"enemies":"2 Louse","floor":3.0,"turns":1.0},{"damage":0.0,"enemies":"Cultist","floor":5.0,"turns":1.0},{"damage":22.0,"enemies":"Gremlin Nob","floor":6.0,"turns":4.0},{"damage":3.0,"enemies":"3 Louse","floor":8.0,"turns":3.0},{"damage":0.0,"enemies":"Lots of Slimes","floor":11.0,"turns":3.0},{"damage":8.0,"enemies":"Hexaghost","floor":16.0,"turns":9.0},{"damage":20,"enemies":"2 Thieves","floor":18,"turns":5},{"damage":13,"enemies":"Shell Parasite","floor":19,"turns":6},{"damage":14,"enemies":"Cultist and Chosen","floor":20,"turns":8},{"damage":14,"enemies":"Gremlin Leader","floor":24,"turns":6},{"damage":23,"enemies":"Slavers","floor":28,"turns":7},{"damage":4,"enemies":"Centurion and Healer","floor":29,"turns":7},{"damage":11,"enemies":"Snake Plant","floor":30,"turns":5},{"damage":30,"enemies":"3 Cultists","floor":31,"turns":7},{"damage":25,"enemies":"Champ","floor":33,"turns":11},{"damage":57,"enemies":"3 Darklings","floor":35,"turns":4}],"seed_played":"-4649151950735688921","potions_obtained":[{"floor":1.0,"key":"Strength Potion"},{"floor":5.0,"key":"Weak Potion"},{"floor":6.0,"key":"Swift Potion"},{"floor":8.0,"key":"SpeedPotion"},{"floor":18,"key":"Strength Potion"},{"floor":28,"key":"FairyPotion"},{"floor":29,"key":"Regen Potion"},{"floor":31,"key":"GhostInAJar"}],"is_trial":false,"path_per_floor":["M","?","M","?","M","E","R","M","T","R","M","?","R","$","R","B",null,"M","M","M","$","?","R","E","R","T","R","E","M","M","M","R","B",null,"M"],"character_chosen":"THE_SILENT","items_purchased":["Membership Card","PreservedInsect","Envenom"],"campfire_rested":4,"item_purchase_floors":[14,14,21],"current_hp_per_floor":[59,48,48,48,48,26,26,23,23,23,23,23,23,23,23,15,53,33,20,6,6,6,25,11,30,30,49,26,22,11,8,27,2,50,0],"gold":269,"neow_bonus":"THREE_ENEMY_KILL","is_prod":false,"is_daily":false,"chose_seed":false,"campfire_upgraded":4,"win_rate":0,"timestamp":1555839971,"path_taken":["M","?","M","?","?","E","R","M","T","R","M","?","R","$","R","BOSS","M","?","M","$","?","R","E","R","T","R","E","?","M","M","R","BOSS","M"],"build_version":"2019-01-23","purchased_purges":1,"victory":false,"max_hp_per_floor":[66,66,66,66,66,66,66,66,66,66,66,66,66,66,66,66,66,66,66,66,66,66,66,66,66,66,66,66,66,66,66,66,66,66,66],"card_choices":[{"not_picked":["Heel Hook","Slice"],"picked":"Skewer","floor":1.0},{"not_picked":["PiercingWail","Underhanded Strike"],"picked":"Endless Agony","floor":3.0},{"not_picked":["Dagger Throw","Eviscerate"],"picked":"Skewer","floor":5.0},{"not_picked":["Flechettes","Underhanded Strike"],"picked":"Well Laid Plans","floor":6.0},{"not_picked":["Infinite Blades","Sucker Punch","Bane"],"picked":"SKIP","floor":8.0},{"not_picked":["Expertise","Deflect"],"picked":"Leg Sweep","floor":11.0},{"not_picked":["Doppelganger","Venomology"],"picked":"Envenom","floor":16.0},{"not_picked":["Dagger Spray","Reflex"],"picked":"Slice","floor":18},{"not_picked":["Heel Hook","Blade Dance"],"picked":"Deadly Poison+1","floor":19},{"not_picked":["Flying Knee","Outmaneuver","Finisher"],"picked":"SKIP","floor":20},{"not_picked":["Envenom","Crippling Poison","All Out Attack"],"picked":"SKIP","floor":24},{"not_picked":["Flying Knee","Accuracy"],"picked":"Deflect","floor":28},{"not_picked":["Caltrops","Bane"],"picked":"Flechettes","floor":29},{"not_picked":["Prepared","Accuracy"],"picked":"Catalyst","floor":30},{"not_picked":["Flechettes","Caltrops","Blade Dance"],"picked":"SKIP","floor":31},{"not_picked":["Envenom","Unload"],"picked":"Adrenaline","floor":33}],"player_experience":2546512,"relics_obtained":[{"floor":6.0,"key":"Orichalcum"},{"floor":9.0,"key":"Bag of Preparation"},{"floor":24,"key":"Boot"},{"floor":26,"key":"Smiling Mask"},{"floor":28,"key":"Anchor"}],"event_choices":[{"damage_healed":0.0,"max_hp_gain":0.0,"max_hp_loss":0.0,"gold_gain":75.0,"event_name":"World of Goop","player_choice":"Gather Gold","floor":2.0,"gold_loss":0.0,"damage_taken":11.0},{"cards_removed":["Strike_G"],"damage_healed":0.0,"max_hp_gain":0.0,"max_hp_loss":0.0,"gold_gain":0.0,"event_name":"Bonfire Elementals","player_choice":"Offered Basic","floor":4.0,"gold_loss":0.0,"damage_taken":0.0},{"damage_healed":0.0,"max_hp_gain":0.0,"max_hp_loss":0.0,"gold_gain":0.0,"event_name":"Match and Keep!","player_choice":"1 cards matched","floor":12.0,"gold_loss":0.0,"damage_taken":0.0,"cards_obtained":["Envenom"]},{"damage_healed":0,"gold_gain":50,"player_choice":"Pray","damage_taken":0,"max_hp_gain":0,"max_hp_loss":0,"event_name":"Golden Shrine","floor":22,"gold_loss":0}],"is_beta":false,"boss_relics":[{"not_picked":["White Beast Statue","WristBlade"],"picked":"Runic Pyramid"},{"not_picked":["Snecko Eye","Cursed Key"],"picked":"Fusion Hammer"}],"items_purged_floors":[21],"is_endless":false,"potions_floor_spawned":[1,5,6,8,18,28,29,30,31],"killed_by":"3 Darklings","ascension_level":20}