{"gold_per_floor":[110,121,133,153,172,172,187,187,187,187],"floor_reached":10,"playtime":1609,"items_purged":[],"score":62,"play_id":"acfd4fe3-74e2-41a9-9286-9cf229401a10","local_time":"20190509043201","is_ascension_mode":false,"campfire_choices":[{"data":"Rupture","floor":8,"key":"SMITH"}],"neow_cost":"NONE","seed_source_timestamp":70623799366386,"circlet_count":0,"master_deck":["Strike_R","Strike_R","Strike_R","Strike_R","Strike_R","Defend_R","Defend_R","Defend_R","Defend_R","Bash","Uppercut","Flame Barrier","Rupture+1","Heavy Blade"],"special_seed":0,"relics":["Burning Blood","Blood Vial","Mummified Hand"],"potions_floor_usage":[7,7],"damage_taken":[{"damage":8.0,"enemies":"Jaw Worm","floor":1.0,"turns":6.0},{"damage":0.0,"enemies":"Small Slimes","floor":2.0,"turns":4.0},{"damage":0.0,"enemies":"Cultist","floor":3.0,"turns":4.0},{"damage":5.0,"enemies":"Looter","floor":4.0,"turns":4.0},{"damage":0.0,"enemies":"3 Louse","floor":5.0,"turns":5.0},{"damage":2,"enemies":"Exordium Thugs","floor":7,"turns":5},{"damage":52,"enemies":"Lagavulin","floor":10,"turns":9}],"seed_played":"-6195387456014699075","potions_obtained":[{"floor":1.0,"key":"SteroidPotion"},{"floor":3.0,"key":"Block Potion"}],"is_trial":false,"path_per_floor":["M","M","M","M","M","?","M","R","T","E"],"character_chosen":"IRONCLAD","items_purchased":[],"campfire_rested":0,"item_purchase_floors":[],"current_hp_per_floor":[86,88,88,88,88,63,69,69,69,19],"gold":187,"neow_bonus":"TEN_PERCENT_HP_BONUS","is_prod":false,"is_daily":false,"chose_seed":false,"campfire_upgraded":1,"win_rate":0.0,"timestamp":1557356521,"path_taken":["M","M","M","M","M","?","M","R","T","E"],"build_version":"2019-01-23","purchased_purges":0,"victory":false,"max_hp_per_floor":[88,88,88,88,88,88,88,88,88,88],"card_choices":[{"not_picked":["Spot Weakness","Clothesline"],"picked":"Uppercut","floor":1.0},{"not_picked":["Iron Wave","Body Slam"],"picked":"Flame Barrier","floor":2.0},{"not_picked":["Body Slam","Reckless Charge","Whirlwind"],"picked":"SKIP","floor":3.0},{"not_picked":["True Grit","Feel No Pain"],"picked":"Rupture","floor":4.0},{"not_picked":["Intimidate","Battle Trance"],"picked":"Heavy Blade","floor":5.0},{"not_picked":["Sword Boomerang","Feel No Pain","Dark Embrace"],"picked":"SKIP","floor":7}],"player_experience":41097,"relics_obtained":[{"floor":9,"key":"Mummified Hand"}],"event_choices":[{"damage_healed":0.0,"max_hp_gain":0.0,"max_hp_loss":0.0,"gold_gain":0.0,"event_name":"Scrap Ooze","player_choice":"Success","floor":6.0,"gold_loss":0.0,"damage_taken":25.0,"relics_obtained":["Blood Vial"]}],"is_beta":false,"boss_relics":[],"items_purged_floors":[],"is_endless":false,"potions_floor_spawned":[1,3],"killed_by":"Lagavulin","ascension_level":0}