{"gold_per_floor":[212,39,56,68,84,109,109,137,137,167,317,334,9,9,9,83,83,99,111,111,128,146,146],"floor_reached":23,"playtime":1797,"items_purged":["Doubt"],"score":476,"play_id":"643e873e-4f8f-408c-9c53-dba568583e8d","local_time":"20190504204902","is_ascension_mode":true,"campfire_choices":[{"data":"Bash","floor":7.0,"key":"SMITH"},{"floor":15.0,"key":"REST"}],"neow_cost":"NONE","seed_source_timestamp":0,"circlet_count":0,"master_deck":["AscendersBane","Strike_R","Strike_R","Strike_R","Strike_R","Strike_R","Defend_R","Defend_R","Defend_R","Defend_R","Bash+1","Feel No Pain","Twin Strike","Flame Barrier","Corruption","Sword Boomerang","Flex","Burning Pact","Sentinel","Disarm","Shrug It Off","Exhume","Juggernaut","Sentinel","Demon Form","Shrug It Off","Burning Pact","Feel No Pain"],"special_seed":0,"relics":["Burning Blood","Gremlin Horn","Pantograph","Question Card","Lantern","Red Skull","Sozu"],"potions_floor_usage":[],"damage_taken":[{"damage":7.0,"enemies":"Cultist","floor":1.0,"turns":4.0},{"damage":1.0,"enemies":"Small Slimes","floor":3.0,"turns":4.0},{"damage":3.0,"enemies":"2 Louse","floor":4.0,"turns":3.0},{"damage":9.0,"enemies":"Red Slaver","floor":5.0,"turns":5.0},{"damage":0.0,"enemies":"Gremlin Nob","floor":6.0,"turns":3.0},{"damage":22.0,"enemies":"Lagavulin","floor":8.0,"turns":8.0},{"damage":34.0,"enemies":"3 Sentries","floor":10.0,"turns":11.0},{"damage":11.0,"enemies":"Blue Slaver","floor":12.0,"turns":6.0},{"damage":36.0,"enemies":"The Guardian","floor":16.0,"turns":13.0},{"damage":10.0,"enemies":"Spheric Guardian","floor":18.0,"turns":5.0},{"damage":0.0,"enemies":"Chosen","floor":19.0,"turns":5.0},{"damage":12.0,"enemies":"Snecko","floor":21.0,"turns":7.0},{"damage":46,"enemies":"Centurion and Healer","floor":22,"turns":9},{"damage":30,"enemies":"Slavers","floor":23,"turns":2}],"seed_played":"7579116467259091413","potions_obtained":[{"floor":3.0,"key":"Explosive Potion"},{"floor":12.0,"key":"SteroidPotion"},{"floor":16.0,"key":"SteroidPotion"}],"is_trial":false,"path_per_floor":["M","$","M","M","M","E","R","E","T","E","?","M","$","?","R","B",null,"M","M","?","M","M","E"],"character_chosen":"IRONCLAD","items_purchased":["Twin Strike","Flame Barrier","Strength Potion","Exhume","Red Skull"],"campfire_rested":1,"item_purchase_floors":[2,2,2,13,13],"current_hp_per_floor":[67,67,72,75,72,75,75,59,59,31,31,26,26,26,48,43,67,63,69,69,63,23,0],"gold":146,"neow_bonus":"HUNDRED_GOLD","is_prod":false,"is_daily":false,"chose_seed":false,"campfire_upgraded":1,"win_rate":0,"timestamp":1556995742,"path_taken":["M","$","?","M","M","E","R","E","T","E","?","M","$","?","R","BOSS","M","M","?","M","M","E"],"build_version":"2019-01-23","purchased_purges":1,"victory":false,"max_hp_per_floor":[75,75,75,75,75,75,75,75,75,75,75,75,75,75,75,75,75,75,75,75,75,75,75],"card_choices":[{"not_picked":["Iron Wave","Heavy Blade"],"picked":"Feel No Pain","floor":1.0},{"not_picked":["Heavy Blade","Power Through"],"picked":"Corruption","floor":3.0},{"not_picked":["Wild Strike","Barricade"],"picked":"Sword Boomerang","floor":4.0},{"not_picked":["Clash","Power Through"],"picked":"Flex","floor":5.0},{"not_picked":["Sword Boomerang","Warcry"],"picked":"Burning Pact","floor":6.0},{"not_picked":["Clash","Rage"],"picked":"Sentinel","floor":8.0},{"not_picked":["Metallicize","Armaments","Pummel"],"picked":"Disarm","floor":10.0},{"not_picked":["Clash","Inflame","Intimidate"],"picked":"Shrug It Off","floor":12.0},{"not_picked":["Berserk","Impervious","Brutality"],"picked":"Demon Form","floor":16.0},{"not_picked":["Thunderclap+1","Armaments","Whirlwind","Entrench"],"picked":"SKIP","floor":18.0},{"not_picked":["Thunderclap","Flex","Iron Wave"],"picked":"Shrug It Off","floor":19.0},{"not_picked":["Clash","Rampage","Combust"],"picked":"Burning Pact","floor":21.0},{"not_picked":["Blood for Blood+1","Combust","Headbutt"],"picked":"Feel No Pain","floor":22}],"player_experience":2641961,"relics_obtained":[{"floor":6.0,"key":"Gremlin Horn"},{"floor":8.0,"key":"Pantograph"},{"floor":9.0,"key":"Question Card"},{"floor":10.0,"key":"Lantern"}],"event_choices":[{"damage_healed":0.0,"max_hp_gain":0.0,"max_hp_loss":0.0,"gold_gain":150.0,"event_name":"Liars Game","player_choice":"AGREE","floor":11.0,"gold_loss":0.0,"damage_taken":0.0,"cards_obtained":["Doubt"]},{"damage_healed":0.0,"max_hp_gain":0.0,"max_hp_loss":0.0,"gold_gain":0.0,"event_name":"Match and Keep!","player_choice":"2 cards matched","floor":14.0,"gold_loss":0.0,"damage_taken":0.0,"cards_obtained":["Juggernaut","Sentinel"]},{"damage_healed":0.0,"max_hp_gain":0.0,"max_hp_loss":0.0,"gold_gain":0.0,"event_name":"Ghosts","player_choice":"Ignored","floor":20.0,"gold_loss":0.0,"damage_taken":0.0}],"is_beta":false,"boss_relics":[{"not_picked":["Mark of Pain","Ectoplasm"],"picked":"Sozu"}],"items_purged_floors":[13],"is_endless":false,"potions_floor_spawned":[3,4,12,16,19,22],"killed_by":"Slavers","ascension_level":20}