{"gold_per_floor":[113,9,26,26,26,52,52,113,163,191,191,209,239,256,256,256],"floor_reached":16,"playtime":814,"items_purged":[],"score":331,"play_id":"a70bb628-43ad-46a8-8fc1-57397c77da45","local_time":"20190126223633","is_ascension_mode":true,"campfire_choices":[{"data":"Hologram","floor":7,"key":"SMITH"},{"data":"Creative AI","floor":11,"key":"SMITH"},{"floor":15,"key":"REST"}],"neow_cost":"NONE","seed_source_timestamp":180377507037322,"circlet_count":0,"master_deck":["AscendersBane","Strike_B","Strike_B","Strike_B","Strike_B","Defend_B","Defend_B","Defend_B","Defend_B","Zap+1","Dualcast","Melter","Hologram+1","Rip and Tear","Auto Shields","Hologram","Creative AI+1","Hologram","Hologram","Gash"],"relics":["Cracked Core","NeowsBlessing","Strawberry","Tiny Chest","Centennial Puzzle","Pantograph","Oddly Smooth Stone"],"potions_floor_usage":[8,8,13,14],"damage_taken":[{"damage":0,"enemies":"Cultist","floor":1,"turns":1},{"damage":0,"enemies":"Small Slimes","floor":3,"turns":1},{"damage":0,"enemies":"Lagavulin","floor":6,"turns":1},{"damage":15,"enemies":"3 Sentries","floor":8,"turns":7},{"damage":36,"enemies":"Gremlin Nob","floor":10,"turns":4},{"damage":0,"enemies":"2 Louse","floor":12,"turns":3},{"damage":24,"enemies":"3 Sentries","floor":13,"turns":6},{"damage":0,"enemies":"Blue Slaver","floor":14,"turns":2},{"damage":50,"enemies":"Hexaghost","floor":16,"turns":9}],"seed_played":"7884833985678937695","potions_obtained":[{"floor":1,"key":"Fruit Juice"},{"floor":3,"key":"Strength Potion"},{"floor":10,"key":"Explosive Potion"},{"floor":13,"key":"SkillPotion"}],"is_trial":false,"path_per_floor":["M","$","M","$","?","E","R","E","T","E","R","M","E","M","R","B"],"character_chosen":"DEFECT","items_purchased":["Hologram","Rip and Tear"],"campfire_rested":1,"item_purchase_floors":[2,2],"current_hp_per_floor":[64,64,64,64,64,71,71,61,61,25,25,25,1,1,25,0],"gold":256,"neow_bonus":"THREE_ENEMY_KILL","is_prod":false,"is_daily":false,"chose_seed":false,"campfire_upgraded":2,"win_rate":0,"timestamp":1548538593,"path_taken":["M","?","M","$","?","E","R","E","T","E","R","M","E","M","R","BOSS"],"build_version":"2019-01-23","purchased_purges":0,"victory":false,"max_hp_per_floor":[71,71,71,71,71,78,78,83,83,83,83,83,83,83,83,83],"card_choices":[{"not_picked":["Beam Cell","Stack"],"picked":"Melter","floor":1},{"not_picked":["Conserve Battery","Leap"],"picked":"Auto Shields","floor":3},{"not_picked":["Skim","Barrage"],"picked":"Hologram","floor":6},{"not_picked":["Redo","Static Discharge","Fusion"],"picked":"SKIP","floor":8},{"not_picked":["Stack","Steam Power"],"picked":"Creative AI","floor":10},{"not_picked":["Streamline","Gash"],"picked":"Hologram","floor":12},{"not_picked":["Cold Snap","Turbo"],"picked":"Hologram","floor":13},{"not_picked":["Leap","Undo"],"picked":"Gash","floor":14}],"player_experience":1597965,"relics_obtained":[{"floor":6,"key":"Strawberry"},{"floor":8,"key":"Tiny Chest"},{"floor":9,"key":"Centennial Puzzle"},{"floor":10,"key":"Pantograph"},{"floor":13,"key":"Oddly Smooth Stone"}],"event_choices":[{"damage_healed":0,"gold_gain":0,"player_choice":"Forge","damage_taken":0,"max_hp_gain":0,"max_hp_loss":0,"event_name":"Accursed Blacksmith","floor":5,"gold_loss":0,"cards_upgraded":["Zap"]}],"is_beta":false,"boss_relics":[],"items_purged_floors":[],"is_endless":false,"potions_floor_spawned":[1,3,10,13],"killed_by":"Hexaghost","ascension_level":20}