{"gold_per_floor":[11,31,41,41,52,79,79,90,117,117,137,152,152,179,179,255,255,269,288,288,304,316,316,345,413,465,465],"floor_reached":27,"playtime":4623,"items_purged":[],"score":494,"play_id":"e7c8dc11-8f9a-4fd7-b091-3c2c2c3c81a6","local_time":"20190401221354","is_ascension_mode":true,"campfire_choices":[{"data":"Immolate","floor":7.0,"key":"SMITH"},{"data":"Immolate","floor":10.0,"key":"SMITH"},{"floor":15.0,"key":"REST"},{"floor":23.0,"key":"REST"}],"neow_cost":"NO_GOLD","seed_source_timestamp":688283919769823,"circlet_count":0,"master_deck":["AscendersBane","Strike_R+1","Strike_R","Strike_R","Strike_R","Strike_R","Defend_R","Defend_R","Defend_R","Defend_R","Bash+1","Immolate+1","Clothesline","Shockwave","Uppercut","Shockwave","Immolate+1","Limit Break","Demon Form","Armaments","Flame Barrier+1","Immolate+1","Shrug It Off+1","Feel No Pain"],"special_seed":0,"relics":["Black Blood","Question Card","Ancient Tea Set","Smiling Mask","Regal Pillow","Letter Opener","Bottled Tornado","Anchor"],"potions_floor_usage":[24,27],"damage_taken":[{"damage":0.0,"enemies":"2 Louse","floor":1.0,"turns":1.0},{"damage":9.0,"enemies":"Jaw Worm","floor":2.0,"turns":4.0},{"damage":6.0,"enemies":"Cultist","floor":3.0,"turns":3.0},{"damage":4.0,"enemies":"Exordium Thugs","floor":5.0,"turns":3.0},{"damage":22.0,"enemies":"3 Sentries","floor":6.0,"turns":6.0},{"damage":1.0,"enemies":"Large Slime","floor":8.0,"turns":4.0},{"damage":8.0,"enemies":"3 Louse","floor":11.0,"turns":3.0},{"damage":3.0,"enemies":"Looter","floor":12.0,"turns":2.0},{"damage":32.0,"enemies":"Gremlin Nob","floor":14.0,"turns":4.0},{"damage":10.0,"enemies":"Slime Boss","floor":16.0,"turns":6.0},{"damage":30.0,"enemies":"Spheric Guardian","floor":18.0,"turns":5.0},{"damage":15.0,"enemies":"3 Byrds","floor":19.0,"turns":3.0},{"damage":30.0,"enemies":"Centurion and Healer","floor":21.0,"turns":7.0},{"damage":11.0,"enemies":"Cultist and Chosen","floor":22.0,"turns":5.0},{"damage":54,"enemies":"Book of Stabbing","floor":24,"turns":4},{"damage":17,"enemies":"Shelled Parasite and Fungi","floor":27,"turns":3}],"seed_played":"-3784488573317728159","potions_obtained":[{"floor":2.0,"key":"FearPotion"},{"floor":3.0,"key":"LiquidBronze"},{"floor":12.0,"key":"SpeedPotion"},{"floor":16.0,"key":"Block Potion"},{"floor":18.0,"key":"SpeedPotion"},{"floor":21.0,"key":"GamblersBrew"},{"floor":22.0,"key":"SteroidPotion"}],"is_trial":false,"path_per_floor":["M","M","M","?","M","E","R","M","T","R","M","M","?","E","R","B",null,"M","M","?","M","M","R","E","T","T","M"],"character_chosen":"IRONCLAD","items_purchased":[],"campfire_rested":2,"item_purchase_floors":[],"current_hp_per_floor":[74,71,71,48,50,34,34,39,39,39,37,40,40,14,51,47,68,48,43,43,23,22,59,15,15,15,0],"gold":465,"neow_bonus":"THREE_RARE_CARDS","is_prod":false,"is_daily":false,"chose_seed":false,"campfire_upgraded":2,"win_rate":0,"timestamp":1554149634,"path_taken":["M","M","M","?","M","E","R","M","T","R","M","M","?","E","R","BOSS","M","M","?","M","?","R","E","?","T","M"],"build_version":"2019-01-23","purchased_purges":0,"victory":false,"max_hp_per_floor":[75,75,75,75,75,75,75,75,75,75,75,75,75,75,75,75,75,75,75,75,75,75,75,75,75,75,75],"card_choices":[{"not_picked":["Feed","Reaper"],"picked":"Immolate","floor":0.0},{"not_picked":["Iron Wave","Warcry","Entrench"],"picked":"SKIP","floor":1.0},{"not_picked":["Sword Boomerang","Cleave"],"picked":"Clothesline","floor":2.0},{"not_picked":["Body Slam","Dropkick"],"picked":"Shockwave","floor":3.0},{"not_picked":["Whirlwind","Fire Breathing"],"picked":"Uppercut","floor":5.0},{"not_picked":["Havoc","Pommel Strike"],"picked":"Shockwave","floor":6.0},{"not_picked":["Heavy Blade","Iron Wave","Sword Boomerang"],"picked":"Immolate","floor":8.0},{"not_picked":["Body Slam","Anger","Clothesline","Havoc"],"picked":"SKIP","floor":11.0},{"not_picked":["Clothesline","Sword Boomerang","Pommel Strike","Heavy Blade"],"picked":"SKIP","floor":12.0},{"not_picked":["Heavy Blade","Entrench","True Grit"],"picked":"Limit Break","floor":14.0},{"not_picked":["Exhume","Limit Break","Berserk"],"picked":"Demon Form","floor":16.0},{"not_picked":["Pommel Strike+1","Metallicize","True Grit"],"picked":"Armaments","floor":18.0},{"not_picked":["Dual Wield","Blood for Blood","Headbutt"],"picked":"Flame Barrier+1","floor":19.0},{"not_picked":["Power Through+1","Rupture","Armaments","Perfected Strike"],"picked":"SKIP","floor":21.0},{"not_picked":["Inflame","Intimidate+1","Sentinel"],"picked":"Shrug It Off+1","floor":22.0},{"not_picked":["Entrench","Sentinel","Dual Wield"],"picked":"Feel No Pain","floor":24}],"player_experience":2317782,"relics_obtained":[{"floor":6.0,"key":"Question Card"},{"floor":9.0,"key":"Ancient Tea Set"},{"floor":14.0,"key":"Regal Pillow"},{"floor":24,"key":"Letter Opener"},{"floor":25,"key":"Bottled Tornado"},{"floor":26,"key":"Anchor"}],"event_choices":[{"damage_healed":0.0,"max_hp_gain":0.0,"max_hp_loss":0.0,"gold_gain":0.0,"event_name":"Shining Light","player_choice":"Entered Light","floor":4.0,"gold_loss":0.0,"damage_taken":23.0,"cards_upgraded":["Strike_R","Bash"]},{"damage_healed":0.0,"max_hp_gain":0.0,"max_hp_loss":0.0,"gold_gain":0.0,"event_name":"Dead Adventurer","player_choice":"Searched \u00271\u0027 times","floor":13.0,"gold_loss":0.0,"damage_taken":0.0,"relics_obtained":["Smiling Mask"]},{"damage_healed":0.0,"max_hp_gain":0.0,"max_hp_loss":0.0,"gold_gain":0.0,"event_name":"Duplicator","player_choice":"Copied","floor":20.0,"gold_loss":0.0,"damage_taken":0.0,"cards_obtained":["Immolate"]}],"is_beta":false,"boss_relics":[{"not_picked":["White Beast Statue","Tiny House"],"picked":"Black Blood"}],"items_purged_floors":[],"is_endless":false,"potions_floor_spawned":[2,3,12,16,18,21,22],"killed_by":"Shelled Parasite and Fungi","ascension_level":20}