{"gold_per_floor":[114,133,4,22,22,41,41,57,81,113,113,130,80,105,105,183,183,201,74,93,93],"floor_reached":21,"playtime":912,"items_purged":["Strike_R","Strike_R","Strike_R"],"score":382,"play_id":"1fd806df-aa48-4f21-ac5e-eb22f3eb559c","local_time":"20190328205902","is_ascension_mode":true,"campfire_choices":[{"data":"Feed","floor":7,"key":"SMITH"},{"floor":11,"key":"REST"},{"floor":15,"key":"REST"}],"neow_cost":"NONE","seed_source_timestamp":345622556101461,"circlet_count":0,"master_deck":["AscendersBane","Strike_R","Defend_R","Defend_R","Defend_R","Defend_R","Bash","Sword Boomerang","Shrug It Off","Twin Strike","Feed+1","Heavy Blade","Spot Weakness","Thunderclap","Clothesline","Seeing Red","Immolate","Ghostly Armor","Armaments"],"relics":["Burning Blood","GremlinMask","Smiling Mask","Boot","Juzu Bracelet","Mark of Pain"],"potions_floor_usage":[6,10,14,16],"damage_taken":[{"damage":9,"enemies":"Jaw Worm","floor":1,"turns":3},{"damage":4,"enemies":"Cultist","floor":2,"turns":4},{"damage":0,"enemies":"2 Louse","floor":4,"turns":4},{"damage":9,"enemies":"Looter","floor":6,"turns":3},{"damage":8,"enemies":"2 Fungi Beasts","floor":8,"turns":4},{"damage":55,"enemies":"Gremlin Nob","floor":10,"turns":6},{"damage":8,"enemies":"Blue Slaver","floor":12,"turns":2},{"damage":35,"enemies":"Lagavulin","floor":14,"turns":9},{"damage":47,"enemies":"Hexaghost","floor":16,"turns":9},{"damage":13,"enemies":"3 Byrds","floor":18,"turns":4},{"damage":45,"enemies":"Chosen","floor":20,"turns":7},{"damage":36,"enemies":"Centurion and Healer","floor":21,"turns":2}],"seed_played":"-557451315475574772","potions_obtained":[{"floor":2,"key":"Regen Potion"},{"floor":4,"key":"LiquidBronze"},{"floor":6,"key":"Weak Potion"},{"floor":10,"key":"SpeedPotion"}],"is_trial":false,"path_per_floor":["M","M","$","M","?","M","R","M","T","E","R","M","$","E","R","B",null,"M","$","M","M"],"character_chosen":"IRONCLAD","items_purchased":["Strength Potion","Ghostly Armor"],"campfire_rested":2,"item_purchase_floors":[3,19],"current_hp_per_floor":[65,67,67,73,73,73,73,75,75,26,50,52,52,27,54,13,71,64,64,25,0],"gold":93,"neow_bonus":"TRANSFORM_CARD","is_prod":false,"is_daily":false,"chose_seed":false,"campfire_upgraded":1,"win_rate":0,"timestamp":1553803142,"path_taken":["M","M","$","M","?","M","R","M","T","E","R","?","?","E","R","BOSS","M","$","M","M"],"build_version":"2019-01-23","purchased_purges":3,"victory":false,"max_hp_per_floor":[75,75,75,75,75,78,78,82,82,82,82,86,86,90,90,90,90,90,90,90,90],"card_choices":[{"not_picked":["Warcry","True Grit"],"picked":"Shrug It Off","floor":1},{"not_picked":["Clash","Pommel Strike"],"picked":"Twin Strike","floor":2},{"not_picked":["Burning Pact","Clothesline"],"picked":"Feed","floor":4},{"not_picked":["Blood for Blood","Second Wind"],"picked":"Heavy Blade","floor":6},{"not_picked":["Body Slam","Cleave"],"picked":"Spot Weakness","floor":8},{"not_picked":["Heavy Blade","True Grit"],"picked":"Thunderclap","floor":10},{"not_picked":["Cleave","Warcry"],"picked":"Clothesline","floor":12},{"not_picked":["Dual Wield","Headbutt"],"picked":"Seeing Red","floor":14},{"not_picked":["Barricade","Brutality"],"picked":"Immolate","floor":16},{"not_picked":["Iron Wave","True Grit","Sword Boomerang"],"picked":"SKIP","floor":18},{"not_picked":["Anger","Flex"],"picked":"Armaments","floor":20}],"player_experience":2221125,"relics_obtained":[{"floor":9,"key":"Smiling Mask"},{"floor":10,"key":"Boot"},{"floor":14,"key":"Juzu Bracelet"}],"event_choices":[{"damage_healed":0,"gold_gain":0,"player_choice":"Trade","damage_taken":0,"relics_obtained":["GremlinMask"],"max_hp_gain":0,"max_hp_loss":0,"event_name":"FaceTrader","floor":5,"gold_loss":0}],"is_beta":false,"boss_relics":[{"not_picked":["Lizard Tail","Runic Cube"],"picked":"Mark of Pain"}],"items_purged_floors":[3,13,19],"is_endless":false,"potions_floor_spawned":[2,4,6,10],"killed_by":"Centurion and Healer","ascension_level":20}