{"gold_per_floor":[367,385,70,83,83,83,108,108,108,108,121,151,201,211,211,211],"floor_reached":16,"playtime":1140,"items_purged":[],"score":220,"play_id":"546a5601-dd98-4a10-929e-e5c8d8b2d53f","local_time":"20190524150807","is_ascension_mode":true,"campfire_choices":[{"floor":6,"key":"REST"},{"floor":8,"key":"REST"},{"data":"Zap","floor":10,"key":"SMITH"},{"data":"Fission","floor":15,"key":"SMITH"}],"neow_cost":"PERCENT_DAMAGE","seed_source_timestamp":784776722733406,"circlet_count":0,"master_deck":["AscendersBane","Strike_B","Strike_B","Strike_B","Strike_B","Defend_B","Defend_B","Defend_B","Defend_B","Zap+1","Dualcast","Leap","Sweeping Beam","Coolheaded","Loop","Melter","Compile Driver","Fission+1","Double Energy"],"relics":["Cracked Core","Gremlin Horn","Mercury Hourglass","Blood Vial","Oddly Smooth Stone"],"potions_floor_usage":[16,16],"damage_taken":[{"damage":3,"enemies":"Small Slimes","floor":1,"turns":3},{"damage":8,"enemies":"2 Louse","floor":2,"turns":4},{"damage":1,"enemies":"Cultist","floor":4,"turns":5},{"damage":27,"enemies":"Lagavulin","floor":7,"turns":9},{"damage":5,"enemies":"Gremlin Gang","floor":11,"turns":2},{"damage":18,"enemies":"3 Sentries","floor":12,"turns":4},{"damage":2,"enemies":"Large Slime","floor":14,"turns":4},{"damage":36,"enemies":"Slime Boss","floor":16,"turns":10}],"seed_played":"2073355528578381033","potions_obtained":[{"floor":11,"key":"SpeedPotion"},{"floor":12,"key":"Block Potion"}],"is_trial":false,"path_per_floor":["M","M","$","M","?","R","E","R","T","R","M","E","?","M","R","B"],"character_chosen":"DEFECT","items_purchased":["Gremlin Horn","Coolheaded"],"campfire_rested":2,"item_purchase_floors":[3,3],"current_hp_per_floor":[43,35,35,34,34,55,28,49,49,49,46,30,30,30,30,0],"gold":211,"neow_bonus":"TWO_FIFTY_GOLD","is_prod":false,"is_daily":false,"chose_seed":false,"campfire_upgraded":2,"win_rate":0,"timestamp":1558703287,"path_taken":["M","M","$","M","?","R","E","R","T","R","M","E","?","M","R","BOSS"],"build_version":"2019-01-23","purchased_purges":0,"victory":false,"max_hp_per_floor":[71,71,71,71,71,71,71,71,71,71,71,71,71,71,71,71],"card_choices":[{"not_picked":["Hologram","Chill"],"picked":"Leap","floor":1},{"not_picked":["Gash","Barrage"],"picked":"Sweeping Beam","floor":2},{"not_picked":["Storm","Sweeping Beam"],"picked":"Loop","floor":4},{"not_picked":["Gash","Machine Learning"],"picked":"Melter","floor":7},{"not_picked":["Stack","Cold Snap"],"picked":"Compile Driver","floor":11},{"not_picked":["Reprogram","Loop"],"picked":"Fission","floor":12},{"not_picked":["Beam Cell","Aggregate"],"picked":"Double Energy","floor":14}],"player_experience":2860220,"relics_obtained":[{"floor":7,"key":"Mercury Hourglass"},{"floor":9,"key":"Blood Vial"},{"floor":12,"key":"Oddly Smooth Stone"}],"event_choices":[{"damage_healed":0,"gold_gain":0,"player_choice":"Ignored","damage_taken":0,"max_hp_gain":0,"max_hp_loss":0,"event_name":"Shining Light","floor":5,"gold_loss":0},{"damage_healed":0,"gold_gain":50,"player_choice":"Pray","damage_taken":0,"max_hp_gain":0,"max_hp_loss":0,"event_name":"Golden Shrine","floor":13,"gold_loss":0}],"is_beta":false,"boss_relics":[],"items_purged_floors":[],"is_endless":false,"potions_floor_spawned":[11,12],"killed_by":"Slime Boss","ascension_level":20}