{"gold_per_floor":[118,118,136,136,136,151,151,213,236,236,246,21,32,32],"floor_reached":14,"playtime":1038,"items_purged":["Strike_G"],"score":95,"play_id":"07c1564b-53c1-49e0-8dc0-446eb099aa38","local_time":"20190525121657","is_ascension_mode":true,"campfire_choices":[{"data":"Neutralize","floor":7,"key":"SMITH"},{"data":"Envenom","floor":10,"key":"SMITH"}],"neow_cost":"NONE","seed_source_timestamp":169498019983600,"circlet_count":0,"master_deck":["Defend_G","Defend_G+1","Defend_G","Defend_G","Defend_G","Strike_G","Strike_G+1","Strike_G","Strike_G","Survivor","Neutralize+1","Envenom+1","Backflip","Escape Plan","Burst","Noxious Fumes","PiercingWail","Well Laid Plans","Quick Slash","Slice","Noxious Fumes"],"relics":["Ring of the Snake","Tiny Chest","Juzu Bracelet"],"potions_floor_usage":[8,13],"damage_taken":[{"damage":1,"enemies":"Jaw Worm","floor":1,"turns":5},{"damage":0,"enemies":"Small Slimes","floor":3,"turns":4},{"damage":0,"enemies":"2 Louse","floor":6,"turns":2},{"damage":17,"enemies":"Lagavulin","floor":8,"turns":8},{"damage":0,"enemies":"Large Slime","floor":11,"turns":6},{"damage":9,"enemies":"Lots of Slimes","floor":13,"turns":4},{"damage":36,"enemies":"Gremlin Nob","floor":14,"turns":4}],"seed_played":"1252410723396428523","potions_obtained":[{"floor":1,"key":"GhostInAJar"},{"floor":6,"key":"EssenceOfSteel"}],"is_trial":false,"path_per_floor":["M","?","M","?","?","M","R","E","T","R","M","$","M","E"],"character_chosen":"THE_SILENT","items_purchased":["Well Laid Plans","Quick Slash","Slice"],"campfire_rested":0,"item_purchase_floors":[12,12,12],"current_hp_per_floor":[69,69,69,55,60,60,60,43,43,43,43,43,34,0],"gold":32,"neow_bonus":"ONE_RANDOM_RARE_CARD","is_prod":false,"is_daily":false,"chose_seed":false,"campfire_upgraded":2,"win_rate":1,"timestamp":1558808217,"path_taken":["M","?","M","?","?","M","R","E","T","R","M","$","M","E"],"build_version":"2019-01-23","purchased_purges":1,"victory":false,"max_hp_per_floor":[70,70,70,70,75,75,75,75,75,75,75,75,75,75],"card_choices":[{"not_picked":["Escape Plan","Prepared"],"picked":"Backflip","floor":1},{"not_picked":["Deflect","Outmaneuver"],"picked":"Escape Plan","floor":3},{"not_picked":["Sucker Punch","Deflect"],"picked":"Burst","floor":6},{"not_picked":["Dash","Reflex"],"picked":"Noxious Fumes","floor":8},{"not_picked":["Predator","Dagger Throw"],"picked":"PiercingWail","floor":11},{"not_picked":["Dagger Throw","Slice"],"picked":"Noxious Fumes","floor":13}],"player_experience":16500,"relics_obtained":[{"floor":8,"key":"Tiny Chest"},{"floor":9,"key":"Juzu Bracelet"}],"event_choices":[{"damage_healed":0,"gold_gain":0,"player_choice":"Ignored","damage_taken":0,"max_hp_gain":0,"max_hp_loss":0,"event_name":"Liars Game","floor":2,"gold_loss":0},{"damage_healed":0,"gold_gain":0,"player_choice":"Entered Light","damage_taken":14,"max_hp_gain":0,"max_hp_loss":0,"event_name":"Shining Light","floor":4,"gold_loss":0,"cards_upgraded":["Defend_G","Strike_G"]},{"damage_healed":0,"gold_gain":0,"player_choice":"Donut","damage_taken":0,"max_hp_gain":5,"max_hp_loss":0,"event_name":"Big Fish","floor":5,"gold_loss":0}],"is_beta":false,"boss_relics":[],"items_purged_floors":[12],"is_endless":false,"potions_floor_spawned":[1,6],"killed_by":"Gremlin Nob","ascension_level":1}