{"gold_per_floor":[110,110,26,45,45,73,73,104,181,181,15,25,35,49,49,123,123,136,136,9,9,24,58,75,75,127,127,52,152,168,3,3,77,77,88,188,188,188,205,238,11,11,38,38,69,69,0,33,33,33],"floor_reached":50,"playtime":3867,"items_purged":["Defend_B","Defend_B"],"score":1304,"play_id":"823e3d8c-81e3-437e-a6cb-2d3f54ea9861","local_time":"20190503212048","is_ascension_mode":true,"campfire_choices":[{"data":"Defragment","floor":7,"key":"SMITH"},{"data":"Darkness","floor":10,"key":"SMITH"},{"data":"Hologram","floor":15,"key":"SMITH"},{"data":"Dualcast","floor":25,"key":"SMITH"},{"data":"Biased Cognition","floor":27,"key":"SMITH"},{"data":"Steam","floor":32,"key":"SMITH"},{"data":"Fusion","floor":42,"key":"SMITH"},{"floor":44,"key":"RECALL"},{"data":"Force Field","floor":46,"key":"SMITH"},{"data":"Coolheaded","floor":49,"key":"SMITH"}],"neow_cost":"NONE","seed_source_timestamp":2071186595739665,"circlet_count":0,"master_deck":["AscendersBane","Defend_B+1","Zap+1","Dualcast+1","Darkness+1","Defragment+1","Genetic Algorithm","Rainbow","Reboot","Hologram+1","Biased Cognition+1","Core Surge","Reprogram+1","Leap+1","Thunder Strike+1","Darkness","Compile Driver","Steam+1","Electrodynamics","Ball Lightning","Biased Cognition","Skim","Defragment+1","Master of Strategy","Hologram+1","Defragment+1","Fusion+1","Force Field+1","Coolheaded+1"],"relics":["Cracked Core","NeowsBlessing","Bag of Marbles","Dream Catcher","Pear","Bronze Scales","Astrolabe","Meat on the Bone","Incense Burner","Question Card","PreservedInsect","Nuclear Battery","Gambling Chip","Blood Vial","Art of War","Omamori","Red Mask","Blue Candle"],"potions_floor_usage":[8,16,22,23,29,33,33,50,50],"damage_taken":[{"damage":0,"enemies":"2 Louse","floor":1,"turns":1},{"damage":0,"enemies":"Jaw Worm","floor":4,"turns":1},{"damage":0,"enemies":"Lagavulin","floor":6,"turns":1},{"damage":11,"enemies":"Gremlin Nob","floor":8,"turns":3},{"damage":0,"enemies":"Cultist","floor":12,"turns":3},{"damage":0,"enemies":"Large Slime","floor":13,"turns":4},{"damage":3,"enemies":"Looter","floor":14,"turns":3},{"damage":0,"enemies":"The Guardian","floor":16,"turns":7},{"damage":11,"enemies":"Chosen","floor":18,"turns":6},{"damage":0,"enemies":"3 Byrds","floor":22,"turns":2},{"damage":22,"enemies":"Gremlin Leader","floor":23,"turns":6},{"damage":13,"enemies":"Shelled Parasite and Fungi","floor":24,"turns":4},{"damage":21,"enemies":"Colosseum Slavers","floor":29,"turns":2},{"damage":6,"enemies":"Colosseum Nobs","floor":29,"turns":4},{"damage":4,"enemies":"Chosen and Byrds","floor":30,"turns":4},{"damage":10,"enemies":"Champ","floor":33,"turns":10},{"damage":6,"enemies":"3 Darklings","floor":35,"turns":3},{"damage":0,"enemies":"Mind Bloom Boss Battle","floor":36,"turns":4},{"damage":0,"enemies":"Orb Walker","floor":39,"turns":3},{"damage":6,"enemies":"Giant Head","floor":40,"turns":5},{"damage":0,"enemies":"Nemesis","floor":45,"turns":5},{"damage":4,"enemies":"Giant Head","floor":48,"turns":6},{"damage":74,"enemies":"Time Eater","floor":50,"turns":6}],"seed_played":"-8695890372482800676","potions_obtained":[{"floor":1,"key":"AttackPotion"},{"floor":6,"key":"SkillPotion"},{"floor":14,"key":"Explosive Potion"},{"floor":16,"key":"Strength Potion"},{"floor":22,"key":"Ancient Potion"},{"floor":29,"key":"PowerPotion"},{"floor":30,"key":"Dexterity Potion"},{"floor":35,"key":"SkillPotion"},{"floor":48,"key":"Dexterity Potion"}],"is_trial":false,"path_per_floor":["M","?","$","M","?","E","R","E","T","R","$","M","M","M","R","B",null,"M","?","$","?","M","E","M","R","T","R","?","?","M","$","R","B",null,"M","?","?","?","M","E","$","R","T","R","E","R","?","E","R","B"],"character_chosen":"DEFECT","items_purchased":["Defragment","Bronze Scales","Compile Driver","PreservedInsect","Fusion","Force Field"],"campfire_rested":0,"item_purchase_floors":[3,11,20,31,41,41],"current_hp_per_floor":[64,43,43,43,48,48,48,37,47,47,47,47,47,44,44,44,76,65,65,65,65,65,43,42,42,42,42,42,39,47,47,47,49,77,71,71,71,71,71,65,65,65,65,65,67,67,67,65,65,0],"gold":33,"neow_bonus":"THREE_ENEMY_KILL","is_prod":false,"is_daily":false,"chose_seed":false,"campfire_upgraded":9,"win_rate":0,"timestamp":1556911248,"path_taken":["M","?","$","M","?","E","R","E","T","R","?","?","M","M","R","BOSS","M","?","$","?","M","E","M","R","T","R","?","?","?","?","R","BOSS","M","?","?","?","M","E","$","R","T","R","E","R","?","E","R","BOSS"],"build_version":"2019-01-23","purchased_purges":2,"victory":false,"max_hp_per_floor":[71,71,71,71,76,76,76,76,86,86,86,86,86,86,86,86,86,86,86,86,86,86,86,86,86,86,86,86,86,86,86,86,86,86,86,86,82,82,82,82,82,82,82,82,82,82,82,82,82,82],"card_choices":[{"not_picked":["Storm","Redo"],"picked":"Darkness","floor":1},{"not_picked":["Cold Snap","Coolheaded"],"picked":"Genetic Algorithm","floor":4},{"not_picked":["Glacier","Compile Driver"],"picked":"Rainbow","floor":6},{"not_picked":["Hello World","Beam Cell"],"picked":"Reboot","floor":8},{"not_picked":["Stack","Leap","Steam"],"picked":"SKIP","floor":12},{"not_picked":["Turbo","Reprogram"],"picked":"Hologram","floor":13},{"not_picked":["Cold Snap","Steam Power"],"picked":"Biased Cognition","floor":14},{"not_picked":["All For One","Electrodynamics"],"picked":"Core Surge","floor":16},{"not_picked":["Stack+1","Leap"],"picked":"Darkness","floor":18},{"not_picked":["Scrape+1","Double Energy"],"picked":"Steam","floor":22},{"not_picked":["Leap","Rebound"],"picked":"Electrodynamics","floor":23},{"not_picked":["Barrage+1","Steam"],"picked":"Ball Lightning","floor":24},{"not_picked":["Compile Driver","Heatsinks","Sweeping Beam","Barrage"],"picked":"SKIP","floor":30},{"not_picked":["Fission","Thunder Strike","Creative AI"],"picked":"Biased Cognition","floor":33},{"not_picked":["Reprogram","Go for the Eyes","Tempest"],"picked":"Skim","floor":35},{"not_picked":["Storm","Streamline","Heatsinks+1"],"picked":"Defragment+1","floor":36},{"not_picked":["Trip","Finesse","Dramatic Entrance"],"picked":"Master of Strategy","floor":38},{"not_picked":["Sunder","Compile Driver","Steam"],"picked":"Hologram+1","floor":39},{"not_picked":["Melter","Storm","Conserve Battery"],"picked":"Defragment+1","floor":40},{"not_picked":["Turbo","Hologram+1","Redo","Ball Lightning+1"],"picked":"SKIP","floor":45},{"not_picked":["Go for the Eyes+1","Compile Driver+1","FTL+1"],"picked":"Coolheaded","floor":48}],"player_experience":2631320,"relics_obtained":[{"floor":6,"key":"Bag of Marbles"},{"floor":8,"key":"Dream Catcher"},{"floor":9,"key":"Pear"},{"floor":23,"key":"Meat on the Bone"},{"floor":29,"key":"Incense Burner"},{"floor":29,"key":"Question Card"},{"floor":36,"key":"Gambling Chip"},{"floor":40,"key":"Blood Vial"},{"floor":43,"key":"Art of War"},{"floor":45,"key":"Omamori"},{"floor":48,"key":"Blue Candle"}],"event_choices":[{"damage_healed":0,"gold_gain":0,"player_choice":"Entered Light","damage_taken":21,"max_hp_gain":0,"max_hp_loss":0,"event_name":"Shining Light","floor":2,"gold_loss":0,"cards_upgraded":["Defend_B","Zap"]},{"damage_healed":0,"gold_gain":0,"player_choice":"Donut","damage_taken":0,"max_hp_gain":5,"max_hp_loss":0,"event_name":"Big Fish","floor":5,"gold_loss":0},{"cards_removed":["Strike_B"],"damage_healed":0,"gold_gain":0,"player_choice":"Elegance","damage_taken":0,"max_hp_gain":0,"max_hp_loss":0,"event_name":"Back to Basics","floor":19,"gold_loss":0},{"cards_removed":["Defend_B"],"damage_healed":0,"gold_gain":0,"player_choice":"Gave Gold","damage_taken":0,"max_hp_gain":0,"max_hp_loss":0,"event_name":"Beggar","floor":28,"gold_loss":75},{"damage_healed":0,"gold_gain":0,"player_choice":"Fight","damage_taken":0,"max_hp_gain":0,"max_hp_loss":0,"event_name":"Colosseum","floor":29,"gold_loss":0},{"damage_healed":0,"gold_gain":0,"player_choice":"Fought Nobs","damage_taken":0,"max_hp_gain":0,"max_hp_loss":0,"event_name":"Colosseum","floor":29,"gold_loss":0},{"damage_healed":0,"gold_gain":0,"player_choice":"Fight","damage_taken":0,"max_hp_gain":0,"max_hp_loss":0,"event_name":"MindBloom","floor":36,"gold_loss":0},{"damage_healed":0,"gold_gain":0,"player_choice":"Max HP","damage_taken":0,"max_hp_gain":0,"max_hp_loss":4,"event_name":"Winding Halls","floor":37,"gold_loss":0},{"damage_healed":0,"gold_gain":0,"player_choice":"Memory 1","damage_taken":0,"max_hp_gain":0,"max_hp_loss":0,"event_name":"SensoryStone","floor":38,"gold_loss":0},{"damage_healed":0,"gold_gain":0,"player_choice":"Paid","damage_taken":0,"relics_obtained":["Red Mask"],"max_hp_gain":0,"max_hp_loss":0,"event_name":"Tomb of Lord Red Mask","floor":47,"gold_loss":69}],"is_beta":false,"boss_relics":[{"not_picked":["Busted Crown","Calling Bell"],"picked":"Astrolabe"},{"not_picked":["Velvet Choker","Runic Pyramid"],"picked":"Nuclear Battery"}],"items_purged_floors":[20,41],"is_endless":false,"potions_floor_spawned":[1,6,14,16,22,29,30,35,48],"killed_by":"Time Eater","ascension_level":20}