{"gold_per_floor":[113,113,33,63,63,63,75,75,75,93,93,118,135,168,168,168],"floor_reached":16,"playtime":415,"items_purged":[],"score":216,"play_id":"b67d13f5-601d-4f8e-bf0e-431cf04b3c2e","local_time":"20190513205121","is_ascension_mode":true,"campfire_choices":[{"floor":6,"key":"REST"},{"data":"Sunder","floor":8,"key":"SMITH"},{"floor":11,"key":"REST"},{"data":"Zap","floor":15,"key":"SMITH"}],"neow_cost":"NONE","seed_source_timestamp":203350680478623,"circlet_count":0,"master_deck":["AscendersBane","Strike_B","Strike_B","Strike_B","Defend_B","Defend_B+1","Defend_B","Defend_B","Zap+1","Dualcast","Self Repair+1","Sunder+1","Rip and Tear","Beam Cell","Glacier","Cold Snap"],"relics":["Cracked Core","NeowsBlessing","Tiny Chest","Bag of Marbles","Bronze Scales","Question Card"],"potions_floor_usage":[16],"damage_taken":[{"damage":0,"enemies":"Jaw Worm","floor":1,"turns":1},{"damage":0,"enemies":"2 Louse","floor":7,"turns":1},{"damage":0,"enemies":"Small Slimes","floor":10,"turns":2},{"damage":32,"enemies":"Gremlin Nob","floor":12,"turns":4},{"damage":0,"enemies":"Exordium Wildlife","floor":13,"turns":2},{"damage":8,"enemies":"3 Sentries","floor":14,"turns":6},{"damage":50,"enemies":"Slime Boss","floor":16,"turns":6}],"seed_played":"-3216109485759235700","potions_obtained":[{"floor":1,"key":"LiquidBronze"},{"floor":12,"key":"SkillPotion"}],"is_trial":false,"path_per_floor":["M","?","$","?","?","R","M","R","T","M","R","E","M","E","R","B"],"character_chosen":"DEFECT","items_purchased":["Sunder"],"campfire_rested":2,"item_purchase_floors":[3],"current_hp_per_floor":[64,57,57,39,18,39,39,39,39,39,60,38,48,50,50,0],"gold":168,"neow_bonus":"THREE_ENEMY_KILL","is_prod":false,"is_daily":false,"chose_seed":false,"campfire_upgraded":2,"win_rate":0,"timestamp":1557773481,"path_taken":["M","?","$","?","?","R","?","R","T","?","R","E","M","E","R","BOSS"],"build_version":"2019-01-23","purchased_purges":0,"victory":false,"max_hp_per_floor":[71,71,71,71,71,71,71,71,71,71,71,71,71,71,71,71],"card_choices":[{"not_picked":["Reprogram","Go for the Eyes"],"picked":"Self Repair","floor":1},{"not_picked":["Hologram","Blizzard"],"picked":"Rip and Tear","floor":7},{"not_picked":["Compile Driver","Gash"],"picked":"Beam Cell","floor":10},{"not_picked":["Rebound","Skim"],"picked":"Glacier","floor":12},{"not_picked":["Reprogram","Heatsinks","Steam"],"picked":"SKIP","floor":13},{"not_picked":["Reinforced Body","Rip and Tear"],"picked":"Cold Snap","floor":14}],"player_experience":2691534,"relics_obtained":[{"floor":9,"key":"Bag of Marbles"},{"floor":12,"key":"Bronze Scales"},{"floor":14,"key":"Question Card"}],"event_choices":[{"cards_removed":["Strike_B"],"damage_healed":0,"gold_gain":0,"player_choice":"Card Removal","damage_taken":7,"max_hp_gain":0,"max_hp_loss":0,"event_name":"Golden Wing","floor":2,"gold_loss":0},{"damage_healed":0,"gold_gain":0,"player_choice":"Success","damage_taken":18,"relics_obtained":["Tiny Chest"],"max_hp_gain":0,"max_hp_loss":0,"event_name":"Scrap Ooze","floor":4,"gold_loss":0},{"damage_healed":0,"gold_gain":0,"player_choice":"Entered Light","damage_taken":21,"max_hp_gain":0,"max_hp_loss":0,"event_name":"Shining Light","floor":5,"gold_loss":0,"cards_upgraded":["Self Repair","Defend_B"]}],"is_beta":false,"boss_relics":[],"items_purged_floors":[],"is_endless":false,"potions_floor_spawned":[1,12,14],"killed_by":"Slime Boss","ascension_level":20}