{"gold_per_floor":[211,24,24,24,90,90,122,172,195,211,274,305,318,345,345,422,422,436,456,466,535,685,716,716,726,752,802,288,299,299,329,329,405,405,415,93,0,12,118,118,131,165,244,119,151,164,195,212,212,212,212,212,212,47,79,79],"floor_reached":56,"playtime":5388,"items_purged":["Writhe","Scrape+1","Strike_B+1"],"score":2165,"play_id":"a5802c97-469e-4599-97a8-5b3a50471dbe","local_time":"20190115233328","is_ascension_mode":true,"campfire_choices":[{"floor":6,"key":"REST"},{"data":"Zap","floor":15,"key":"SMITH"},{"data":"Biased Cognition","floor":24,"key":"SMITH"},{"data":"Coolheaded","floor":32,"key":"SMITH"},{"data":"Biased Cognition","floor":40,"key":"SMITH"},{"floor":49,"key":"RECALL"},{"data":"Coolheaded","floor":53,"key":"SMITH"}],"neow_cost":"NONE","seed_source_timestamp":511158817034615,"circlet_count":0,"master_deck":["AscendersBane","Strike_B+1","Defend_B+1","Defend_B+1","Zap+1","Dualcast","Lockon","Conserve Battery","Ball Lightning","Cold Snap","Self Repair","Genetic Algorithm","Electrodynamics","Biased Cognition+1","Chaos+1","BootSequence+1","Coolheaded+1","Core Surge","Go for the Eyes+1","Multi-Cast","Core Surge","Conserve Battery","Hologram+1","Biased Cognition+1","Defragment","Coolheaded+1","Hologram+1"],"relics":["Cracked Core","PreservedInsect","SsserpentHead","Shuriken","Whetstone","Orichalcum","Blue Candle","Astrolabe","Incense Burner","Meat on the Bone","Strawberry","Vajra","Mummified Hand","Ancient Tea Set","Inserter","ClockworkSouvenir","Red Mask","Tiny Chest","Mercury Hourglass","Darkstone Periapt","Bronze Scales","Ornamental Fan","Art of War","Bottled Lightning"],"potions_floor_usage":[12,16,20,20,21,22,42,55,56],"damage_taken":[{"damage":1,"enemies":"Cultist","floor":1,"turns":3},{"damage":0,"enemies":"Small Slimes","floor":5,"turns":4},{"damage":12,"enemies":"Lagavulin","floor":7,"turns":6},{"damage":7,"enemies":"Jaw Worm","floor":10,"turns":2},{"damage":7,"enemies":"Lots of Slimes","floor":11,"turns":6},{"damage":6,"enemies":"Gremlin Nob","floor":12,"turns":3},{"damage":7,"enemies":"Red Slaver","floor":13,"turns":4},{"damage":17,"enemies":"Lagavulin","floor":14,"turns":6},{"damage":29,"enemies":"The Guardian","floor":16,"turns":12},{"damage":10,"enemies":"Shell Parasite","floor":18,"turns":5},{"damage":5,"enemies":"3 Byrds","floor":20,"turns":3},{"damage":11,"enemies":"Cultist and Chosen","floor":21,"turns":6},{"damage":7,"enemies":"Colosseum Slavers","floor":22,"turns":3},{"damage":0,"enemies":"Colosseum Nobs","floor":22,"turns":3},{"damage":0,"enemies":"Gremlin Leader","floor":23,"turns":4},{"damage":16,"enemies":"Shelled Parasite and Fungi","floor":25,"turns":5},{"damage":5,"enemies":"Sentry and Sphere","floor":29,"turns":5},{"damage":1,"enemies":"Slavers","floor":31,"turns":2},{"damage":5,"enemies":"Collector","floor":33,"turns":12},{"damage":0,"enemies":"Orb Walker","floor":35,"turns":5},{"damage":17,"enemies":"3 Darklings","floor":38,"turns":4},{"damage":0,"enemies":"Jaw Worm Horde","floor":41,"turns":3},{"damage":4,"enemies":"Giant Head","floor":42,"turns":7},{"damage":2,"enemies":"Reptomancer","floor":45,"turns":4},{"damage":40,"enemies":"Maw","floor":46,"turns":6},{"damage":1,"enemies":"Nemesis","floor":47,"turns":5},{"damage":21,"enemies":"Transient","floor":48,"turns":6},{"damage":6,"enemies":"Awakened One","floor":50,"turns":17},{"damage":0,"enemies":"Donu and Deca","floor":51,"turns":8},{"damage":44,"enemies":"Shield and Spear","floor":55,"turns":6},{"damage":49,"enemies":"The Heart","floor":56,"turns":2}],"seed_played":"-4136660046570662711","potions_obtained":[{"floor":1,"key":"Energy Potion"},{"floor":5,"key":"Ancient Potion"},{"floor":12,"key":"Fruit Juice"},{"floor":14,"key":"FocusPotion"},{"floor":18,"key":"SteroidPotion"},{"floor":19,"key":"EntropicBrew"},{"floor":23,"key":"EssenceOfSteel"},{"floor":25,"key":"Dexterity Potion"},{"floor":31,"key":"Energy Potion"},{"floor":42,"key":"LiquidBronze"},{"floor":47,"key":"Block Potion"}],"is_trial":false,"path_per_floor":["M","$","?","?","M","R","E","?","T","M","M","E","M","E","R","B",null,"M","?","M","M","?","E","R","M","T","?","$","M","$","E","R","B",null,"M","$","?","M","T","R","M","E","T","$","E","M","E","M","R","B","B",null,"R","$","E","B"],"character_chosen":"DEFECT","items_purchased":["PreservedInsect","Conserve Battery","Core Surge","Mummified Hand","ClockworkSouvenir","Art of War"],"campfire_rested":1,"item_purchase_floors":[2,2,28,28,36,54],"current_hp_per_floor":[63,63,42,42,42,63,51,51,51,44,44,50,50,33,33,11,60,57,57,59,55,55,69,69,60,60,60,60,62,62,61,61,63,78,83,83,83,66,66,66,66,69,69,69,74,53,59,57,57,58,65,79,79,79,47,0],"gold":79,"neow_bonus":"HUNDRED_GOLD","is_prod":false,"is_daily":false,"chose_seed":false,"campfire_upgraded":5,"win_rate":0,"timestamp":1547591608,"path_taken":["M","$","?","?","?","R","E","?","T","M","?","E","M","E","R","BOSS","M","?","M","?","?","E","R","M","T","?","$","M","$","E","R","BOSS","M","$","?","M","?","R","M","E","T","$","E","M","E","M","R","BOSS","BOSS","R","$","E","BOSS"],"build_version":"2019-01-10","purchased_purges":3,"victory":false,"max_hp_per_floor":[71,71,71,71,71,71,71,71,71,71,71,76,76,76,76,76,76,76,76,76,76,76,83,83,83,83,83,83,83,83,83,83,83,83,83,83,83,83,83,83,83,83,83,83,83,83,83,83,83,83,83,83,83,83,83,83],"card_choices":[{"not_picked":["Steam","Scrape"],"picked":"Lockon","floor":1},{"not_picked":["Redo","Steam Power"],"picked":"Ball Lightning","floor":5},{"not_picked":["Go for the Eyes","Thunder Strike"],"picked":"Cold Snap","floor":7},{"not_picked":["Rebound","Barrage"],"picked":"Genetic Algorithm","floor":10},{"not_picked":["Chaos","Auto Shields","White Noise"],"picked":"SKIP","floor":11},{"not_picked":["Streamline","Stack","Barrage"],"picked":"SKIP","floor":12},{"not_picked":["Chaos","Compile Driver","Steam"],"picked":"SKIP","floor":13},{"not_picked":["Turbo","Go for the Eyes"],"picked":"Electrodynamics","floor":14},{"not_picked":["Echo Form","Rainbow"],"picked":"Biased Cognition","floor":16},{"not_picked":["Steam","Leap"],"picked":"Coolheaded","floor":18},{"not_picked":["Turbo","Storm","Sunder"],"picked":"SKIP","floor":20},{"not_picked":["Fusion","Sweeping Beam"],"picked":"Core Surge","floor":21},{"not_picked":["Turbo","Redo"],"picked":"Go for the Eyes+1","floor":22},{"not_picked":["Consume","Sweeping Beam","Barrage"],"picked":"SKIP","floor":23},{"not_picked":["Hologram","Consume"],"picked":"Multi-Cast","floor":25},{"not_picked":["Reinforced Body","Aggregate"],"picked":"Conserve Battery","floor":29},{"not_picked":["Leap","Beam Cell"],"picked":"Hologram+1","floor":31},{"not_picked":["Reboot","Echo Form"],"picked":"Biased Cognition","floor":33},{"not_picked":["Beam Cell","Ball Lightning","Loop"],"picked":"SKIP","floor":35},{"not_picked":["Sweeping Beam","Go for the Eyes","Doom and Gloom+1"],"picked":"SKIP","floor":38},{"not_picked":["Streamline","Gash","Melter"],"picked":"SKIP","floor":41},{"not_picked":["Storm","Self Repair+1"],"picked":"Defragment","floor":42},{"not_picked":["Streamline","Genetic Algorithm","Doom and Gloom"],"picked":"SKIP","floor":45},{"not_picked":["Steam","Turbo","Rip and Tear+1"],"picked":"SKIP","floor":46},{"not_picked":["Ball Lightning","All For One"],"picked":"Coolheaded","floor":47},{"not_picked":["Redo","Conserve Battery+1"],"picked":"Hologram+1","floor":48},{"not_picked":["BootSequence","Self Repair","Streamline+1"],"picked":"SKIP","floor":55}],"player_experience":1552542,"relics_obtained":[{"floor":7,"key":"Shuriken"},{"floor":9,"key":"Whetstone"},{"floor":12,"key":"Orichalcum"},{"floor":14,"key":"Blue Candle"},{"floor":22,"key":"Incense Burner"},{"floor":22,"key":"Meat on the Bone"},{"floor":23,"key":"Strawberry"},{"floor":31,"key":"Ancient Tea Set"},{"floor":39,"key":"Tiny Chest"},{"floor":42,"key":"Mercury Hourglass"},{"floor":43,"key":"Darkstone Periapt"},{"floor":45,"key":"Bronze Scales"},{"floor":47,"key":"Ornamental Fan"},{"floor":55,"key":"Bottled Lightning"}],"event_choices":[{"damage_healed":0,"gold_gain":0,"player_choice":"Entered Light","damage_taken":21,"max_hp_gain":0,"max_hp_loss":0,"event_name":"Shining Light","floor":3,"gold_loss":0,"cards_upgraded":["Defend_B","Defend_B"]},{"damage_healed":0,"gold_gain":0,"player_choice":"Trade","damage_taken":0,"relics_obtained":["SsserpentHead"],"max_hp_gain":0,"max_hp_loss":0,"event_name":"FaceTrader","floor":4,"gold_loss":0},{"damage_healed":0,"gold_gain":0,"cards_transformed":["Strike_B"],"player_choice":"Transformed","damage_taken":0,"max_hp_gain":0,"max_hp_loss":0,"event_name":"Transmorgrifier","floor":8,"gold_loss":0,"cards_obtained":["Self Repair"]},{"damage_healed":0,"gold_gain":0,"player_choice":"Bought 2 Potions","damage_taken":0,"max_hp_gain":0,"max_hp_loss":0,"event_name":"The Woman in Blue","floor":19,"gold_loss":0},{"damage_healed":0,"gold_gain":0,"player_choice":"Fight","damage_taken":0,"max_hp_gain":0,"max_hp_loss":0,"event_name":"Colosseum","floor":22,"gold_loss":0},{"damage_healed":0,"gold_gain":0,"player_choice":"Fought Nobs","damage_taken":0,"max_hp_gain":0,"max_hp_loss":0,"event_name":"Colosseum","floor":22,"gold_loss":0},{"damage_healed":0,"gold_gain":0,"player_choice":"Opened","damage_taken":0,"relics_obtained":["Vajra"],"max_hp_gain":0,"max_hp_loss":0,"event_name":"The Mausoleum","floor":27,"gold_loss":0,"cards_obtained":["Writhe"]},{"damage_healed":0,"gold_gain":0,"player_choice":"Paid","damage_taken":0,"relics_obtained":["Red Mask"],"max_hp_gain":0,"max_hp_loss":0,"event_name":"Tomb of Lord Red Mask","floor":37,"gold_loss":143}],"is_beta":false,"boss_relics":[{"not_picked":["Orrery","Philosopher\u0027s Stone"],"picked":"Astrolabe"},{"not_picked":["Tiny House","Cursed Key"],"picked":"Inserter"}],"items_purged_floors":[28,36,44],"is_endless":false,"potions_floor_spawned":[1,5,7,12,14,18,23,25,29,31,42,47,48],"killed_by":"The Heart","ascension_level":20}