{"gold_per_floor":[210,230,249,1,17,17,44,44,44,63,63,63,88,188,188,261,261,281,296,296],"floor_reached":20,"playtime":1159,"items_purged":[],"score":368,"play_id":"7af1ff5d-9506-49db-8b9d-338ffe693634","local_time":"20190302142420","is_ascension_mode":true,"campfire_choices":[{"data":"Zap","floor":6,"key":"SMITH"},{"floor":8,"key":"REST"},{"data":"Hologram","floor":12,"key":"SMITH"},{"data":"Defragment","floor":15,"key":"SMITH"}],"neow_cost":"NONE","seed_source_timestamp":923671430071699,"circlet_count":0,"master_deck":["AscendersBane","Strike_B","Strike_B","Strike_B","Strike_B","Defend_B","Defend_B","Defend_B","Defend_B","Zap+1","Dualcast","Scrape","Rebound","Rip and Tear","Go for the Eyes","Hologram+1","Defragment+1","Sweeping Beam","Hyperbeam","Echo Form+1","Leap","Steam"],"relics":["Cracked Core","Lee\u0027s Waffle","Cables","Frozen Egg 2","Kunai","Bottled Lightning","Inserter"],"potions_floor_usage":[16,16,19],"damage_taken":[{"damage":0,"enemies":"Small Slimes","floor":1,"turns":3},{"damage":3,"enemies":"2 Louse","floor":2,"turns":2},{"damage":1,"enemies":"Cultist","floor":3,"turns":3},{"damage":9,"enemies":"Blue Slaver","floor":5,"turns":2},{"damage":34,"enemies":"Gremlin Nob","floor":7,"turns":4},{"damage":14,"enemies":"Lots of Slimes","floor":10,"turns":3},{"damage":11,"enemies":"Lagavulin","floor":13,"turns":7},{"damage":27,"enemies":"Hexaghost","floor":16,"turns":9},{"damage":24,"enemies":"3 Byrds","floor":18,"turns":3},{"damage":32,"enemies":"Shell Parasite","floor":19,"turns":6},{"damage":8,"enemies":"Snake Plant","floor":20,"turns":1}],"seed_played":"7278690233566832698","potions_obtained":[{"floor":2,"key":"SpeedPotion"},{"floor":7,"key":"Weak Potion"},{"floor":10,"key":"AttackPotion"},{"floor":18,"key":"Energy Potion"}],"is_trial":false,"path_per_floor":["M","M","M","$","M","R","E","R","T","M","?","R","E","?","R","B",null,"M","M","M"],"character_chosen":"DEFECT","items_purchased":["Lee\u0027s Waffle","Go for the Eyes"],"campfire_rested":1,"item_purchase_floors":[4,4],"current_hp_per_floor":[64,61,60,78,69,69,35,58,58,44,39,39,28,28,28,1,59,35,3,0],"gold":296,"neow_bonus":"HUNDRED_GOLD","is_prod":false,"is_daily":false,"chose_seed":false,"campfire_upgraded":3,"win_rate":0,"timestamp":1551533060,"path_taken":["M","M","M","$","M","R","E","R","T","M","?","R","E","?","R","BOSS","M","M","M"],"build_version":"2019-01-23","purchased_purges":0,"victory":false,"max_hp_per_floor":[71,71,71,78,78,78,78,78,78,78,78,78,78,78,78,78,78,78,78,78],"card_choices":[{"not_picked":["Turbo","Consume"],"picked":"Scrape","floor":1},{"not_picked":["Steam","Stack"],"picked":"Rebound","floor":2},{"not_picked":["Chill","Recycle"],"picked":"Rip and Tear","floor":3},{"not_picked":["Rebound","Double Energy"],"picked":"Hologram","floor":5},{"not_picked":["Stack","Aggregate"],"picked":"Defragment","floor":7},{"not_picked":["Rebound","Beam Cell"],"picked":"Sweeping Beam","floor":10},{"not_picked":["Streamline","Reprogram"],"picked":"Hyperbeam","floor":13},{"not_picked":["Multi-Cast","Reboot"],"picked":"Echo Form+1","floor":16},{"not_picked":["Lockon+1","Conserve Battery"],"picked":"Leap","floor":18},{"not_picked":["Stack","Turbo+1"],"picked":"Steam","floor":19}],"player_experience":1852620,"relics_obtained":[{"floor":7,"key":"Cables"},{"floor":9,"key":"Frozen Egg 2"},{"floor":13,"key":"Bottled Lightning"}],"event_choices":[{"damage_healed":0,"gold_gain":0,"player_choice":"Success","damage_taken":5,"relics_obtained":["Kunai"],"max_hp_gain":0,"max_hp_loss":0,"event_name":"Scrap Ooze","floor":11,"gold_loss":0},{"damage_healed":0,"gold_gain":100,"player_choice":"Gold","damage_taken":0,"max_hp_gain":0,"max_hp_loss":0,"event_name":"Wheel of Change","floor":14,"gold_loss":0}],"is_beta":false,"boss_relics":[{"not_picked":["Lizard Tail","Orrery"],"picked":"Inserter"}],"items_purged_floors":[],"is_endless":false,"potions_floor_spawned":[2,7,10,18],"killed_by":"Snake Plant","ascension_level":20}