{"gold_per_floor":[118,129,143,143,108,136,146,175,175,175,175,210,210,238,238,313,313,327,338,351,351,351,377,377,404,404,446,477,489,177,193,193,193],"floor_reached":33,"playtime":1749,"items_purged":[],"score":823,"play_id":"6e3b50b9-11ea-46e4-89ec-0baf90d7a344","local_time":"20190518185306","is_ascension_mode":true,"campfire_choices":[{"data":"Anger","floor":10.0,"key":"SMITH"},{"floor":13.0,"key":"REST"},{"data":"Inflame","floor":15.0,"key":"SMITH"},{"floor":24.0,"key":"REST"},{"floor":29.0,"key":"REST"},{"data":"Body Slam","floor":32,"key":"SMITH"}],"neow_cost":"NONE","seed_source_timestamp":0,"circlet_count":0,"master_deck":["AscendersBane","Strike_R","Strike_R","Strike_R","Strike_R","Defend_R","Defend_R","Defend_R+1","Defend_R","Bash","Finesse+1","Inflame+1","Pummel","Shrug It Off","Headbutt","Anger+1","Headbutt","Shrug It Off","Limit Break","Shrug It Off+1","Pommel Strike","Rage+1","Warcry+1","Spot Weakness+1","Deep Breath+1","Body Slam+1"],"special_seed":0,"relics":["Burning Blood","Pen Nib","Strawberry","Ice Cream","Bottled Flame","Matryoshka","Red Skull","Mark of Pain","Bag of Preparation","Bag of Marbles","Centennial Puzzle","Dream Catcher","MawBank","Toxic Egg 2","Pear","War Paint"],"potions_floor_usage":[31],"damage_taken":[{"damage":3.0,"enemies":"2 Louse","floor":1.0,"turns":4.0},{"damage":5.0,"enemies":"Jaw Worm","floor":2.0,"turns":4.0},{"damage":1.0,"enemies":"Cultist","floor":3.0,"turns":3.0},{"damage":31.0,"enemies":"Gremlin Nob","floor":6.0,"turns":4.0},{"damage":18.0,"enemies":"Large Slime","floor":7.0,"turns":5.0},{"damage":10.0,"enemies":"Lagavulin","floor":8.0,"turns":5.0},{"damage":15.0,"enemies":"3 Sentries","floor":12.0,"turns":8.0},{"damage":14.0,"enemies":"Lagavulin","floor":14.0,"turns":6.0},{"damage":6.0,"enemies":"The Guardian","floor":16.0,"turns":11.0},{"damage":5.0,"enemies":"3 Byrds","floor":18.0,"turns":5.0},{"damage":12.0,"enemies":"Shell Parasite","floor":19.0,"turns":5.0},{"damage":43.0,"enemies":"Shelled Parasite and Fungi","floor":20.0,"turns":6.0},{"damage":3.0,"enemies":"Book of Stabbing","floor":23.0,"turns":3.0},{"damage":41.0,"enemies":"Gremlin Leader","floor":25.0,"turns":7.0},{"damage":17.0,"enemies":"Slavers","floor":27.0,"turns":3.0},{"damage":0.0,"enemies":"Centurion and Healer","floor":28.0,"turns":4.0},{"damage":0,"enemies":"3 Cultists","floor":31,"turns":3},{"damage":66,"enemies":"Collector","floor":33,"turns":9}],"seed_played":"-494933816975256956","potions_obtained":[{"floor":2.0,"key":"Energy Potion"},{"floor":6.0,"key":"SpeedPotion"},{"floor":8.0,"key":"Weak Potion"},{"floor":19.0,"key":"LiquidBronze"},{"floor":20.0,"key":"Dexterity Potion"},{"floor":25.0,"key":"EssenceOfSteel"},{"floor":28.0,"key":"GamblersBrew"}],"is_trial":false,"path_per_floor":["M","M","M","?","?","E","M","E","T","R","?","E","R","E","R","B",null,"M","M","M","T","?","E","R","E","T","E","M","R","$","M","R","B"],"character_chosen":"IRONCLAD","items_purchased":["War Paint","Spot Weakness+1","Deep Breath+1"],"campfire_rested":3,"item_purchase_floors":[30,30,30],"current_hp_per_floor":[71,72,75,57,75,57,45,41,41,41,41,32,56,48,48,48,74,75,69,32,32,32,35,59,24,24,23,29,56,56,62,62,0],"gold":193,"neow_bonus":"RANDOM_COLORLESS","is_prod":false,"is_daily":false,"chose_seed":false,"campfire_upgraded":3,"win_rate":0,"timestamp":1558230786,"path_taken":["M","M","M","?","?","E","M","E","T","R","?","E","R","E","R","BOSS","M","M","M","?","?","E","R","E","T","E","M","R","$","M","R","BOSS"],"build_version":"2019-01-23","purchased_purges":0,"victory":false,"max_hp_per_floor":[75,75,75,75,75,82,82,82,82,82,82,82,82,82,82,82,82,82,82,82,82,82,82,82,82,82,92,92,92,92,92,92,92],"card_choices":[{"not_picked":["Whirlwind","Flame Barrier"],"picked":"Inflame","floor":1.0},{"not_picked":["Burning Pact","Warcry"],"picked":"Pummel","floor":2.0},{"not_picked":["Anger","Perfected Strike"],"picked":"Shrug It Off","floor":3.0},{"not_picked":["Burning Pact","Wild Strike"],"picked":"Headbutt","floor":6.0},{"not_picked":["Flex","Cleave"],"picked":"Anger","floor":7.0},{"not_picked":["Twin Strike","Reckless Charge"],"picked":"Headbutt","floor":8.0},{"not_picked":["Reaper","Corruption"],"picked":"Shrug It Off","floor":12.0},{"not_picked":["Anger","Dropkick","Blood for Blood"],"picked":"SKIP","floor":14.0},{"not_picked":["Impervious","Feed"],"picked":"Limit Break","floor":16.0},{"not_picked":["Armaments","Twin Strike"],"picked":"Shrug It Off+1","floor":18.0},{"not_picked":["Thunderclap","Anger","Clash+1"],"picked":"SKIP","floor":19.0},{"not_picked":["Bloodletting","Armaments","Sword Boomerang"],"picked":"SKIP","floor":20.0},{"not_picked":["Armaments","Whirlwind","Blood for Blood"],"picked":"SKIP","floor":23.0},{"not_picked":["Clash","Rupture+1","Whirlwind"],"picked":"SKIP","floor":25.0},{"not_picked":["Headbutt","Reaper"],"picked":"Pommel Strike","floor":27.0},{"not_picked":["Combust","Searing Blow"],"picked":"Rage+1","floor":28.0},{"not_picked":["Clothesline","Hemokinesis"],"picked":"Warcry+1","floor":29.0},{"not_picked":["Sword Boomerang","Clash"],"picked":"Body Slam","floor":31}],"player_experience":774216,"relics_obtained":[{"floor":6.0,"key":"Strawberry"},{"floor":8.0,"key":"Ice Cream"},{"floor":9.0,"key":"Bottled Flame"},{"floor":12.0,"key":"Matryoshka"},{"floor":14.0,"key":"Red Skull"},{"floor":21.0,"key":"Bag of Preparation"},{"floor":21.0,"key":"Bag of Marbles"},{"floor":23.0,"key":"Centennial Puzzle"},{"floor":25.0,"key":"Dream Catcher"},{"floor":26.0,"key":"MawBank"},{"floor":26.0,"key":"Toxic Egg 2"},{"floor":27.0,"key":"Pear"}],"event_choices":[{"damage_healed":0.0,"max_hp_gain":0.0,"max_hp_loss":0.0,"gold_gain":0.0,"event_name":"Scrap Ooze","player_choice":"Success","floor":4.0,"gold_loss":0.0,"damage_taken":18.0,"relics_obtained":["Pen Nib"]},{"damage_healed":18.0,"max_hp_gain":0.0,"max_hp_loss":0.0,"gold_gain":0.0,"event_name":"The Cleric","player_choice":"Healed","floor":5.0,"gold_loss":35.0,"damage_taken":0.0},{"damage_healed":0.0,"max_hp_gain":0.0,"max_hp_loss":0.0,"gold_gain":0.0,"event_name":"Lab","player_choice":"Got Potions","floor":11.0,"gold_loss":0.0,"damage_taken":0.0},{"cards_removed":["Strike_R"],"damage_healed":0.0,"max_hp_gain":0.0,"max_hp_loss":0.0,"gold_gain":0.0,"event_name":"Wheel of Change","player_choice":"Card Removal","floor":22.0,"gold_loss":0.0,"damage_taken":0.0}],"is_beta":false,"boss_relics":[{"not_picked":["White Beast Statue","Tiny House"],"picked":"Mark of Pain"}],"items_purged_floors":[],"is_endless":false,"potions_floor_spawned":[2,6,8,19,20,25,28],"killed_by":"Collector","ascension_level":18}