{"gold_per_floor":[110,110,124,124,140,170,170,202,257,257,26,26,46,46,46,120,120,132,1,1,17,28,28],"floor_reached":23,"playtime":1952,"items_purged":["Pain"],"score":398,"play_id":"62030bf7-9e01-4680-b17d-5bcf90421bdf","local_time":"20190312213936","is_ascension_mode":true,"campfire_choices":[{"floor":7,"key":"REST"},{"floor":10,"key":"REST"},{"data":"Caltrops","floor":15,"key":"SMITH"}],"neow_cost":"NONE","seed_source_timestamp":8986243341904,"circlet_count":0,"master_deck":["AscendersBane","Defend_G","Defend_G","Defend_G","Defend_G","Defend_G","Strike_G","Strike_G","Strike_G","Strike_G","Survivor","Neutralize","Dagger Spray","Quick Slash","Caltrops+1","Endless Agony","Noxious Fumes","Catalyst","Die Die Die","Well Laid Plans","PiercingWail","Crippling Poison","Poisoned Stab","After Image","Neutralize","Deadly Poison"],"relics":["Ring of the Snake","PreservedInsect","Boot","Question Card","Centennial Puzzle","Smiling Mask","OrangePellets","WarpedTongs","CultistMask","Orrery"],"potions_floor_usage":[8,16,16,22],"damage_taken":[{"damage":6,"enemies":"Jaw Worm","floor":1,"turns":6},{"damage":0,"enemies":"2 Louse","floor":3,"turns":2},{"damage":0,"enemies":"Cultist","floor":5,"turns":3},{"damage":36,"enemies":"Lagavulin","floor":6,"turns":8},{"damage":6,"enemies":"Gremlin Nob","floor":8,"turns":3},{"damage":3,"enemies":"2 Fungi Beasts","floor":13,"turns":3},{"damage":31,"enemies":"Hexaghost","floor":16,"turns":9},{"damage":19,"enemies":"Chosen","floor":18,"turns":6},{"damage":9,"enemies":"2 Thieves","floor":21,"turns":4},{"damage":25,"enemies":"Shelled Parasite and Fungi","floor":22,"turns":7},{"damage":2,"enemies":"Book of Stabbing","floor":23,"turns":2}],"seed_played":"-2924960069183842157","potions_obtained":[{"floor":3,"key":"Strength Potion"},{"floor":6,"key":"SteroidPotion"},{"floor":13,"key":"Regen Potion"},{"floor":18,"key":"Fire Potion"}],"is_trial":false,"path_per_floor":["M","?","M","T","M","E","R","E","T","R","$","?","M","?","R","B",null,"M","$","?","M","M","E"],"character_chosen":"THE_SILENT","items_purchased":["OrangePellets","GhostInAJar"],"campfire_rested":2,"item_purchase_floors":[11,19],"current_hp_per_floor":[53,46,46,46,46,10,29,23,23,42,42,42,39,39,39,23,55,36,36,36,27,2,0],"gold":28,"neow_bonus":"RANDOM_COMMON_RELIC","is_prod":false,"is_daily":false,"chose_seed":false,"campfire_upgraded":1,"win_rate":0,"timestamp":1552423176,"path_taken":["M","?","M","?","M","E","R","E","T","R","$","?","?","?","R","BOSS","M","$","?","M","?","E"],"build_version":"2019-01-23","purchased_purges":1,"victory":false,"max_hp_per_floor":[66,66,66,66,66,66,66,66,66,66,66,66,66,66,66,66,66,66,66,66,66,66,66],"card_choices":[{"not_picked":["Cloak And Dagger","Heel Hook"],"picked":"Dagger Spray","floor":1},{"not_picked":["PiercingWail","Blade Dance"],"picked":"Quick Slash","floor":3},{"not_picked":["Distraction","Deflect"],"picked":"Caltrops","floor":5},{"not_picked":["Dodge and Roll","Bane"],"picked":"Endless Agony","floor":6},{"not_picked":["Dagger Spray","Accuracy","Underhanded Strike"],"picked":"Noxious Fumes","floor":8},{"not_picked":["Prepared","Bane","Backflip"],"picked":"Catalyst","floor":13},{"not_picked":["Tools of the Trade","Venomology","Night Terror"],"picked":"Die Die Die","floor":16},{"not_picked":["Dagger Spray","Outmaneuver","Slice"],"picked":"Well Laid Plans","floor":17},{"not_picked":["Dagger Throw","Well Laid Plans","Backflip"],"picked":"PiercingWail","floor":17},{"not_picked":["Slice","Deadly Poison","Leg Sweep"],"picked":"Crippling Poison","floor":17},{"not_picked":["Dagger Spray","Sucker Punch","Slice"],"picked":"Poisoned Stab","floor":17},{"not_picked":["Bane","Prepared","Reflex"],"picked":"After Image","floor":18},{"not_picked":["Infinite Blades","Dodge and Roll","Flying Knee+1","Finisher"],"picked":"SKIP","floor":21},{"not_picked":["Dash","Dodge and Roll","Blade Dance"],"picked":"Deadly Poison","floor":22}],"player_experience":2010612,"relics_obtained":[{"floor":4,"key":"Boot"},{"floor":6,"key":"Question Card"},{"floor":8,"key":"Centennial Puzzle"},{"floor":9,"key":"Smiling Mask"}],"event_choices":[{"cards_removed":["Strike_G"],"damage_healed":0,"gold_gain":0,"player_choice":"Card Removal","damage_taken":7,"max_hp_gain":0,"max_hp_loss":0,"event_name":"Golden Wing","floor":2,"gold_loss":0},{"damage_healed":0,"gold_gain":0,"player_choice":"Rummage","damage_taken":0,"relics_obtained":["WarpedTongs"],"max_hp_gain":0,"max_hp_loss":0,"event_name":"Accursed Blacksmith","floor":12,"gold_loss":0,"cards_obtained":["Pain"]},{"damage_healed":0,"gold_gain":0,"player_choice":"Trade","damage_taken":0,"relics_obtained":["CultistMask"],"max_hp_gain":0,"max_hp_loss":0,"event_name":"FaceTrader","floor":14,"gold_loss":0},{"damage_healed":0,"gold_gain":0,"player_choice":"1 cards matched","damage_taken":0,"max_hp_gain":0,"max_hp_loss":0,"event_name":"Match and Keep!","floor":20,"gold_loss":0,"cards_obtained":["Neutralize"]}],"is_beta":false,"boss_relics":[{"not_picked":["Eternal Feather","Philosopher\u0027s Stone"],"picked":"Orrery"}],"items_purged_floors":[19],"is_endless":false,"potions_floor_spawned":[3,6,13,18],"killed_by":"Book of Stabbing","ascension_level":20}