{"gold_per_floor":[113,9,23,33,52,79,79,93,93,128,128,154,174,174,174,252,252,263,263,188,205,205,205,205],"floor_reached":24,"playtime":1463,"items_purged":["Strike_B"],"score":432,"play_id":"89663c6a-ea5f-48fc-aecf-005295f51cb6","local_time":"20190108213548","is_ascension_mode":true,"campfire_choices":[{"floor":7,"key":"REST"},{"data":"Defragment","floor":15,"key":"SMITH"},{"floor":23,"key":"REST"}],"neow_cost":"NONE","seed_source_timestamp":647096839887798,"circlet_count":0,"master_deck":["AscendersBane","Defend_B","Defend_B","Defend_B","Defend_B","Zap+1","Dualcast","Streamline","Cold Snap","Doom and Gloom","Fission+1","Turbo","Reboot","Rip and Tear","Loop","Capacitor","Defragment+1","Biased Cognition","Compile Driver","Sweeping Beam","Chill","Ball Lightning"],"relics":["Cracked Core","StoneCalendar","Matryoshka","Sundial","Gremlin Horn","Sozu"],"potions_floor_usage":[6,6,12],"damage_taken":[{"damage":8,"enemies":"Small Slimes","floor":1,"turns":3},{"damage":2,"enemies":"Jaw Worm","floor":3,"turns":3},{"damage":9,"enemies":"2 Louse","floor":4,"turns":2},{"damage":7,"enemies":"Looter","floor":5,"turns":3},{"damage":33,"enemies":"Gremlin Nob","floor":6,"turns":4},{"damage":5,"enemies":"Exordium Wildlife","floor":8,"turns":3},{"damage":18,"enemies":"3 Sentries","floor":10,"turns":7},{"damage":11,"enemies":"Gremlin Nob","floor":12,"turns":3},{"damage":12,"enemies":"Gremlin Gang","floor":13,"turns":2},{"damage":8,"enemies":"Hexaghost","floor":16,"turns":8},{"damage":11,"enemies":"Spheric Guardian","floor":18,"turns":3},{"damage":9,"enemies":"2 Thieves","floor":21,"turns":3},{"damage":8,"enemies":"Colosseum Slavers","floor":22,"turns":3},{"damage":54,"enemies":"Gremlin Leader","floor":24,"turns":5}],"seed_played":"2187243156872931196","potions_obtained":[{"floor":1,"key":"FearPotion"},{"floor":4,"key":"Regen Potion"},{"floor":5,"key":"Dexterity Potion"},{"floor":10,"key":"GamblersBrew"}],"is_trial":false,"path_per_floor":["M","$","M","M","M","E","R","M","T","E","?","E","M","?","R","B",null,"M","?","?","M","?","R","E"],"character_chosen":"DEFECT","items_purchased":["Cold Snap"],"campfire_rested":2,"item_purchase_floors":[2],"current_hp_per_floor":[56,56,54,45,38,17,38,33,33,15,38,27,15,15,15,7,55,44,44,44,35,27,48,0],"gold":205,"neow_bonus":"UPGRADE_CARD","is_prod":false,"is_daily":false,"chose_seed":false,"campfire_upgraded":1,"win_rate":0,"timestamp":1546979748,"path_taken":["M","$","M","M","M","E","R","M","T","E","?","E","M","?","R","BOSS","M","?","?","M","?","R","E"],"build_version":"2019-01-03v4","purchased_purges":1,"victory":false,"max_hp_per_floor":[71,71,71,71,71,71,71,71,71,71,71,71,71,71,71,71,71,71,71,71,71,71,71,71],"card_choices":[{"not_picked":["Auto Shields","Gash"],"picked":"Streamline","floor":1},{"not_picked":["Recycle","Streamline"],"picked":"Doom and Gloom","floor":3},{"not_picked":["FTL","Compile Driver"],"picked":"Fission","floor":4},{"not_picked":["Stack","Redo"],"picked":"Turbo","floor":5},{"not_picked":["Fission","Steam"],"picked":"Reboot","floor":6},{"not_picked":["Gash","Hologram"],"picked":"Rip and Tear","floor":8},{"not_picked":["Hologram","Tempest"],"picked":"Loop","floor":10},{"not_picked":["Go for the Eyes","Scrape"],"picked":"Capacitor","floor":12},{"not_picked":["Hologram","Stack"],"picked":"Defragment","floor":13},{"not_picked":["Creative AI","Amplify"],"picked":"Biased Cognition","floor":16},{"not_picked":["Chaos","Go for the Eyes"],"picked":"Compile Driver","floor":18},{"not_picked":["Loop","Storm"],"picked":"Ball Lightning","floor":21}],"player_experience":1531301,"relics_obtained":[{"floor":6,"key":"StoneCalendar"},{"floor":9,"key":"Matryoshka"},{"floor":10,"key":"Sundial"},{"floor":12,"key":"Gremlin Horn"}],"event_choices":[{"damage_healed":23,"gold_gain":0,"player_choice":"Banana","damage_taken":0,"max_hp_gain":0,"max_hp_loss":0,"event_name":"Big Fish","floor":11,"gold_loss":0},{"damage_healed":0,"gold_gain":0,"player_choice":"Grow","damage_taken":0,"max_hp_gain":0,"max_hp_loss":0,"event_name":"Living Wall","floor":14,"gold_loss":0,"cards_upgraded":["Fission"]},{"damage_healed":0,"gold_gain":0,"cards_transformed":["Strike_B","Strike_B"],"player_choice":"Became Test Subject","damage_taken":0,"max_hp_gain":0,"max_hp_loss":0,"event_name":"Drug Dealer","floor":19,"gold_loss":0,"cards_obtained":["Sweeping Beam","Chill"]},{"cards_removed":["Strike_B"],"damage_healed":0,"gold_gain":0,"player_choice":"Gave Gold","damage_taken":0,"max_hp_gain":0,"max_hp_loss":0,"event_name":"Beggar","floor":20,"gold_loss":75},{"damage_healed":0,"gold_gain":0,"player_choice":"Fight","damage_taken":0,"max_hp_gain":0,"max_hp_loss":0,"event_name":"Colosseum","floor":22,"gold_loss":0},{"damage_healed":0,"gold_gain":0,"player_choice":"Fled From Nobs","damage_taken":0,"max_hp_gain":0,"max_hp_loss":0,"event_name":"Colosseum","floor":22,"gold_loss":0}],"is_beta":false,"boss_relics":[{"not_picked":["Inserter","Coffee Dripper"],"picked":"Sozu"}],"items_purged_floors":[2],"is_endless":false,"potions_floor_spawned":[1,4,5,10,21],"killed_by":"Gremlin Leader","ascension_level":20}