{"gold_per_floor":[115,128,148,148,73,100,100,125,198,217,13,46,46,72,72,146,146,166,166,185,110,110,135,153,153,176,195,28,28,54,68,68,147,147,162,162,262,273,273,273,13,48,48,83,83,98,110,120,120,120,120,120,120,29,59,59],"floor_reached":56,"playtime":6274,"items_purged":["Strike_R","Strike_R"],"score":2296,"play_id":"3b1f6dc5-81be-4ab4-85e2-30467e04c959","local_time":"20190407154055","is_ascension_mode":true,"campfire_choices":[{"floor":7.0,"key":"REST"},{"data":"Armaments","floor":15.0,"key":"SMITH"},{"data":"1","floor":25.0,"key":"LIFT"},{"data":"2","floor":29.0,"key":"LIFT"},{"data":"3","floor":32.0,"key":"LIFT"},{"floor":40.0,"key":"RECALL"},{"floor":49.0,"key":"REST"},{"floor":53.0,"key":"REST"}],"neow_cost":"PERCENT_DAMAGE","seed_source_timestamp":0,"circlet_count":0,"master_deck":["AscendersBane","Strike_R","Defend_R","Defend_R","Defend_R","Defend_R","Bash","Thunderclap","Pommel Strike","Armaments+1","Fiend Fire","Battle Trance","Spot Weakness","PanicButton+1","Twin Strike","Sword Boomerang","Flame Barrier+1","Juggernaut","Disarm","Inflame","Feel No Pain","Warcry+1","Exhume+1","Flex+1","Good Instincts+1","Dark Shackles+1","Shrug It Off+1","Offering+1","True Grit+1","Demon Form","Warcry+1","PanicButton+1"],"special_seed":0,"relics":["Burning Blood","Incense Burner","FossilizedHelix","Orichalcum","Gremlin Horn","Bag of Preparation","Charon\u0027s Ashes","Runic Pyramid","MutagenicStrength","Girya","Dream Catcher","War Paint","Toxic Egg 2","Fusion Hammer","StoneCalendar","Oddly Smooth Stone","Pen Nib","Letter Opener","Happy Flower"],"potions_floor_usage":[],"damage_taken":[{"damage":14.0,"enemies":"Jaw Worm","floor":1.0,"turns":5.0},{"damage":1.0,"enemies":"Cultist","floor":2.0,"turns":3.0},{"damage":0.0,"enemies":"Small Slimes","floor":3.0,"turns":3.0},{"damage":31.0,"enemies":"Gremlin Nob","floor":6.0,"turns":4.0},{"damage":11.0,"enemies":"3 Sentries","floor":8.0,"turns":6.0},{"damage":0.0,"enemies":"2 Fungi Beasts","floor":10.0,"turns":3.0},{"damage":1.0,"enemies":"Lagavulin","floor":12.0,"turns":6.0},{"damage":0.0,"enemies":"Gremlin Nob","floor":14.0,"turns":3.0},{"damage":5.0,"enemies":"The Guardian","floor":16.0,"turns":11.0},{"damage":0.0,"enemies":"Chosen","floor":18.0,"turns":3.0},{"damage":0.0,"enemies":"Shell Parasite","floor":20.0,"turns":5.0},{"damage":0.0,"enemies":"Slavers","floor":23.0,"turns":5.0},{"damage":0.0,"enemies":"Cultist and Chosen","floor":24.0,"turns":3.0},{"damage":0.0,"enemies":"Chosen and Byrds","floor":27.0,"turns":4.0},{"damage":0.0,"enemies":"Gremlin Leader","floor":30.0,"turns":4.0},{"damage":8.0,"enemies":"Snake Plant","floor":31.0,"turns":3.0},{"damage":0.0,"enemies":"Collector","floor":33.0,"turns":3.0},{"damage":0.0,"enemies":"3 Darklings","floor":35.0,"turns":4.0},{"damage":0.0,"enemies":"Mind Bloom Boss Battle","floor":37.0,"turns":3.0},{"damage":0.0,"enemies":"3 Shapes","floor":38.0,"turns":3.0},{"damage":0.0,"enemies":"Giant Head","floor":42.0,"turns":6.0},{"damage":6.0,"enemies":"Nemesis","floor":44.0,"turns":3.0},{"damage":0.0,"enemies":"Maw","floor":46.0,"turns":6.0},{"damage":0.0,"enemies":"4 Shapes","floor":47.0,"turns":3.0},{"damage":0.0,"enemies":"3 Darklings","floor":48.0,"turns":3.0},{"damage":24.0,"enemies":"Awakened One","floor":50.0,"turns":10.0},{"damage":21.0,"enemies":"Donu and Deca","floor":51.0,"turns":7.0},{"damage":12.0,"enemies":"Shield and Spear","floor":55.0,"turns":6.0},{"damage":74,"enemies":"The Heart","floor":56,"turns":6}],"seed_played":"-2687914106396497557","potions_obtained":[{"floor":2.0,"key":"EssenceOfSteel"},{"floor":3.0,"key":"Explosive Potion"},{"floor":8.0,"key":"Poison Potion"},{"floor":12.0,"key":"Dexterity Potion"},{"floor":16.0,"key":"SmokeBomb"},{"floor":23.0,"key":"BloodPotion"},{"floor":24.0,"key":"Fire Potion"},{"floor":27.0,"key":"SteroidPotion"},{"floor":31.0,"key":"Explosive Potion"},{"floor":35.0,"key":"Block Potion"},{"floor":38.0,"key":"SteroidPotion"},{"floor":44.0,"key":"SteroidPotion"}],"is_trial":false,"path_per_floor":["M","M","M","?","$","E","R","E","T","M","$","E","?","E","R","B",null,"M","?","M","?","?","E","M","R","T","M","$","R","E","M","R","B",null,"M","?","?","M","?","R","$","E","T","E","?","M","M","M","R","B","B",null,"R","$","E","B"],"character_chosen":"IRONCLAD","items_purchased":["Fiend Fire","PanicButton","Twin Strike","War Paint","Oddly Smooth Stone","PanicButton+1"],"campfire_rested":3,"item_purchase_floors":[5,11,11,28,41,54],"current_hp_per_floor":[42,47,53,53,53,28,50,45,45,51,51,56,61,67,67,68,77,80,80,80,80,80,80,80,80,80,80,80,80,80,78,78,80,80,80,75,80,80,80,80,80,80,80,80,80,80,80,80,80,62,47,72,80,80,74,0],"gold":59,"neow_bonus":"ONE_RARE_RELIC","is_prod":false,"is_daily":false,"chose_seed":false,"campfire_upgraded":1,"win_rate":0,"timestamp":1554644455,"path_taken":["M","M","M","?","$","E","R","E","T","?","$","E","?","E","R","BOSS","M","?","M","?","?","E","?","R","T","M","$","R","E","M","R","BOSS","M","?","?","M","?","R","?","E","T","E","?","M","M","M","R","BOSS","BOSS","R","$","E","BOSS"],"build_version":"2019-01-23","purchased_purges":2,"victory":false,"max_hp_per_floor":[75,75,75,75,75,75,75,75,75,75,75,75,80,80,80,80,80,80,80,80,80,80,80,80,80,80,80,80,80,80,80,80,80,80,80,80,80,80,80,80,80,80,80,80,80,80,80,80,80,80,80,80,80,80,80,80],"card_choices":[{"not_picked":["Cleave","Clothesline"],"picked":"Thunderclap","floor":1.0},{"not_picked":["Cleave","Sentinel"],"picked":"Pommel Strike","floor":2.0},{"not_picked":["Clothesline","Flex"],"picked":"Armaments","floor":3.0},{"not_picked":["Rupture","Perfected Strike"],"picked":"Battle Trance","floor":6.0},{"not_picked":["Searing Blow","Warcry"],"picked":"Brutality","floor":8.0},{"not_picked":["Flame Barrier","Shrug It Off"],"picked":"Spot Weakness","floor":10.0},{"not_picked":["Headbutt","Dropkick"],"picked":"Sword Boomerang","floor":12.0},{"not_picked":["Rampage","Clothesline"],"picked":"Flame Barrier","floor":14.0},{"not_picked":["Demon Form","Double Tap"],"picked":"Juggernaut","floor":16.0},{"not_picked":["Thunderclap","Carnage"],"picked":"Disarm","floor":18.0},{"not_picked":["Body Slam+1","Power Through","Sever Soul"],"picked":"SKIP","floor":20.0},{"not_picked":["Headbutt","Uppercut"],"picked":"Inflame","floor":23.0},{"not_picked":["Shrug It Off","Clash","Infernal Blade"],"picked":"SKIP","floor":24.0},{"not_picked":["Headbutt","Thunderclap","Reckless Charge"],"picked":"SKIP","floor":27.0},{"not_picked":["Immolate","Clash"],"picked":"Feel No Pain","floor":30.0},{"not_picked":["Rage+1","Whirlwind"],"picked":"Warcry+1","floor":31.0},{"not_picked":["Dark Embrace","Demon Form"],"picked":"Exhume+1","floor":33.0},{"not_picked":["Wild Strike","Perfected Strike+1"],"picked":"Flex+1","floor":35.0},{"not_picked":["The Bomb+1","Flash of Steel"],"picked":"Good Instincts+1","floor":36.0},{"not_picked":["Good Instincts+1","Dramatic Entrance"],"picked":"Dark Shackles+1","floor":36.0},{"not_picked":["Wild Strike","Feel No Pain"],"picked":"Shrug It Off+1","floor":37.0},{"not_picked":["Carnage","Perfected Strike+1","Headbutt"],"picked":"SKIP","floor":38.0},{"not_picked":["Warcry+1","Sword Boomerang+1"],"picked":"Offering+1","floor":42.0},{"not_picked":["Ghostly Armor+1","Inflame","Clothesline"],"picked":"SKIP","floor":44.0},{"not_picked":["Dual Wield+1","Wild Strike"],"picked":"True Grit+1","floor":46.0},{"not_picked":["Armaments+1","Thunderclap","Cleave"],"picked":"SKIP","floor":47.0},{"not_picked":["Second Wind+1","Clothesline","Burning Pact+1"],"picked":"SKIP","floor":48.0},{"not_picked":["Dual Wield+1","Armaments+1"],"picked":"Demon Form","floor":49.0},{"not_picked":["Body Slam+1","Headbutt"],"picked":"Warcry+1","floor":53.0},{"not_picked":["Feel No Pain","Thunderclap","Sword Boomerang"],"picked":"SKIP","floor":55.0}],"player_experience":2422225,"relics_obtained":[{"floor":6.0,"key":"FossilizedHelix"},{"floor":8.0,"key":"Orichalcum"},{"floor":9.0,"key":"Gremlin Horn"},{"floor":12.0,"key":"Bag of Preparation"},{"floor":14.0,"key":"Charon\u0027s Ashes"},{"floor":23.0,"key":"Girya"},{"floor":26.0,"key":"Dream Catcher"},{"floor":30.0,"key":"Toxic Egg 2"},{"floor":37.0,"key":"StoneCalendar"},{"floor":42.0,"key":"Pen Nib"},{"floor":44.0,"key":"Letter Opener"},{"floor":55.0,"key":"Happy Flower"}],"event_choices":[{"cards_removed":["Strike_R"],"damage_healed":0.0,"max_hp_gain":0.0,"max_hp_loss":0.0,"gold_gain":0.0,"event_name":"Purifier","player_choice":"Purged","floor":4.0,"gold_loss":0.0,"damage_taken":0.0},{"damage_healed":0.0,"max_hp_gain":5.0,"max_hp_loss":0.0,"gold_gain":0.0,"event_name":"Big Fish","player_choice":"Donut","floor":13.0,"gold_loss":0.0,"damage_taken":0.0},{"damage_healed":0.0,"max_hp_gain":0.0,"max_hp_loss":0.0,"gold_gain":0.0,"event_name":"Vampires","player_choice":"Ignored","floor":19.0,"gold_loss":0.0,"damage_taken":0.0},{"cards_removed":["Brutality"],"damage_healed":0.0,"max_hp_gain":0.0,"max_hp_loss":0.0,"gold_gain":0.0,"event_name":"Beggar","player_choice":"Gave Gold","floor":21.0,"gold_loss":75.0,"damage_taken":0.0},{"damage_healed":0.0,"max_hp_gain":0.0,"max_hp_loss":0.0,"gold_gain":0.0,"event_name":"Drug Dealer","player_choice":"Inject Mutagens","floor":22.0,"gold_loss":0.0,"damage_taken":0.0,"relics_obtained":["MutagenicStrength"]},{"damage_healed":0.0,"max_hp_gain":0.0,"max_hp_loss":0.0,"gold_gain":0.0,"event_name":"SensoryStone","player_choice":"Memory 2","floor":36.0,"gold_loss":0.0,"damage_taken":5.0},{"damage_healed":0.0,"max_hp_gain":0.0,"max_hp_loss":0.0,"gold_gain":0.0,"event_name":"MindBloom","player_choice":"Fight","floor":37.0,"gold_loss":0.0,"damage_taken":0.0},{"damage_healed":0.0,"max_hp_gain":0.0,"max_hp_loss":0.0,"gold_gain":0.0,"event_name":"Tomb of Lord Red Mask","player_choice":"Ignored","floor":39.0,"gold_loss":0.0,"damage_taken":0.0},{"cards_removed":["Strike_R"],"damage_healed":0.0,"max_hp_gain":0.0,"max_hp_loss":0.0,"gold_gain":0.0,"event_name":"Purifier","player_choice":"Purged","floor":45.0,"gold_loss":0.0,"damage_taken":0.0}],"is_beta":false,"boss_relics":[{"not_picked":["Runic Dome","Tiny House"],"picked":"Runic Pyramid"},{"not_picked":["Calling Bell","Orrery"],"picked":"Fusion Hammer"}],"items_purged_floors":[11,41],"is_endless":false,"potions_floor_spawned":[2,3,8,12,16,23,24,27,31,35,38,44,47],"killed_by":"The Heart","ascension_level":20}