{"gold_per_floor":[118,134,134,148,162,162,197,220,306,318,346,377,389,413,425,536,548,576,124,124,135,135,135,147,176,203,7,7,18,118,134,134,134],"floor_reached":33,"playtime":3428,"items_purged":["Shame"],"score":271,"play_id":"1eaedbc2-bcf3-43c9-9e99-70e4d157865a","local_time":"20190523185302","is_ascension_mode":false,"campfire_choices":[{"data":"Perfected Strike","floor":6.0,"key":"SMITH"},{"floor":10.0,"key":"REST"},{"data":"Pommel Strike","floor":13.0,"key":"SMITH"},{"data":"Pommel Strike","floor":15.0,"key":"SMITH"},{"floor":23,"key":"REST"},{"floor":28,"key":"REST"},{"data":"Demon Form","floor":32,"key":"SMITH"}],"neow_cost":"","seed_source_timestamp":0,"circlet_count":0,"master_deck":["Strike_R+1","Strike_R","Strike_R+1","Strike_R","Strike_R","Defend_R","Defend_R","Defend_R","Defend_R","Bash","Perfected Strike+1","Pommel Strike+1","Bash","Seeing Red","Headbutt","Warcry","Pommel Strike+1","Flex","Power Through","Impervious","Whirlwind+1","Anger+1","Ghostly Armor+1","Twin Strike+1","Clash+1","Headbutt+1","Uppercut+1","Demon Form+1"],"special_seed":0,"relics":["Burning Blood","MawBank","Pantograph","Philosopher\u0027s Stone","Pen Nib","Molten Egg 2","StoneCalendar","Whetstone","Blood Vial","Torii","Ornamental Fan"],"potions_floor_usage":[30],"damage_taken":[{"damage":8.0,"enemies":"Cultist","floor":1.0,"turns":5.0},{"damage":8.0,"enemies":"Jaw Worm","floor":2.0,"turns":3.0},{"damage":6.0,"enemies":"2 Louse","floor":4.0,"turns":2.0},{"damage":9.0,"enemies":"Blue Slaver","floor":5.0,"turns":3.0},{"damage":44.0,"enemies":"3 Sentries","floor":7.0,"turns":9.0},{"damage":10.0,"enemies":"3 Louse","floor":8.0,"turns":3.0},{"damage":0.0,"enemies":"Large Slime","floor":11.0,"turns":3.0},{"damage":10.0,"enemies":"Exordium Thugs","floor":12.0,"turns":4.0},{"damage":9.0,"enemies":"Blue Slaver","floor":14.0,"turns":3.0},{"damage":61.0,"enemies":"The Guardian","floor":16.0,"turns":8.0},{"damage":41.0,"enemies":"3 Byrds","floor":18.0,"turns":6.0},{"damage":18,"enemies":"2 Thieves","floor":21,"turns":3},{"damage":4,"enemies":"Shelled Parasite and Fungi","floor":24,"turns":2},{"damage":29,"enemies":"Book of Stabbing","floor":25,"turns":5},{"damage":14,"enemies":"Snake Plant","floor":29,"turns":4},{"damage":9,"enemies":"Colosseum Slavers","floor":30,"turns":4},{"damage":30,"enemies":"Colosseum Nobs","floor":30,"turns":4},{"damage":0,"enemies":"3 Cultists","floor":31,"turns":3},{"damage":71,"enemies":"Champ","floor":33,"turns":7}],"seed_played":"8336508325772084594","potions_obtained":[{"floor":2.0,"key":"Energy Potion"},{"floor":5.0,"key":"Regen Potion"},{"floor":11.0,"key":"SkillPotion"},{"floor":30,"key":"Regen Potion"}],"is_trial":false,"path_per_floor":["M","M","?","M","M","R","E","M","T","R","M","M","R","M","R","B",null,"M","$","?","M","?","R","M","E","T","$","R","M","?","M","R","B"],"character_chosen":"IRONCLAD","items_purchased":["Pen Nib","Molten Egg 2","Clash+1","Blood Vial"],"campfire_rested":3,"item_purchase_floors":[19,19,27,27],"current_hp_per_floor":[78,76,76,76,73,73,35,31,31,55,61,57,57,54,54,24,80,45,45,30,18,18,43,45,22,22,22,47,41,30,38,38,0],"gold":134,"neow_bonus":"","is_prod":false,"is_daily":false,"chose_seed":false,"campfire_upgraded":4,"win_rate":0.0,"timestamp":1558651982,"path_taken":["M","M","?","M","M","R","E","?","T","R","M","M","R","M","R","BOSS","M","$","?","M","?","R","M","E","T","?","R","M","?","M","R","BOSS"],"build_version":"2019-01-23","purchased_purges":1,"victory":false,"max_hp_per_floor":[80,80,80,80,80,80,80,80,80,80,80,80,80,80,80,80,80,80,80,85,85,85,85,85,85,85,85,85,85,85,85,85,85],"card_choices":[{"not_picked":["Reckless Charge","Warcry"],"picked":"Perfected Strike","floor":1.0},{"not_picked":["Warcry","Cleave"],"picked":"Pommel Strike","floor":2.0},{"not_picked":["Body Slam","Headbutt","Thunderclap"],"picked":"SKIP","floor":4.0},{"not_picked":["True Grit","Thunderclap","Fiend Fire"],"picked":"SKIP","floor":5.0},{"not_picked":["Brutality","Thunderclap"],"picked":"Headbutt","floor":7.0},{"not_picked":["Headbutt","Clothesline"],"picked":"Warcry","floor":8.0},{"not_picked":["Dropkick","Sever Soul"],"picked":"Pommel Strike","floor":11.0},{"not_picked":["Sword Boomerang","Clothesline"],"picked":"Flex","floor":12.0},{"not_picked":["Dual Wield","Sword Boomerang"],"picked":"Power Through","floor":14.0},{"not_picked":["Offering","Demon Form"],"picked":"Impervious","floor":16.0},{"not_picked":["Sword Boomerang","Flex"],"picked":"Whirlwind+1","floor":18.0},{"not_picked":["Headbutt+1","Thunderclap+1"],"picked":"Anger+1","floor":21},{"not_picked":["Second Wind+1","Body Slam+1"],"picked":"Ghostly Armor+1","floor":24},{"not_picked":["Sword Boomerang+1","Headbutt+1"],"picked":"Twin Strike+1","floor":25},{"not_picked":["Rupture","Body Slam+1"],"picked":"Headbutt+1","floor":29},{"not_picked":["Armaments","Clothesline+1"],"picked":"Uppercut+1","floor":30},{"not_picked":["Cleave+1","Armaments"],"picked":"Demon Form","floor":31}],"player_experience":0,"relics_obtained":[{"floor":7.0,"key":"MawBank"},{"floor":9.0,"key":"Pantograph"},{"floor":25,"key":"StoneCalendar"},{"floor":26,"key":"Whetstone"},{"floor":30,"key":"Torii"},{"floor":30,"key":"Ornamental Fan"}],"event_choices":[{"damage_healed":0.0,"max_hp_gain":0.0,"max_hp_loss":0.0,"gold_gain":0.0,"event_name":"Match and Keep!","player_choice":"3 cards matched","floor":3.0,"gold_loss":0.0,"damage_taken":0.0,"cards_obtained":["Bash","Seeing Red","Shame"]},{"damage_healed":0.0,"max_hp_gain":0.0,"max_hp_loss":0.0,"gold_gain":0.0,"event_name":"Match and Keep!","player_choice":"3 cards matched","floor":3.0,"gold_loss":0.0,"damage_taken":0.0,"cards_obtained":["Bash","Seeing Red","Shame"]},{"damage_healed":0,"gold_gain":0,"player_choice":"Shed Blood","damage_taken":20,"max_hp_gain":5,"max_hp_loss":0,"event_name":"Forgotten Altar","floor":20,"gold_loss":0},{"damage_healed":0,"gold_gain":0,"player_choice":"Ignored","damage_taken":0,"max_hp_gain":0,"max_hp_loss":0,"event_name":"Vampires","floor":22,"gold_loss":0},{"damage_healed":0,"gold_gain":0,"player_choice":"Fight","damage_taken":0,"max_hp_gain":0,"max_hp_loss":0,"event_name":"Colosseum","floor":30,"gold_loss":0},{"damage_healed":0,"gold_gain":0,"player_choice":"Fought Nobs","damage_taken":0,"max_hp_gain":0,"max_hp_loss":0,"event_name":"Colosseum","floor":30,"gold_loss":0}],"is_beta":false,"boss_relics":[{"not_picked":["Calling Bell","Runic Cube"],"picked":"Philosopher\u0027s Stone"}],"items_purged_floors":[19],"is_endless":false,"potions_floor_spawned":[2,5,11,12,16,29,30],"killed_by":"Champ","ascension_level":0}