{"gold_per_floor":[113,124,140,150,150,150,180,191,241,241,267,286,286,302,302,376,376,396,396,409,409,423,423,455,472,472,472],"floor_reached":27,"playtime":1273,"items_purged":[],"score":469,"play_id":"a8e01442-3c47-484b-b8da-b7c32078aed1","local_time":"20190422022441","is_ascension_mode":true,"campfire_choices":[{"data":"Zap","floor":6,"key":"SMITH"},{"data":"Dualcast","floor":10,"key":"SMITH"},{"data":"Loop","floor":13,"key":"SMITH"},{"floor":15,"key":"REST"},{"floor":23,"key":"REST"}],"neow_cost":"NONE","seed_source_timestamp":47491809203018,"circlet_count":0,"master_deck":["AscendersBane","Strike_B+1","Strike_B+1","Defend_B+1","Defend_B+1","Defend_B+1","Defend_B+1","Zap+1","Dualcast+1","Streamline","FTL","BootSequence","Conserve Battery","Go for the Eyes","Loop+1","Core Surge","Steam+1","Redo+1","Reboot+1","Tempest+1","Self Repair","Hologram+1","Leap+1"],"relics":["Cracked Core","PreservedInsect","Omamori","Toxic Egg 2","Sozu","Art of War","Dodecahedron"],"potions_floor_usage":[7,16,16,16,18],"damage_taken":[{"damage":0,"enemies":"Jaw Worm","floor":1,"turns":3},{"damage":0,"enemies":"Cultist","floor":2,"turns":2},{"damage":0,"enemies":"Small Slimes","floor":3,"turns":3},{"damage":0,"enemies":"3 Louse","floor":4,"turns":3},{"damage":18,"enemies":"Lagavulin","floor":7,"turns":6},{"damage":9,"enemies":"Exordium Wildlife","floor":8,"turns":5},{"damage":9,"enemies":"Gremlin Nob","floor":11,"turns":3},{"damage":0,"enemies":"Looter","floor":12,"turns":3},{"damage":6,"enemies":"3 Louse","floor":14,"turns":3},{"damage":32,"enemies":"Hexaghost","floor":16,"turns":13},{"damage":37,"enemies":"3 Byrds","floor":18,"turns":5},{"damage":0,"enemies":"Spheric Guardian","floor":20,"turns":3},{"damage":20,"enemies":"3 Cultists","floor":22,"turns":6},{"damage":14,"enemies":"Book of Stabbing","floor":24,"turns":4},{"damage":13,"enemies":"Sentry and Sphere","floor":25,"turns":5},{"damage":28,"enemies":"Slavers","floor":27,"turns":4}],"seed_played":"-3904642717440416867","potions_obtained":[{"floor":1,"key":"Block Potion"},{"floor":2,"key":"Energy Potion"},{"floor":7,"key":"SteroidPotion"},{"floor":8,"key":"EntropicBrew"},{"floor":11,"key":"EssenceOfSteel"}],"is_trial":false,"path_per_floor":["M","M","M","M","?","R","E","M","T","R","E","M","R","M","R","B",null,"M","?","M","?","M","R","E","M","T","E"],"character_chosen":"DEFECT","items_purchased":[],"campfire_rested":2,"item_purchase_floors":[],"current_hp_per_floor":[64,64,64,64,64,64,46,37,37,37,28,28,28,22,43,11,56,33,33,33,33,20,41,34,28,28,0],"gold":472,"neow_bonus":"TRANSFORM_CARD","is_prod":false,"is_daily":false,"chose_seed":false,"campfire_upgraded":3,"win_rate":0,"timestamp":1555925081,"path_taken":["M","M","M","M","?","R","E","M","T","R","E","?","R","M","R","BOSS","M","?","M","?","M","R","E","M","T","E"],"build_version":"2019-01-23","purchased_purges":0,"victory":false,"max_hp_per_floor":[71,71,71,71,71,71,71,71,71,71,71,71,71,71,71,71,71,71,71,71,71,71,71,71,71,71,71],"card_choices":[{"not_picked":["Skim","Barrage"],"picked":"FTL","floor":1},{"not_picked":["Gash","Cold Snap"],"picked":"BootSequence","floor":2},{"not_picked":["Leap","Creative AI"],"picked":"Conserve Battery","floor":3},{"not_picked":["Beam Cell","Steam"],"picked":"Go for the Eyes","floor":4},{"not_picked":["Barrage","Steam"],"picked":"Loop","floor":7},{"not_picked":["Streamline","Loop"],"picked":"Core Surge","floor":8},{"not_picked":["Rebound","Storm"],"picked":"Steam","floor":11},{"not_picked":["Compile Driver","Streamline"],"picked":"Redo+1","floor":12},{"not_picked":["Blizzard","Ball Lightning","Beam Cell"],"picked":"SKIP","floor":14},{"not_picked":["Hyperbeam","Fission+1"],"picked":"Reboot+1","floor":16},{"not_picked":["Go for the Eyes","Barrage"],"picked":"Tempest+1","floor":18},{"not_picked":["Fusion+1","BootSequence+1"],"picked":"Self Repair","floor":20},{"not_picked":["Double Energy+1","Barrage"],"picked":"Hologram+1","floor":22},{"not_picked":["Capacitor","Hello World"],"picked":"Leap+1","floor":24},{"not_picked":["Sweeping Beam","Compile Driver","Blizzard"],"picked":"SKIP","floor":25}],"player_experience":741222,"relics_obtained":[{"floor":7,"key":"PreservedInsect"},{"floor":9,"key":"Omamori"},{"floor":11,"key":"Toxic Egg 2"},{"floor":24,"key":"Art of War"},{"floor":26,"key":"Dodecahedron"}],"event_choices":[{"cards_removed":["Strike_B"],"damage_healed":0,"gold_gain":0,"player_choice":"Purged","damage_taken":0,"max_hp_gain":0,"max_hp_loss":0,"event_name":"Purifier","floor":5,"gold_loss":0},{"damage_healed":0,"gold_gain":0,"player_choice":"Simplicity","damage_taken":0,"max_hp_gain":0,"max_hp_loss":0,"event_name":"Back to Basics","floor":19,"gold_loss":0,"cards_upgraded":["Strike_B","Strike_B","Defend_B","Defend_B","Defend_B","Defend_B"]},{"damage_healed":0,"gold_gain":0,"player_choice":"Ignored","damage_taken":0,"max_hp_gain":0,"max_hp_loss":0,"event_name":"Vampires","floor":21,"gold_loss":0}],"is_beta":false,"boss_relics":[{"not_picked":["White Beast Statue","Runic Pyramid"],"picked":"Sozu"}],"items_purged_floors":[],"is_endless":false,"potions_floor_spawned":[1,2,7,8,11,18,22,24],"killed_by":"Slavers","ascension_level":18}