{"gold_per_floor":[117,117,37,37,48,77,77,106,106,106,118,118,136,169,169,260,260,283,283,558,105,119,119,153,173,196,219,260,260,284,325,325,420,420,445,445,93,109,125,125,166,184,184,225,225,162,162,162,162,162,162],"floor_reached":51,"playtime":6212,"items_purged":["Regret","Pain"],"score":1712,"play_id":"6c7dcceb-5d99-4339-8010-3a6e8d713b78","local_time":"20190124220602","is_ascension_mode":true,"campfire_choices":[{"data":"Zap","floor":7.0,"key":"SMITH"},{"floor":10.0,"key":"REST"},{"data":"Coolheaded","floor":15.0,"key":"SMITH"},{"data":"Go for the Eyes","floor":23.0,"key":"SMITH"},{"data":"Streamline","floor":29.0,"key":"PURGE"},{"floor":32,"key":"REST"},{"floor":40,"key":"RECALL"},{"data":"Buffer","floor":47,"key":"SMITH"},{"data":"Beam Cell","floor":49,"key":"SMITH"}],"neow_cost":"NONE","seed_source_timestamp":116846914296,"circlet_count":0,"master_deck":["AscendersBane","Zap+1","Dualcast+1","Ball Lightning","Coolheaded+1","Go for the Eyes+1","Gash","Gash","Undo+1","Gash","Gash","Electrodynamics","Capacitor","Force Field+1","Conserve Battery+1","Hologram+1","Hologram+1","Self Repair","Turbo+1","Coolheaded+1","Glacier+1","Recycle+1","Stack+1","Beam Cell+1","Scrape","Coolheaded+1","All For One","Hologram+1","Turbo+1","Coolheaded+1","Buffer+1","Hologram+1","Coolheaded+1"],"special_seed":0,"relics":["Cracked Core","NeowsBlessing","Peace Pipe","Centennial Puzzle","Toxic Egg 2","Bird Faced Urn","Golden Idol","The Courier","Pandora\u0027s Box","Orichalcum","Meat on the Bone","Boot","War Paint","Sundial","Question Card","Eternal Feather","WarpedTongs","Ginger","Dodecahedron","Bag of Preparation"],"potions_floor_usage":[31,33,39,41,41,50,51],"damage_taken":[{"damage":0.0,"enemies":"Jaw Worm","floor":1.0,"turns":1.0},{"damage":0.0,"enemies":"Small Slimes","floor":5.0,"turns":1.0},{"damage":0.0,"enemies":"3 Sentries","floor":6.0,"turns":1.0},{"damage":25.0,"enemies":"Gremlin Nob","floor":8.0,"turns":4.0},{"damage":1.0,"enemies":"2 Louse","floor":11.0,"turns":2.0},{"damage":0.0,"enemies":"Looter","floor":13.0,"turns":2.0},{"damage":9.0,"enemies":"3 Sentries","floor":14.0,"turns":6.0},{"damage":2.0,"enemies":"Slime Boss","floor":16.0,"turns":7.0},{"damage":16.0,"enemies":"Shell Parasite","floor":18.0,"turns":5.0},{"damage":1.0,"enemies":"Chosen","floor":22.0,"turns":6.0},{"damage":33.0,"enemies":"Slavers","floor":24.0,"turns":8.0},{"damage":8.0,"enemies":"Shelled Parasite and Fungi","floor":25.0,"turns":7.0},{"damage":2.0,"enemies":"Sentry and Sphere","floor":27.0,"turns":5.0},{"damage":5.0,"enemies":"Book of Stabbing","floor":28.0,"turns":5.0},{"damage":13.0,"enemies":"Cultist and Chosen","floor":30.0,"turns":7.0},{"damage":33,"enemies":"Slavers","floor":31,"turns":5},{"damage":15,"enemies":"Automaton","floor":33,"turns":8},{"damage":0,"enemies":"Orb Walker","floor":35,"turns":3},{"damage":12,"enemies":"3 Darklings","floor":38,"turns":4},{"damage":1,"enemies":"4 Shapes","floor":39,"turns":3},{"damage":0,"enemies":"Giant Head","floor":41,"turns":4},{"damage":0,"enemies":"Writhing Mass","floor":42,"turns":4},{"damage":57,"enemies":"Reptomancer","floor":44,"turns":4},{"damage":21,"enemies":"Awakened One","floor":50,"turns":10},{"damage":76,"enemies":"Time Eater","floor":51,"turns":10}],"seed_played":"7479341772468029220","potions_obtained":[{"floor":5.0,"key":"EssenceOfSteel"},{"floor":6.0,"key":"Weak Potion"},{"floor":16.0,"key":"Strength Potion"},{"floor":24.0,"key":"SpeedPotion"},{"floor":27.0,"key":"EssenceOfSteel"},{"floor":30.0,"key":"Regen Potion"},{"floor":31,"key":"Strength Potion"},{"floor":35,"key":"SkillPotion"},{"floor":38,"key":"Poison Potion"},{"floor":39,"key":"Swift Potion"},{"floor":44,"key":"Dexterity Potion"}],"is_trial":false,"path_per_floor":["M","?","$","?","M","E","R","E","T","R","M","?","M","E","R","B",null,"M","?","?","$","M","R","E","M","T","M","E","R","M","E","R","B",null,"M","?","$","M","M","R","E","M","T","E","?","$","R","?","R","B","B"],"character_chosen":"DEFECT","items_purchased":["Ball Lightning","Coolheaded","Glacier+1","Orichalcum","Meat on the Bone","Ginger","Coolheaded+1","Energy Potion"],"campfire_rested":2,"item_purchase_floors":[3,3,21,21,21,37,46,46],"current_hp_per_floor":[64,38,38,61,61,61,61,36,36,57,56,56,56,47,47,45,59,56,56,56,56,64,64,35,40,40,51,50,50,50,44,63,49,60,62,62,62,64,64,64,64,64,64,30,30,30,48,48,64,56,0],"gold":162,"neow_bonus":"THREE_ENEMY_KILL","is_prod":false,"is_daily":false,"chose_seed":false,"campfire_upgraded":5,"win_rate":0,"timestamp":1548363962,"path_taken":["M","?","$","?","M","E","R","E","T","R","M","?","M","E","R","BOSS","M","?","?","$","?","R","E","M","T","M","E","R","M","E","R","BOSS","M","?","$","?","M","R","E","M","T","E","?","$","R","?","R","BOSS","BOSS"],"build_version":"2019-01-23","purchased_purges":2,"victory":false,"max_hp_per_floor":[71,71,71,71,71,71,71,71,71,71,71,64,64,64,64,64,64,64,64,64,64,64,64,64,64,64,64,64,64,64,64,64,64,64,64,64,64,64,64,64,64,64,64,64,64,64,64,64,64,64,64],"card_choices":[{"not_picked":["Go for the Eyes","Sweeping Beam"],"picked":"Streamline","floor":1.0},{"not_picked":["Leap","Loop"],"picked":"Go for the Eyes","floor":5.0},{"not_picked":["Rebound","Cold Snap"],"picked":"Gash","floor":6.0},{"not_picked":["Steam Power","Melter"],"picked":"Gash","floor":8.0},{"not_picked":["Skim+1","Redo+1"],"picked":"Undo+1","floor":11.0},{"not_picked":["Rainbow+1","Ball Lightning"],"picked":"Gash","floor":13.0},{"not_picked":["Sweeping Beam","Rainbow+1"],"picked":"Gash","floor":14.0},{"not_picked":["Seek+1","Buffer"],"picked":"Electrodynamics","floor":16.0},{"not_picked":["Compile Driver","Redo+1"],"picked":"Coolheaded+1","floor":18.0},{"not_picked":["Ball Lightning","Force Field+1"],"picked":"Recycle+1","floor":22.0},{"not_picked":["Conserve Battery+1","Compile Driver","Go for the Eyes"],"picked":"SKIP","floor":24.0},{"not_picked":["Barrage","Go for the Eyes","Hello World+1"],"picked":"SKIP","floor":25.0},{"not_picked":["Go for the Eyes","Barrage"],"picked":"Stack+1","floor":27.0},{"not_picked":["Rebound","Auto Shields+1"],"picked":"Beam Cell","floor":28.0},{"not_picked":["Rebound","Storm"],"picked":"Scrape","floor":30.0},{"not_picked":["Skim+1","Thunder Strike"],"picked":"Coolheaded+1","floor":31},{"not_picked":["Meteor Strike","Multi-Cast+1","Reboot+1"],"picked":"All For One","floor":33},{"not_picked":["Go for the Eyes","Steam+1","Ball Lightning"],"picked":"Hologram+1","floor":35},{"not_picked":["Rebound","Loop","Hologram+1"],"picked":"Turbo+1","floor":38},{"not_picked":["Storm","Cold Snap","Conserve Battery+1"],"picked":"Coolheaded+1","floor":39},{"not_picked":["Chill+1","Coolheaded+1","Loop+1","Aggregate+1"],"picked":"SKIP","floor":41},{"not_picked":["Redo+1","Chill+1","Beam Cell+1"],"picked":"Buffer","floor":42},{"not_picked":["Aggregate+1","Scrape","Electrodynamics"],"picked":"Hologram+1","floor":44}],"player_experience":1582584,"relics_obtained":[{"floor":6.0,"key":"Centennial Puzzle"},{"floor":8.0,"key":"Toxic Egg 2"},{"floor":9.0,"key":"Bird Faced Urn"},{"floor":14.0,"key":"The Courier"},{"floor":24.0,"key":"Boot"},{"floor":26.0,"key":"War Paint"},{"floor":28.0,"key":"Sundial"},{"floor":31,"key":"Question Card"},{"floor":41,"key":"Dodecahedron"},{"floor":44,"key":"Bag of Preparation"}],"event_choices":[{"damage_healed":0.0,"max_hp_gain":0.0,"max_hp_loss":0.0,"gold_gain":0.0,"event_name":"Scrap Ooze","player_choice":"Success","floor":2.0,"gold_loss":0.0,"damage_taken":26.0,"relics_obtained":["Peace Pipe"]},{"damage_healed":23.0,"max_hp_gain":0.0,"max_hp_loss":0.0,"gold_gain":0.0,"event_name":"Big Fish","player_choice":"Banana","floor":4.0,"gold_loss":0.0,"damage_taken":0.0},{"damage_healed":0.0,"max_hp_gain":0.0,"max_hp_loss":7.0,"gold_gain":0.0,"event_name":"Golden Idol","player_choice":"Lose Max HP","floor":12.0,"gold_loss":0.0,"damage_taken":0.0,"relics_obtained":["Golden Idol"]},{"damage_healed":0.0,"max_hp_gain":0.0,"max_hp_loss":0.0,"gold_gain":0.0,"event_name":"Vampires","player_choice":"Ignored","floor":19.0,"gold_loss":0.0,"damage_taken":0.0},{"damage_healed":0.0,"max_hp_gain":0.0,"max_hp_loss":0.0,"gold_gain":275.0,"event_name":"Golden Shrine","player_choice":"Desecrate","floor":20.0,"gold_loss":0.0,"damage_taken":0.0,"cards_obtained":["Regret"]},{"damage_healed":0,"gold_gain":0,"player_choice":"Rummage","damage_taken":0,"relics_obtained":["WarpedTongs"],"max_hp_gain":0,"max_hp_loss":0,"event_name":"Accursed Blacksmith","floor":36,"gold_loss":0,"cards_obtained":["Pain"]},{"cards_removed":["Blizzard"],"damage_healed":0,"gold_gain":0,"player_choice":"Removed Attack","damage_taken":0,"max_hp_gain":0,"max_hp_loss":0,"event_name":"Falling","floor":45,"gold_loss":0},{"damage_healed":0,"gold_gain":0,"player_choice":"Memory 1","damage_taken":0,"max_hp_gain":0,"max_hp_loss":0,"event_name":"SensoryStone","floor":48,"gold_loss":0}],"is_beta":false,"boss_relics":[{"not_picked":["Nuclear Battery","Runic Dome"],"picked":"Pandora\u0027s Box"},{"not_picked":["Philosopher\u0027s Stone","White Beast Statue"],"picked":"Eternal Feather"}],"items_purged_floors":[21,37],"is_endless":false,"potions_floor_spawned":[5,6,13,16,24,27,30,31,35,38,39,44],"killed_by":"Time Eater","ascension_level":20}