{"gold_per_floor":[113,128,108,124,136,165,178,178,201,227,14,28,59,72,72,147,147,87,87,12,12,12,12,12,12,12,12,12,12,12,12,12,12,12,12,12,12,0,0,0,0,0,0,0,0,0,0,0,0,0],"floor_reached":50,"playtime":9656,"items_purged":["Strike_B"],"score":1282,"play_id":"411c5f43-8e49-4819-a0ec-6874235c5680","local_time":"20190302203820","is_ascension_mode":true,"campfire_choices":[{"floor":8,"key":"REST"},{"data":"Zap","floor":15,"key":"SMITH"},{"floor":24,"key":"REST"},{"data":"Defragment","floor":27,"key":"SMITH"},{"floor":32,"key":"REST"},{"data":"Coolheaded","floor":40,"key":"SMITH"},{"data":"Buffer","floor":46,"key":"SMITH"},{"floor":49,"key":"RECALL"}],"neow_cost":"NONE","seed_source_timestamp":937611425793726,"circlet_count":0,"master_deck":["AscendersBane","Strike_B+1","Strike_B+1","Strike_B+1","Defend_B+1","Defend_B+1","Defend_B+1","Defend_B+1","Zap+1","Dualcast","Impatience","Loop","Defragment+1","Tempest","Melter","Cold Snap","Coolheaded","Ball Lightning","Capacitor","Biased Cognition","Seek","Cold Snap","Coolheaded+1","Buffer+1","Biased Cognition","Recycle+1","Self Repair+1","Coolheaded+1","Ball Lightning+1","Turbo+1"],"relics":["Cracked Core","Bag of Preparation","DataDisk","Oddly Smooth Stone","Lee\u0027s Waffle","Regal Pillow","Ectoplasm","Bronze Scales","Blood Vial","Symbiotic Virus","Question Card","Runic Pyramid","Red Mask","Lantern","Potion Belt"],"potions_floor_usage":[10,16,23,33,44,45],"damage_taken":[{"damage":14,"enemies":"Jaw Worm","floor":1,"turns":4},{"damage":1,"enemies":"Cultist","floor":2,"turns":4},{"damage":5,"enemies":"2 Louse","floor":4,"turns":4},{"damage":0,"enemies":"Large Slime","floor":5,"turns":4},{"damage":30,"enemies":"Lagavulin","floor":6,"turns":5},{"damage":11,"enemies":"3 Louse","floor":7,"turns":4},{"damage":19,"enemies":"3 Sentries","floor":10,"turns":9},{"damage":11,"enemies":"Exordium Thugs","floor":12,"turns":4},{"damage":8,"enemies":"Gremlin Nob","floor":13,"turns":3},{"damage":9,"enemies":"2 Fungi Beasts","floor":14,"turns":3},{"damage":0,"enemies":"Slime Boss","floor":16,"turns":5},{"damage":14,"enemies":"2 Thieves","floor":18,"turns":3},{"damage":11,"enemies":"Shell Parasite","floor":21,"turns":4},{"damage":0,"enemies":"Sentry and Sphere","floor":22,"turns":3},{"damage":42,"enemies":"Gremlin Leader","floor":23,"turns":7},{"damage":7,"enemies":"Book of Stabbing","floor":25,"turns":4},{"damage":9,"enemies":"Snake Plant","floor":31,"turns":3},{"damage":22,"enemies":"Automaton","floor":33,"turns":8},{"damage":6,"enemies":"3 Darklings","floor":35,"turns":5},{"damage":11,"enemies":"3 Shapes","floor":36,"turns":3},{"damage":1,"enemies":"Writhing Mass","floor":37,"turns":5},{"damage":0,"enemies":"Nemesis","floor":41,"turns":9},{"damage":3,"enemies":"Jaw Worm Horde","floor":42,"turns":4},{"damage":1,"enemies":"Spire Growth","floor":44,"turns":4},{"damage":25,"enemies":"Reptomancer","floor":45,"turns":6},{"damage":0,"enemies":"4 Shapes","floor":47,"turns":5},{"damage":0,"enemies":"Sphere and 2 Shapes","floor":48,"turns":3},{"damage":87,"enemies":"Awakened One","floor":50,"turns":5}],"seed_played":"-5441030410088543389","potions_obtained":[{"floor":2,"key":"FocusPotion"},{"floor":3,"key":"SpeedPotion"},{"floor":12,"key":"Ancient Potion"},{"floor":14,"key":"AttackPotion"},{"floor":23,"key":"FairyPotion"},{"floor":31,"key":"PowerPotion"},{"floor":33,"key":"GamblersBrew"},{"floor":41,"key":"AttackPotion"},{"floor":45,"key":"GamblersBrew"}],"is_trial":false,"path_per_floor":["M","M","?","M","M","E","M","R","T","E","$","M","E","M","R","B",null,"M","?","$","M","M","E","R","E","T","R","?","?","$","M","R","B",null,"M","M","M","?","?","R","E","M","T","M","E","R","M","M","R","B"],"character_chosen":"DEFECT","items_purchased":["Lee\u0027s Waffle"],"campfire_rested":3,"item_purchase_floors":[11],"current_hp_per_floor":[50,49,49,44,44,14,3,24,24,5,78,67,59,50,50,50,71,57,57,57,46,46,4,42,35,35,35,35,35,35,28,66,46,70,66,57,58,58,58,58,70,78,78,77,63,63,75,77,77,0],"gold":0,"neow_bonus":"RANDOM_COLORLESS","is_prod":false,"is_daily":false,"chose_seed":false,"campfire_upgraded":4,"win_rate":0,"timestamp":1551555500,"path_taken":["M","M","?","?","M","E","M","R","T","E","$","M","E","M","R","BOSS","M","?","$","M","M","E","R","E","T","R","?","?","$","M","R","BOSS","M","M","M","?","?","R","E","?","T","M","E","R","M","M","R","BOSS"],"build_version":"2019-01-23","purchased_purges":1,"victory":false,"max_hp_per_floor":[71,71,71,71,71,71,71,71,71,71,78,78,78,78,78,78,78,78,78,78,78,78,78,78,78,78,78,78,78,78,78,78,78,78,78,78,78,78,78,78,78,78,78,78,78,78,78,78,78,78],"card_choices":[{"not_picked":["Barrage","BootSequence"],"picked":"Loop","floor":1},{"not_picked":["Cold Snap","Hello World"],"picked":"Defragment","floor":2},{"not_picked":["Rebound","Steam Power"],"picked":"Tempest","floor":4},{"not_picked":["Chaos","Compile Driver"],"picked":"Melter","floor":5},{"not_picked":["Stack","Double Energy"],"picked":"Cold Snap","floor":6},{"not_picked":["Double Energy","BootSequence"],"picked":"Coolheaded","floor":7},{"not_picked":["Compile Driver","Turbo","Chaos"],"picked":"SKIP","floor":10},{"not_picked":["Streamline","Coolheaded"],"picked":"Ball Lightning","floor":12},{"not_picked":["Fusion","Ball Lightning"],"picked":"Capacitor","floor":13},{"not_picked":["Fusion","Coolheaded"],"picked":"Biased Cognition","floor":14},{"not_picked":["Rainbow","Hyperbeam"],"picked":"Seek","floor":16},{"not_picked":["Steam","Hello World"],"picked":"Cold Snap","floor":18},{"not_picked":["Compile Driver","Stack"],"picked":"Coolheaded","floor":21},{"not_picked":["Redo","Barrage","Coolheaded"],"picked":"SKIP","floor":22},{"not_picked":["Conserve Battery","Sweeping Beam","Heatsinks"],"picked":"SKIP","floor":23},{"not_picked":["Double Energy","Go for the Eyes"],"picked":"Buffer","floor":25},{"not_picked":["Streamline","Sweeping Beam","Conserve Battery","Stack"],"picked":"SKIP","floor":31},{"not_picked":["Amplify","Seek","Buffer"],"picked":"Biased Cognition","floor":33},{"not_picked":["Coolheaded","Conserve Battery+1","Hello World"],"picked":"Recycle+1","floor":35},{"not_picked":["Darkness","Steam","Leap","Melter"],"picked":"SKIP","floor":36},{"not_picked":["Steam","Coolheaded","Aggregate+1"],"picked":"Self Repair+1","floor":37},{"not_picked":["Steam+1","Reinforced Body","Lockon"],"picked":"Coolheaded+1","floor":41},{"not_picked":["Rainbow","Self Repair+1","Hello World"],"picked":"Ball Lightning+1","floor":42},{"not_picked":["Compile Driver","Ball Lightning","Sweeping Beam"],"picked":"Turbo+1","floor":44},{"not_picked":["Rebound+1","Heatsinks","Chaos+1","Steam"],"picked":"SKIP","floor":45},{"not_picked":["Fusion","Redo","Melter+1","Beam Cell"],"picked":"SKIP","floor":47},{"not_picked":["Sweeping Beam+1","Coolheaded+1","Conserve Battery+1","Loop"],"picked":"SKIP","floor":48}],"player_experience":1858093,"relics_obtained":[{"floor":6,"key":"Bag of Preparation"},{"floor":9,"key":"DataDisk"},{"floor":10,"key":"Oddly Smooth Stone"},{"floor":13,"key":"Regal Pillow"},{"floor":23,"key":"Bronze Scales"},{"floor":25,"key":"Blood Vial"},{"floor":26,"key":"Symbiotic Virus"},{"floor":41,"key":"Lantern"},{"floor":45,"key":"Potion Belt"}],"event_choices":[{"damage_healed":0,"gold_gain":0,"player_choice":"Bought 1 Potion","damage_taken":0,"max_hp_gain":0,"max_hp_loss":0,"event_name":"The Woman in Blue","floor":3,"gold_loss":0},{"damage_healed":0,"gold_gain":0,"player_choice":"Ignored","damage_taken":0,"max_hp_gain":0,"max_hp_loss":0,"event_name":"Vampires","floor":19,"gold_loss":0},{"damage_healed":0,"gold_gain":0,"player_choice":"Simplicity","damage_taken":0,"max_hp_gain":0,"max_hp_loss":0,"event_name":"Back to Basics","floor":28,"gold_loss":0,"cards_upgraded":["Strike_B","Strike_B","Strike_B","Defend_B","Defend_B","Defend_B","Defend_B"]},{"damage_healed":0,"gold_gain":0,"player_choice":"Gave Potion","damage_taken":0,"relics_obtained":["Question Card"],"max_hp_gain":0,"max_hp_loss":0,"event_name":"WeMeetAgain","floor":29,"gold_loss":0},{"damage_healed":0,"gold_gain":0,"player_choice":"Paid","damage_taken":0,"relics_obtained":["Red Mask"],"max_hp_gain":0,"max_hp_loss":0,"event_name":"Tomb of Lord Red Mask","floor":38,"gold_loss":12},{"damage_healed":0,"gold_gain":0,"player_choice":"0 cards matched","damage_taken":0,"max_hp_gain":0,"max_hp_loss":0,"event_name":"Match and Keep!","floor":39,"gold_loss":0,"cards_obtained":[]}],"is_beta":false,"boss_relics":[{"not_picked":["Busted Crown","Inserter"],"picked":"Ectoplasm"},{"not_picked":["Empty Cage","Astrolabe"],"picked":"Runic Pyramid"}],"items_purged_floors":[20],"is_endless":false,"potions_floor_spawned":[2,4,5,7,12,14,23,31,33,41,42,45],"killed_by":"Awakened One","ascension_level":20}