{"gold_per_floor":[112,122,22,35,47,72,72,104,104,104,139,139,45,59,59,136,136,155,155,77,131,131,131,161,161,191,201,236,96,112,145,145,145],"floor_reached":33,"playtime":2266,"items_purged":["Defend_R","Strike_R"],"score":692,"play_id":"735fbbd2-f8e2-498f-b044-2bfe5ad1805b","local_time":"20190302150218","is_ascension_mode":true,"campfire_choices":[{"data":"Immolate","floor":7,"key":"SMITH"},{"floor":10,"key":"REST"},{"data":"Armaments","floor":15,"key":"SMITH"},{"data":"Double Tap","floor":23,"key":"SMITH"},{"floor":32,"key":"REST"}],"neow_cost":"NONE","seed_source_timestamp":924844410613132,"circlet_count":0,"master_deck":["AscendersBane","Strike_R","Strike_R","Strike_R","Strike_R","Defend_R","Defend_R","Defend_R","Bash","Double Tap+1","Twin Strike","Twin Strike","Shrug It Off","Headbutt","Combust","Immolate+1","True Grit","Armaments+1","Ghostly Armor","Burning Pact","Bludgeon","Thunderclap","Flame Barrier","Pain","Flame Barrier","Clothesline","Spot Weakness","Seeing Red"],"relics":["Burning Blood","Potion Belt","StoneCalendar","Unceasing Top","Self Forming Clay","Snecko Eye","Happy Flower","Nunchaku","WarpedTongs","Tiny Chest","Meat on the Bone","Juzu Bracelet"],"potions_floor_usage":[5,16,24,24,30,31,33],"damage_taken":[{"damage":9,"enemies":"Jaw Worm","floor":1,"turns":4},{"damage":1,"enemies":"Cultist","floor":2,"turns":3},{"damage":2,"enemies":"Small Slimes","floor":4,"turns":3},{"damage":16,"enemies":"Gremlin Gang","floor":5,"turns":4},{"damage":32,"enemies":"Gremlin Nob","floor":6,"turns":4},{"damage":13,"enemies":"3 Sentries","floor":8,"turns":3},{"damage":30,"enemies":"Lagavulin","floor":11,"turns":6},{"damage":3,"enemies":"Large Slime","floor":14,"turns":4},{"damage":12,"enemies":"The Guardian","floor":16,"turns":12},{"damage":0,"enemies":"Spheric Guardian","floor":18,"turns":1},{"damage":5,"enemies":"Gremlin Leader","floor":24,"turns":4},{"damage":5,"enemies":"Chosen","floor":27,"turns":3},{"damage":11,"enemies":"Book of Stabbing","floor":28,"turns":3},{"damage":19,"enemies":"Shelled Parasite and Fungi","floor":30,"turns":5},{"damage":6,"enemies":"Gremlin Leader","floor":31,"turns":5},{"damage":93,"enemies":"Champ","floor":33,"turns":10}],"seed_played":"5308950831417804698","potions_obtained":[{"floor":1,"key":"Energy Potion"},{"floor":6,"key":"Poison Potion"},{"floor":11,"key":"Block Potion"},{"floor":12,"key":"SpeedPotion"},{"floor":12,"key":"PowerPotion"},{"floor":18,"key":"SteroidPotion"},{"floor":27,"key":"Fire Potion"}],"is_trial":false,"path_per_floor":["M","M","$","M","M","E","R","E","T","R","E","?","$","M","R","B",null,"M","?","$","T","$","R","E","?","T","M","E","$","M","E","R","B"],"character_chosen":"IRONCLAD","items_purchased":["Shrug It Off","Armaments","Ghostly Armor","Flame Barrier","Spot Weakness"],"campfire_rested":2,"item_purchase_floors":[3,13,13,20,29],"current_hp_per_floor":[65,70,70,74,64,38,38,31,31,53,29,29,29,32,32,26,63,69,62,62,62,62,62,63,63,63,64,59,59,46,46,68,0],"gold":145,"neow_bonus":"ONE_RANDOM_RARE_CARD","is_prod":false,"is_daily":false,"chose_seed":false,"campfire_upgraded":3,"win_rate":0,"timestamp":1551535338,"path_taken":["M","M","$","M","M","E","R","E","T","R","E","?","?","M","R","BOSS","M","?","?","?","?","R","E","?","T","?","E","$","M","E","R","BOSS"],"build_version":"2019-01-23","purchased_purges":2,"victory":false,"max_hp_per_floor":[75,75,75,75,75,75,75,75,75,75,75,75,75,75,75,75,75,75,75,75,75,75,75,75,75,75,75,75,75,75,75,75,75],"card_choices":[{"not_picked":["Ghostly Armor","Shrug It Off"],"picked":"Twin Strike","floor":1},{"not_picked":["Shrug It Off","Anger"],"picked":"Twin Strike","floor":2},{"not_picked":["Second Wind","Thunderclap"],"picked":"Headbutt","floor":4},{"not_picked":["Cleave","Warcry"],"picked":"Combust","floor":5},{"not_picked":["Havoc","Body Slam"],"picked":"Immolate","floor":6},{"not_picked":["Bloodletting","Pommel Strike","Headbutt"],"picked":"SKIP","floor":8},{"not_picked":["Pommel Strike","Bloodletting"],"picked":"True Grit","floor":11},{"not_picked":["Sword Boomerang","Wild Strike"],"picked":"Burning Pact","floor":14},{"not_picked":["Fiend Fire","Immolate"],"picked":"Bludgeon","floor":16},{"not_picked":["Body Slam","Cleave"],"picked":"Thunderclap","floor":18},{"not_picked":["Cleave","Warcry","Pommel Strike"],"picked":"SKIP","floor":24},{"not_picked":["Searing Blow","Sever Soul"],"picked":"Flame Barrier","floor":27},{"not_picked":["Perfected Strike+1","Shrug It Off"],"picked":"Clothesline","floor":28},{"not_picked":["Headbutt","Carnage"],"picked":"Seeing Red","floor":30},{"not_picked":["Carnage","Seeing Red+1","Brutality"],"picked":"SKIP","floor":31}],"player_experience":1853779,"relics_obtained":[{"floor":6,"key":"Potion Belt"},{"floor":8,"key":"StoneCalendar"},{"floor":9,"key":"Unceasing Top"},{"floor":11,"key":"Self Forming Clay"},{"floor":21,"key":"Happy Flower"},{"floor":24,"key":"Nunchaku"},{"floor":26,"key":"Tiny Chest"},{"floor":28,"key":"Meat on the Bone"},{"floor":31,"key":"Juzu Bracelet"}],"event_choices":[{"damage_healed":0,"gold_gain":0,"player_choice":"Got Potions","damage_taken":0,"max_hp_gain":0,"max_hp_loss":0,"event_name":"Lab","floor":12,"gold_loss":0},{"damage_healed":0,"gold_gain":0,"player_choice":"","damage_taken":7,"max_hp_gain":0,"max_hp_loss":0,"event_name":"Knowing Skull","floor":19,"potions_obtained":[],"gold_loss":0,"cards_obtained":[]},{"damage_healed":0,"gold_gain":0,"player_choice":"Rummage","damage_taken":0,"relics_obtained":["WarpedTongs"],"max_hp_gain":0,"max_hp_loss":0,"event_name":"Accursed Blacksmith","floor":25,"gold_loss":0,"cards_obtained":["Pain"]}],"is_beta":false,"boss_relics":[{"not_picked":["Calling Bell","Cursed Key"],"picked":"Snecko Eye"}],"items_purged_floors":[3,29],"is_endless":false,"potions_floor_spawned":[1,6,11,14,18,27],"killed_by":"Champ","ascension_level":20}