{"gold_per_floor":[216,4,37,37,37,88,88,103,103,103],"floor_reached":10,"playtime":425,"items_purged":[],"score":132,"play_id":"7d12d1ac-6c50-446c-8b74-75f216773c53","local_time":"20190401204205","is_ascension_mode":true,"campfire_choices":[{"floor":7.0,"key":"REST"}],"neow_cost":"NONE","seed_source_timestamp":687004314730850,"circlet_count":0,"master_deck":["AscendersBane","Defend_G","Defend_G","Defend_G","Defend_G","Defend_G","Strike_G","Strike_G","Strike_G","Strike_G","Survivor","Neutralize","Flying Knee","HandOfGreed","Predator","Adrenaline","Noxious Fumes"],"special_seed":0,"relics":["Ring of the Snake","Letter Opener","Toxic Egg 2"],"potions_floor_usage":[10],"damage_taken":[{"damage":1.0,"enemies":"Small Slimes","floor":1.0,"turns":5.0},{"damage":0.0,"enemies":"2 Louse","floor":3.0,"turns":3.0},{"damage":47.0,"enemies":"Lagavulin","floor":6.0,"turns":8.0},{"damage":9.0,"enemies":"Jaw Worm","floor":8.0,"turns":5.0},{"damage":26,"enemies":"Gremlin Nob","floor":10,"turns":3}],"seed_played":"-3947948088223400789","potions_obtained":[{"floor":8.0,"key":"PowerPotion"}],"is_trial":false,"path_per_floor":["M","$","M","?","?","E","R","M","T","E"],"character_chosen":"THE_SILENT","items_purchased":["HandOfGreed"],"campfire_rested":1,"item_purchase_floors":[2],"current_hp_per_floor":[58,58,58,63,56,9,30,21,21,0],"gold":103,"neow_bonus":"HUNDRED_GOLD","is_prod":false,"is_daily":false,"chose_seed":false,"campfire_upgraded":0,"win_rate":0,"timestamp":1554144125,"path_taken":["M","$","M","?","?","E","R","M","T","E"],"build_version":"2019-01-23","purchased_purges":0,"victory":false,"max_hp_per_floor":[66,66,66,71,71,71,71,71,71,71],"card_choices":[{"not_picked":["Acrobatics","Choke"],"picked":"Flying Knee","floor":1.0},{"not_picked":["Bane","Dagger Spray"],"picked":"Predator","floor":3.0},{"not_picked":["Acrobatics","Catalyst"],"picked":"Adrenaline","floor":6.0},{"not_picked":["Outmaneuver","Prepared"],"picked":"Noxious Fumes","floor":8.0}],"player_experience":2316700,"relics_obtained":[{"floor":6.0,"key":"Letter Opener"},{"floor":9.0,"key":"Toxic Egg 2"}],"event_choices":[{"damage_healed":0.0,"max_hp_gain":5.0,"max_hp_loss":0.0,"gold_gain":0.0,"event_name":"Big Fish","player_choice":"Donut","floor":4.0,"gold_loss":0.0,"damage_taken":0.0},{"cards_removed":["Strike_G"],"damage_healed":0.0,"max_hp_gain":0.0,"max_hp_loss":0.0,"gold_gain":0.0,"event_name":"Golden Wing","player_choice":"Card Removal","floor":5.0,"gold_loss":0.0,"damage_taken":7.0}],"is_beta":false,"boss_relics":[],"items_purged_floors":[],"is_endless":false,"potions_floor_spawned":[8],"killed_by":"Gremlin Nob","ascension_level":20}