{"gold_per_floor":[362,377,56,4,17,17,50,70,70,70,70,101,119,135,135,207,207,160,160,160,172,184,184,246,258,258,258,272,272,96,123,135,147],"floor_reached":33,"playtime":2274,"items_purged":["Strike_G+1"],"score":594,"play_id":"3975907f-5a1d-4996-a8a6-50b119b65dd4","local_time":"20190425212113","is_ascension_mode":true,"campfire_choices":[{"data":"Skewer","floor":6.0,"key":"SMITH"},{"floor":10.0,"key":"REST"},{"data":"Malaise","floor":15.0,"key":"SMITH"},{"data":"Glass Knife","floor":23,"key":"SMITH"},{"data":"Wraith Form v2","floor":27,"key":"SMITH"},{"floor":29,"key":"REST"},{"floor":32,"key":"REST"}],"neow_cost":"PERCENT_DAMAGE","seed_source_timestamp":0,"circlet_count":0,"master_deck":["AscendersBane","Defend_G+1","Defend_G+1","Defend_G+1","Defend_G+1","Defend_G+1","Strike_G+1","Strike_G+1","Strike_G+1","Strike_G+1","Survivor","Neutralize","Skewer+1","Escape Plan","Dash","Malaise+1","Deflect","Glass Knife+1","PiercingWail","Wraith Form v2+1","Poisoned Stab","Backstab","Crippling Poison","Backstab","Footwork","Trip"],"special_seed":0,"relics":["Ring of the Snake","FossilizedHelix","PreservedInsect","Omamori","Ninja Scroll","Torii","Black Star","Tiny Chest","Bird Faced Urn","Pantograph","Art of War","MawBank"],"potions_floor_usage":[16,16,24,31],"damage_taken":[{"damage":4.0,"enemies":"Small Slimes","floor":1.0,"turns":4.0},{"damage":2.0,"enemies":"Jaw Worm","floor":2.0,"turns":6.0},{"damage":0.0,"enemies":"Cultist","floor":5.0,"turns":4.0},{"damage":19.0,"enemies":"Gremlin Nob","floor":7.0,"turns":5.0},{"damage":0.0,"enemies":"Blue Slaver","floor":8.0,"turns":4.0},{"damage":3.0,"enemies":"Lagavulin","floor":12.0,"turns":7.0},{"damage":0.0,"enemies":"3 Louse","floor":13.0,"turns":2.0},{"damage":0.0,"enemies":"Large Slime","floor":14.0,"turns":4.0},{"damage":13,"enemies":"The Guardian","floor":16,"turns":21},{"damage":12,"enemies":"2 Thieves","floor":18,"turns":5},{"damage":1,"enemies":"Spheric Guardian","floor":21,"turns":7},{"damage":34,"enemies":"Centurion and Healer","floor":22,"turns":9},{"damage":1,"enemies":"Slavers","floor":24,"turns":6},{"damage":0,"enemies":"Chosen and Byrds","floor":25,"turns":7},{"damage":3,"enemies":"Shelled Parasite and Fungi","floor":28,"turns":6},{"damage":19,"enemies":"Gremlin Leader","floor":31,"turns":6},{"damage":78,"enemies":"Automaton","floor":33,"turns":14}],"seed_played":"7555212814180769434","potions_obtained":[{"floor":1.0,"key":"Block Potion"},{"floor":2.0,"key":"PowerPotion"},{"floor":8.0,"key":"EssenceOfSteel"},{"floor":18,"key":"PowerPotion"},{"floor":22,"key":"AttackPotion"}],"is_trial":false,"path_per_floor":["M","M","$","?","M","R","E","M","T","R","?","E","M","M","R","B",null,"M","?","?","M","M","R","E","M","T","R","M","R","$","E","R","B"],"character_chosen":"THE_SILENT","items_purchased":["FossilizedHelix","Trip"],"campfire_rested":3,"item_purchase_floors":[3,30],"current_hp_per_floor":[40,38,38,38,38,38,19,19,19,38,33,30,30,30,30,17,54,42,42,66,65,31,31,30,30,30,30,27,46,46,31,50,0],"gold":147,"neow_bonus":"TWO_FIFTY_GOLD","is_prod":false,"is_daily":false,"chose_seed":false,"campfire_upgraded":4,"win_rate":0,"timestamp":1556220073,"path_taken":["M","M","$","?","M","R","E","M","T","R","?","E","M","M","R","BOSS","M","?","?","?","M","R","E","M","T","R","M","R","$","E","R","BOSS"],"build_version":"2019-01-23","purchased_purges":1,"victory":false,"max_hp_per_floor":[66,66,66,66,66,66,66,66,66,66,66,66,66,66,66,66,66,66,66,66,66,66,66,66,66,66,66,66,66,66,66,66,66],"card_choices":[{"not_picked":["Terror","Cloak And Dagger"],"picked":"Skewer","floor":1.0},{"not_picked":["Blade Dance","Dodge and Roll"],"picked":"Escape Plan","floor":2.0},{"not_picked":["Outmaneuver","Blade Dance"],"picked":"Dash","floor":5.0},{"not_picked":["Predator","Blade Dance"],"picked":"Malaise","floor":7.0},{"not_picked":["Slice","Quick Slash"],"picked":"Deflect","floor":8.0},{"not_picked":["Distraction","Slice"],"picked":"Glass Knife","floor":12.0},{"not_picked":["Terror","Dagger Spray","Caltrops"],"picked":"SKIP","floor":13.0},{"not_picked":["All Out Attack","Deflect"],"picked":"PiercingWail","floor":14.0},{"not_picked":["Burst","Grand Finale"],"picked":"Wraith Form v2","floor":16},{"not_picked":["Prepared","Backflip"],"picked":"Poisoned Stab","floor":18},{"not_picked":["Flying Knee+1","Eviscerate","Dagger Throw"],"picked":"SKIP","floor":21},{"not_picked":["Heel Hook","Dash"],"picked":"Backstab","floor":22},{"not_picked":["Escape Plan","Calculated Gamble"],"picked":"Crippling Poison","floor":24},{"not_picked":["Slice","Sucker Punch"],"picked":"Backstab","floor":25},{"not_picked":["Dodge and Roll","Prepared"],"picked":"Footwork","floor":28},{"not_picked":["Choke","Infinite Blades","Prepared"],"picked":"SKIP","floor":31}],"player_experience":2570590,"relics_obtained":[{"floor":7.0,"key":"PreservedInsect"},{"floor":9.0,"key":"Omamori"},{"floor":12.0,"key":"Torii"},{"floor":24,"key":"Tiny Chest"},{"floor":24,"key":"Bird Faced Urn"},{"floor":26,"key":"Pantograph"},{"floor":31,"key":"Art of War"},{"floor":31,"key":"MawBank"}],"event_choices":[{"damage_healed":0.0,"max_hp_gain":0.0,"max_hp_loss":0.0,"gold_gain":0.0,"event_name":"World of Goop","player_choice":"Left Gold","floor":4.0,"gold_loss":52.0,"damage_taken":0.0},{"damage_healed":0.0,"max_hp_gain":0.0,"max_hp_loss":0.0,"gold_gain":0.0,"event_name":"Scrap Ooze","player_choice":"Success","floor":11.0,"gold_loss":0.0,"damage_taken":5.0,"relics_obtained":["Ninja Scroll"]},{"damage_healed":0,"gold_gain":0,"player_choice":"Simplicity","damage_taken":0,"max_hp_gain":0,"max_hp_loss":0,"event_name":"Back to Basics","floor":19,"gold_loss":0,"cards_upgraded":["Defend_G","Defend_G","Defend_G","Defend_G","Defend_G","Strike_G","Strike_G","Strike_G","Strike_G","Strike_G"]},{"damage_healed":24,"gold_gain":0,"player_choice":"Full Heal","damage_taken":0,"max_hp_gain":0,"max_hp_loss":0,"event_name":"Wheel of Change","floor":20,"gold_loss":0}],"is_beta":false,"boss_relics":[{"not_picked":["Sozu","Runic Dome"],"picked":"Black Star"}],"items_purged_floors":[30],"is_endless":false,"potions_floor_spawned":[1,2,8,14,18,22],"killed_by":"Automaton","ascension_level":20}