{"gold_per_floor":[118,43,56,56,73,103,115,115,141,176,176,191,219,230,230,304,304,319,319,319,333,333,333,360,372,372,372,399,399,399,433,433,504,504,515,615,615,369,382,414,433,433,511,544,544,544,544,544,544,544,544,544,544,27,57,57],"floor_reached":57,"playtime":5435,"items_purged":["Twin Strike"],"score":2768,"play_id":"c137058c-8a7d-44bd-9410-dc55ebd81350","local_time":"20190321224639","is_ascension_mode":true,"campfire_choices":[{"floor":8,"key":"REST"},{"floor":11,"key":"REST"},{"floor":15,"key":"REST"},{"floor":23,"key":"REST"},{"floor":27,"key":"REST"},{"floor":30,"key":"REST"},{"floor":32,"key":"REST"},{"data":"Pommel Strike","floor":42,"key":"SMITH"},{"floor":47,"key":"RECALL"},{"data":"Disarm","floor":49,"key":"SMITH"},{"data":"Sword Boomerang","floor":53,"key":"SMITH"}],"neow_cost":"NONE","seed_source_timestamp":523172693583441,"circlet_count":0,"master_deck":["AscendersBane","Bash+1","Sword Boomerang+1","Twin Strike","Infernal Blade","Carnage","Seeing Red","Feel No Pain","Offering","Spot Weakness","Feed","Pommel Strike+1","Demon Form","Combust","Battle Trance+1","Inflame","Rupture","Seeing Red+1","Ghostly Armor","Disarm+1","Flame Barrier","Feed","Uppercut","Reaper","Shrug It Off+1","Evolve","Thunderclap","True Grit+1","Dark Shackles","Corruption","Panache","Havoc+1"],"relics":["Burning Blood","Bag of Marbles","PreservedInsect","Lantern","Pandora\u0027s Box","War Paint","Torii","Sundial","Potion Belt","Gremlin Horn","Coffee Dripper","Dead Branch","Orichalcum","Question Card","Mummified Hand","Self Forming Clay","Happy Flower","Oddly Smooth Stone"],"potions_floor_usage":[6,10,18,28,51,55,56],"damage_taken":[{"damage":5,"enemies":"Small Slimes","floor":1,"turns":4},{"damage":14,"enemies":"Jaw Worm","floor":3,"turns":4},{"damage":0,"enemies":"2 Louse","floor":5,"turns":2},{"damage":34,"enemies":"Lagavulin","floor":6,"turns":7},{"damage":11,"enemies":"Blue Slaver","floor":7,"turns":5},{"damage":24,"enemies":"3 Sentries","floor":10,"turns":8},{"damage":0,"enemies":"2 Fungi Beasts","floor":12,"turns":2},{"damage":21,"enemies":"Lagavulin","floor":13,"turns":5},{"damage":4,"enemies":"Exordium Thugs","floor":14,"turns":3},{"damage":27,"enemies":"The Guardian","floor":16,"turns":10},{"damage":31,"enemies":"Shell Parasite","floor":18,"turns":3},{"damage":7,"enemies":"2 Thieves","floor":21,"turns":2},{"damage":40,"enemies":"Slavers","floor":24,"turns":4},{"damage":24,"enemies":"Snake Plant","floor":25,"turns":2},{"damage":29,"enemies":"Book of Stabbing","floor":28,"turns":5},{"damage":9,"enemies":"Slavers","floor":31,"turns":4},{"damage":44,"enemies":"Champ","floor":33,"turns":8},{"damage":48,"enemies":"3 Darklings","floor":35,"turns":5},{"damage":6,"enemies":"Mind Bloom Boss Battle","floor":36,"turns":5},{"damage":23,"enemies":"3 Shapes","floor":39,"turns":5},{"damage":44,"enemies":"Reptomancer","floor":40,"turns":4},{"damage":27,"enemies":"3 Darklings","floor":41,"turns":4},{"damage":45,"enemies":"Nemesis","floor":44,"turns":3},{"damage":33,"enemies":"Donu and Deca","floor":50,"turns":6},{"damage":76,"enemies":"Time Eater","floor":51,"turns":12},{"damage":6,"enemies":"Shield and Spear","floor":55,"turns":2},{"damage":119,"enemies":"The Heart","floor":56,"turns":6}],"seed_played":"7330029302244081377","potions_obtained":[{"floor":5,"key":"Block Potion"},{"floor":6,"key":"Block Potion"},{"floor":10,"key":"Swift Potion"},{"floor":13,"key":"EssenceOfSteel"},{"floor":21,"key":"Dexterity Potion"},{"floor":28,"key":"PowerPotion"},{"floor":31,"key":"SpeedPotion"},{"floor":33,"key":"Energy Potion"},{"floor":40,"key":"FairyPotion"},{"floor":55,"key":"GamblersBrew"}],"is_trial":false,"path_per_floor":["M","?","M","?","M","E","M","R","T","E","R","M","E","M","R","B",null,"M","?","?","M","T","R","E","M","T","R","E","?","R","E","R","B",null,"M","?","?","$","M","E","M","R","T","E","?","?","R","?","R","B","B",null,"R","$","E","B",null],"character_chosen":"IRONCLAD","items_purchased":["Orichalcum","Evolve","Corruption","Happy Flower","Panache"],"campfire_rested":7,"item_purchase_floors":[38,38,54,54,54],"current_hp_per_floor":[69,69,61,38,44,16,11,33,33,15,37,43,28,30,52,31,64,42,42,42,44,44,68,37,19,19,44,21,21,46,49,76,41,80,72,75,75,75,79,72,58,58,58,39,39,87,87,83,83,75,48,79,79,79,92,15],"gold":57,"neow_bonus":"UPGRADE_CARD","is_prod":false,"is_daily":false,"chose_seed":false,"campfire_upgraded":3,"win_rate":0,"timestamp":1553204799,"path_taken":["M","?","M","?","M","E","M","R","T","E","R","M","E","M","R","BOSS","M","?","?","M","?","R","E","M","T","R","E","?","R","E","R","BOSS","M","?","?","$","?","E","M","R","T","E","?","?","R","?","R","BOSS","BOSS","R","$","E","BOSS"],"build_version":"2019-01-23","purchased_purges":1,"victory":true,"max_hp_per_floor":[75,75,75,75,75,75,75,75,75,75,75,75,75,75,75,75,75,78,78,78,81,81,81,84,84,84,84,84,84,84,90,90,93,93,96,99,99,99,102,102,102,102,102,106,106,87,87,83,83,86,89,89,89,89,92,92],"card_choices":[{"not_picked":["Flex","Shockwave"],"picked":"Sword Boomerang","floor":1},{"not_picked":["Dual Wield","Fire Breathing"],"picked":"Twin Strike","floor":3},{"not_picked":["Iron Wave","Entrench"],"picked":"Infernal Blade","floor":5},{"not_picked":["Feel No Pain","Twin Strike"],"picked":"Carnage","floor":6},{"not_picked":["Power Through","Corruption"],"picked":"Twin Strike","floor":7},{"not_picked":["Wild Strike","Rage"],"picked":"Seeing Red","floor":10},{"not_picked":["Clash","Carnage"],"picked":"Feel No Pain","floor":12},{"not_picked":["Headbutt","Wild Strike"],"picked":"Offering","floor":13},{"not_picked":["Clothesline","Rampage"],"picked":"Spot Weakness","floor":14},{"not_picked":["Bludgeon","Juggernaut"],"picked":"Feed","floor":16},{"not_picked":["Warcry+1","Headbutt"],"picked":"Ghostly Armor","floor":18},{"not_picked":["Havoc","Pommel Strike","Blood for Blood"],"picked":"SKIP","floor":21},{"not_picked":["Carnage","Anger","Barricade"],"picked":"SKIP","floor":24},{"not_picked":["Bloodletting","Thunderclap"],"picked":"Disarm","floor":25},{"not_picked":["Reckless Charge","Twin Strike+1"],"picked":"Flame Barrier","floor":28},{"not_picked":["Clothesline","Seeing Red"],"picked":"Uppercut","floor":31},{"not_picked":["Bludgeon","Feed"],"picked":"Reaper","floor":33},{"not_picked":["True Grit","Iron Wave"],"picked":"Shrug It Off+1","floor":35},{"not_picked":["Wild Strike+1","Clothesline","Cleave"],"picked":"SKIP","floor":39},{"not_picked":["Demon Form","Perfected Strike"],"picked":"Thunderclap","floor":40},{"not_picked":["Thunderclap","Clash","Blood for Blood","Infernal Blade+1"],"picked":"SKIP","floor":41},{"not_picked":["Heavy Blade","Intimidate","Double Tap"],"picked":"True Grit+1","floor":44},{"not_picked":["Trip","Good Instincts","Secret Technique"],"picked":"Dark Shackles","floor":45},{"not_picked":["Sword Boomerang","Heavy Blade","Infernal Blade"],"picked":"Havoc+1","floor":55}],"player_experience":2160019,"relics_obtained":[{"floor":6,"key":"Bag of Marbles"},{"floor":10,"key":"PreservedInsect"},{"floor":13,"key":"Lantern"},{"floor":22,"key":"War Paint"},{"floor":24,"key":"Torii"},{"floor":26,"key":"Sundial"},{"floor":28,"key":"Potion Belt"},{"floor":31,"key":"Gremlin Horn"},{"floor":36,"key":"Dead Branch"},{"floor":40,"key":"Question Card"},{"floor":43,"key":"Mummified Hand"},{"floor":44,"key":"Self Forming Clay"},{"floor":55,"key":"Oddly Smooth Stone"}],"event_choices":[{"cards_removed":["Strike_R"],"damage_healed":0,"gold_gain":0,"player_choice":"Card Removal","damage_taken":0,"max_hp_gain":0,"max_hp_loss":0,"event_name":"The Cleric","floor":2,"gold_loss":75},{"damage_healed":0,"gold_gain":0,"player_choice":"Entered Light","damage_taken":23,"max_hp_gain":0,"max_hp_loss":0,"event_name":"Shining Light","floor":4,"gold_loss":0,"cards_upgraded":["Defend_R","Defend_R"]},{"damage_healed":0,"gold_gain":0,"player_choice":"Ignored","damage_taken":0,"max_hp_gain":0,"max_hp_loss":0,"event_name":"Vampires","floor":19,"gold_loss":0},{"cards_removed":["Body Slam"],"damage_healed":0,"gold_gain":0,"player_choice":"Elegance","damage_taken":0,"max_hp_gain":0,"max_hp_loss":0,"event_name":"Back to Basics","floor":20,"gold_loss":0},{"damage_healed":0,"gold_gain":0,"player_choice":"Copied","damage_taken":0,"max_hp_gain":0,"max_hp_loss":0,"event_name":"Duplicator","floor":29,"gold_loss":0,"cards_obtained":["Feed"]},{"damage_healed":0,"gold_gain":0,"player_choice":"Fight","damage_taken":0,"max_hp_gain":0,"max_hp_loss":0,"event_name":"MindBloom","floor":36,"gold_loss":0},{"damage_healed":0,"gold_gain":0,"player_choice":"Ignored","damage_taken":0,"max_hp_gain":0,"max_hp_loss":0,"event_name":"Transmorgrifier","floor":37,"gold_loss":0},{"damage_healed":0,"gold_gain":0,"player_choice":"Memory 1","damage_taken":0,"max_hp_gain":0,"max_hp_loss":0,"event_name":"SensoryStone","floor":45,"gold_loss":0},{"damage_healed":87,"gold_gain":0,"player_choice":"Heal","damage_taken":0,"max_hp_gain":0,"max_hp_loss":19,"event_name":"The Moai Head","floor":46,"gold_loss":0},{"damage_healed":0,"gold_gain":0,"player_choice":"Max HP","damage_taken":0,"max_hp_gain":0,"max_hp_loss":4,"event_name":"Winding Halls","floor":48,"gold_loss":0}],"is_beta":false,"boss_relics":[{"not_picked":["Black Blood","Orrery"],"picked":"Pandora\u0027s Box"},{"not_picked":["Philosopher\u0027s Stone","Empty Cage"],"picked":"Coffee Dripper"}],"items_purged_floors":[54],"is_endless":false,"potions_floor_spawned":[5,6,10,13,14,21,28,31,33,40,41,55],"ascension_level":20}