{"gold_per_floor":[10,26,26,40,56,84,84,111,111,176,199,17,78,96,96,175,175,115,115,115,115,115,115,115],"floor_reached":24,"playtime":1745,"items_purged":["Strike_G"],"score":428,"play_id":"fe146e90-7d9a-4b73-bf44-fb9ab657f16f","local_time":"20190428172626","is_ascension_mode":true,"campfire_choices":[{"data":"Terror","floor":7,"key":"SMITH"},{"floor":15,"key":"REST"},{"floor":23,"key":"REST"}],"neow_cost":"NO_GOLD","seed_source_timestamp":1627249057407772,"circlet_count":0,"master_deck":["AscendersBane","Defend_G","Defend_G","Defend_G","Defend_G","Defend_G","Strike_G","Strike_G+1","Strike_G","Strike_G","Survivor","Neutralize","Glass Knife+1","PiercingWail","Poisoned Stab+1","Backflip","Terror+1","Flying Knee","Dash","Bouncing Flask","PiercingWail","Burst","Catalyst","Backflip","Bouncing Flask"],"relics":["Ring of the Snake","StoneCalendar","Prayer Wheel","Gremlin Horn","Dodecahedron","Whetstone","Tiny Chest","Ectoplasm","Anchor","Orichalcum"],"potions_floor_usage":[8,10,16,18,22],"damage_taken":[{"damage":0,"enemies":"Jaw Worm","floor":1,"turns":3},{"damage":0,"enemies":"Cultist","floor":2,"turns":3},{"damage":6,"enemies":"Small Slimes","floor":4,"turns":3},{"damage":3,"enemies":"Blue Slaver","floor":5,"turns":3},{"damage":14,"enemies":"3 Sentries","floor":6,"turns":10},{"damage":6,"enemies":"Gremlin Nob","floor":8,"turns":3},{"damage":15,"enemies":"3 Sentries","floor":10,"turns":7},{"damage":2,"enemies":"Lagavulin","floor":13,"turns":6},{"damage":1,"enemies":"Exordium Thugs","floor":14,"turns":3},{"damage":11,"enemies":"Slime Boss","floor":16,"turns":7},{"damage":16,"enemies":"2 Thieves","floor":18,"turns":3},{"damage":1,"enemies":"Chosen","floor":22,"turns":4},{"damage":41,"enemies":"3 Cultists","floor":24,"turns":6}],"seed_played":"8607379374286632674","potions_obtained":[{"floor":2,"key":"SkillPotion"},{"floor":6,"key":"Strength Potion"},{"floor":13,"key":"Dexterity Potion"},{"floor":16,"key":"SkillPotion"},{"floor":22,"key":"LiquidBronze"}],"is_trial":false,"path_per_floor":["M","M","?","M","M","E","R","E","T","?","T","$","E","M","R","B",null,"M","T","T","?","M","R","M"],"character_chosen":"THE_SILENT","items_purchased":["Block Potion","Flying Knee"],"campfire_rested":2,"item_purchase_floors":[12,12],"current_hp_per_floor":[59,59,59,53,50,36,36,30,30,15,15,15,13,12,31,20,55,39,39,39,21,20,41,0],"gold":115,"neow_bonus":"THREE_RARE_CARDS","is_prod":false,"is_daily":false,"chose_seed":false,"campfire_upgraded":1,"win_rate":0,"timestamp":1556465186,"path_taken":["M","M","?","?","?","E","R","E","T","?","?","?","E","M","R","BOSS","M","?","?","?","M","R","M"],"build_version":"2019-01-23","purchased_purges":1,"victory":false,"max_hp_per_floor":[66,66,66,66,66,66,66,66,66,66,66,66,66,66,66,66,66,66,66,66,71,71,71,71],"card_choices":[{"not_picked":["A Thousand Cuts","Doppelganger"],"picked":"Glass Knife","floor":0},{"not_picked":["Slice","Heel Hook"],"picked":"PiercingWail","floor":1},{"not_picked":["Caltrops","Deflect"],"picked":"Poisoned Stab","floor":2},{"not_picked":["Infinite Blades","Dodge and Roll"],"picked":"Backflip","floor":4},{"not_picked":["Quick Slash","Sucker Punch","Accuracy"],"picked":"SKIP","floor":5},{"not_picked":["Outmaneuver","Burst"],"picked":"Terror","floor":6},{"not_picked":["Blade Dance","Dagger Spray","Sucker Punch"],"picked":"SKIP","floor":8},{"not_picked":["Burst","Blur"],"picked":"Dash","floor":13},{"not_picked":["Heel Hook","Backflip"],"picked":"Bouncing Flask","floor":14},{"not_picked":["Terror","Outmaneuver"],"picked":"PiercingWail","floor":14},{"not_picked":["Storm of Steel","Doppelganger"],"picked":"Burst","floor":16},{"not_picked":["Outmaneuver","Well Laid Plans"],"picked":"Catalyst","floor":18},{"not_picked":["Slice","Deadly Poison"],"picked":"Backflip","floor":18},{"not_picked":["Acrobatics","Setup"],"picked":"Bouncing Flask","floor":22},{"not_picked":["Underhanded Strike","Expertise","Heel Hook"],"picked":"SKIP","floor":22}],"player_experience":2604473,"relics_obtained":[{"floor":6,"key":"StoneCalendar"},{"floor":8,"key":"Prayer Wheel"},{"floor":9,"key":"Gremlin Horn"},{"floor":10,"key":"Dodecahedron"},{"floor":11,"key":"Whetstone"},{"floor":13,"key":"Tiny Chest"},{"floor":19,"key":"Anchor"},{"floor":20,"key":"Orichalcum"}],"event_choices":[{"damage_healed":0,"gold_gain":0,"player_choice":"Upgraded","damage_taken":0,"max_hp_gain":0,"max_hp_loss":0,"event_name":"Upgrade Shrine","floor":3,"gold_loss":0,"cards_upgraded":["Glass Knife"]},{"damage_healed":0,"gold_gain":30,"player_choice":"Searched \u00272\u0027 times","damage_taken":0,"max_hp_gain":0,"max_hp_loss":0,"event_name":"Dead Adventurer","floor":10,"gold_loss":0},{"damage_healed":0,"gold_gain":0,"player_choice":"Shed Blood","damage_taken":23,"max_hp_gain":5,"max_hp_loss":0,"event_name":"Forgotten Altar","floor":21,"gold_loss":0}],"is_beta":false,"boss_relics":[{"not_picked":["Orrery","White Beast Statue"],"picked":"Ectoplasm"}],"items_purged_floors":[12],"is_endless":false,"potions_floor_spawned":[2,6,13,16,22],"killed_by":"3 Cultists","ascension_level":20}