{"gold_per_floor":[113,113,132,132,57,92,4,154,207,242,258,2,2,2,2,78,78,60,71,21,31,31,31,61,61,61,72,9,9,59,59],"floor_reached":31,"playtime":1444,"items_purged":["Doubt","Strike_B","Strike_B"],"score":568,"play_id":"a5c95383-ee95-4a1b-8447-728c5bda8e13","local_time":"20190109232436","is_ascension_mode":true,"campfire_choices":[{"floor":15.0,"key":"REST"},{"data":"Dualcast","floor":23.0,"key":"SMITH"}],"neow_cost":"NONE","seed_source_timestamp":739896755834354,"circlet_count":0,"master_deck":["AscendersBane","Strike_B+1","Strike_B+1","Defend_B","Zap+1","Dualcast+1","Capacitor","Conserve Battery","Seek","Defragment","Loop","Reinforced Body","Biased Cognition","Ball Lightning","Sweeping Beam+1","Self Repair","Electrodynamics","Coolheaded","Lockon","Cold Snap"],"special_seed":0,"relics":["FrozenCore","NeowsBlessing","Bird Faced Urn","Vajra","Ancient Tea Set","Membership Card","Regal Pillow","CultistMask","Bag of Marbles","Blood Vial"],"potions_floor_usage":[24,24],"damage_taken":[{"damage":0.0,"enemies":"Jaw Worm","floor":1.0,"turns":1.0},{"damage":0.0,"enemies":"Small Slimes","floor":3.0,"turns":1.0},{"damage":0.0,"enemies":"Gremlin Nob","floor":6.0,"turns":1.0},{"damage":20.0,"enemies":"3 Sentries","floor":10.0,"turns":7.0},{"damage":5.0,"enemies":"2 Louse","floor":11.0,"turns":3.0},{"damage":27.0,"enemies":"The Guardian","floor":16.0,"turns":12.0},{"damage":11.0,"enemies":"2 Thieves","floor":18.0,"turns":5.0},{"damage":0.0,"enemies":"Spheric Guardian","floor":19.0,"turns":4.0},{"damage":11.0,"enemies":"Cultist and Chosen","floor":21.0,"turns":6.0},{"damage":40,"enemies":"Book of Stabbing","floor":24,"turns":7},{"damage":12,"enemies":"Centurion and Healer","floor":27,"turns":4},{"damage":62,"enemies":"Gremlin Leader","floor":31,"turns":6}],"seed_played":"-2538913977702065702","potions_obtained":[{"floor":1.0,"key":"Weak Potion"},{"floor":3.0,"key":"Fire Potion"},{"floor":11.0,"key":"Block Potion"},{"floor":16.0,"key":"Explosive Potion"},{"floor":18.0,"key":"FearPotion"},{"floor":21.0,"key":"Energy Potion"}],"is_trial":false,"path_per_floor":["M","?","M","?","?","E","$","?","T","E","M","$","?","$","R","B",null,"M","M","$","M","?","R","E","$","T","M","$","?","?","E"],"character_chosen":"DEFECT","items_purchased":["Defragment","Membership Card"],"campfire_rested":1,"item_purchase_floors":[7,12],"current_hp_per_floor":[64,64,64,43,43,43,43,43,43,27,28,28,2,2,38,17,58,55,63,63,60,60,60,37,37,37,46,46,46,46,0],"gold":59,"neow_bonus":"THREE_ENEMY_KILL","is_prod":false,"is_daily":false,"chose_seed":false,"campfire_upgraded":1,"win_rate":0,"timestamp":1547072676,"path_taken":["M","?","M","?","?","E","?","?","T","E","M","$","?","$","R","BOSS","M","M","$","M","?","R","E","?","T","M","$","?","?","E"],"build_version":"2019-01-03v4","purchased_purges":3,"victory":false,"max_hp_per_floor":[71,71,71,71,71,71,71,71,71,71,71,71,71,71,71,71,71,71,71,71,71,71,71,71,71,71,71,71,71,71,71],"card_choices":[{"not_picked":["Consume","Hologram"],"picked":"Capacitor","floor":1.0},{"not_picked":["Redo","Steam"],"picked":"Conserve Battery","floor":3.0},{"not_picked":["Redo","Force Field"],"picked":"Seek","floor":6.0},{"not_picked":["Sweeping Beam","Compile Driver"],"picked":"Loop","floor":10.0},{"not_picked":["Hologram","Beam Cell"],"picked":"Reinforced Body","floor":11.0},{"not_picked":["Rainbow","Reboot"],"picked":"Biased Cognition","floor":16.0},{"not_picked":["Loop","Stack"],"picked":"Ball Lightning","floor":18.0},{"not_picked":["Ball Lightning","Rip and Tear"],"picked":"Sweeping Beam+1","floor":19.0},{"not_picked":["Rip and Tear","Sweeping Beam"],"picked":"Self Repair","floor":21.0},{"not_picked":["Capacitor+1","Lockon"],"picked":"Electrodynamics","floor":24},{"not_picked":["Hologram","Turbo"],"picked":"Coolheaded","floor":27}],"player_experience":1538358,"relics_obtained":[{"floor":6.0,"key":"Bird Faced Urn"},{"floor":9.0,"key":"Vajra"},{"floor":10.0,"key":"Ancient Tea Set"},{"floor":24,"key":"Bag of Marbles"},{"floor":26,"key":"Blood Vial"}],"event_choices":[{"damage_healed":0.0,"max_hp_gain":0.0,"max_hp_loss":0.0,"gold_gain":0.0,"event_name":"Living Wall","player_choice":"Grow","floor":2.0,"gold_loss":0.0,"damage_taken":0.0,"cards_upgraded":["Zap"]},{"damage_healed":0.0,"max_hp_gain":0.0,"max_hp_loss":0.0,"gold_gain":0.0,"event_name":"Shining Light","player_choice":"Entered Light","floor":4.0,"gold_loss":0.0,"damage_taken":21.0,"cards_upgraded":["Strike_B","Strike_B"]},{"cards_removed":["Defend_B"],"damage_healed":0.0,"max_hp_gain":0.0,"max_hp_loss":0.0,"gold_gain":0.0,"event_name":"The Cleric","player_choice":"Card Removal","floor":5.0,"gold_loss":75.0,"damage_taken":0.0},{"damage_healed":0.0,"max_hp_gain":0.0,"max_hp_loss":0.0,"gold_gain":150.0,"event_name":"Liars Game","player_choice":"AGREE","floor":8.0,"gold_loss":0.0,"damage_taken":0.0,"cards_obtained":["Doubt"]},{"damage_healed":0.0,"max_hp_gain":0.0,"max_hp_loss":0.0,"gold_gain":0.0,"event_name":"Scrap Ooze","player_choice":"Success","floor":13.0,"gold_loss":0.0,"damage_taken":26.0,"relics_obtained":["Regal Pillow"]},{"damage_healed":0.0,"max_hp_gain":0.0,"max_hp_loss":0.0,"gold_gain":0.0,"event_name":"FaceTrader","player_choice":"Trade","floor":22.0,"gold_loss":0.0,"damage_taken":0.0,"relics_obtained":["CultistMask"]},{"damage_healed":0,"gold_gain":0,"cards_transformed":["Defend_B","Defend_B"],"player_choice":"Became Test Subject","damage_taken":0,"max_hp_gain":0,"max_hp_loss":0,"event_name":"Drug Dealer","floor":29,"gold_loss":0,"cards_obtained":["Lockon","Cold Snap"]},{"damage_healed":0,"gold_gain":50,"player_choice":"Stole From Cult","damage_taken":0,"max_hp_gain":0,"max_hp_loss":0,"event_name":"Nest","floor":30,"gold_loss":0}],"is_beta":false,"boss_relics":[{"not_picked":["Tiny House","Busted Crown"],"picked":"FrozenCore"}],"items_purged_floors":[12,20,28],"is_endless":false,"potions_floor_spawned":[1,3,11,16,18,21],"killed_by":"Gremlin Leader","ascension_level":20}