{"gold_per_floor":[111,124,137,62,75,75,107,107,134,134],"floor_reached":10,"playtime":508,"items_purged":["Defend_B"],"score":136,"play_id":"676f5d3c-c4a1-4733-8ace-c7a1416fa16a","local_time":"20190110223136","is_ascension_mode":true,"campfire_choices":[{"data":"Zap","floor":6,"key":"SMITH"}],"neow_cost":"NONE","seed_source_timestamp":80311990285209,"circlet_count":0,"master_deck":["AscendersBane","Strike_B","Strike_B","Strike_B","Strike_B","Defend_B+1","Defend_B","Defend_B","Zap+1","Dualcast","Conserve Battery+1","Glacier","Loop","All For One"],"relics":["Cracked Core","War Paint","Golden Idol","Blood Vial"],"potions_floor_usage":[10,10],"damage_taken":[{"damage":4,"enemies":"Jaw Worm","floor":1,"turns":3},{"damage":1,"enemies":"2 Louse","floor":2,"turns":3},{"damage":0,"enemies":"Small Slimes","floor":3,"turns":3},{"damage":1,"enemies":"Exordium Wildlife","floor":5,"turns":6},{"damage":24,"enemies":"Lagavulin","floor":7,"turns":8},{"damage":53,"enemies":"Gremlin Nob","floor":10,"turns":4}],"seed_played":"9162740277875405847","potions_obtained":[{"floor":1,"key":"GamblersBrew"},{"floor":3,"key":"Ancient Potion"},{"floor":7,"key":"SkillPotion"}],"is_trial":false,"path_per_floor":["M","M","M","$","M","R","E","?","T","E"],"character_chosen":"DEFECT","items_purchased":[],"campfire_rested":0,"item_purchase_floors":[],"current_hp_per_floor":[67,66,66,66,65,65,41,41,41,0],"gold":134,"neow_bonus":"TEN_PERCENT_HP_BONUS","is_prod":false,"is_daily":false,"chose_seed":false,"campfire_upgraded":1,"win_rate":0,"timestamp":1547155896,"path_taken":["M","M","M","$","M","R","E","?","T","E"],"build_version":"2019-01-03v4","purchased_purges":1,"victory":false,"max_hp_per_floor":[78,78,78,78,78,78,78,71,71,71],"card_choices":[{"not_picked":["Blizzard","Barrage"],"picked":"Conserve Battery","floor":1},{"not_picked":["FTL","Cold Snap"],"picked":"Glacier","floor":2},{"not_picked":["Recycle","Auto Shields","Hologram"],"picked":"SKIP","floor":3},{"not_picked":["Fusion","Undo"],"picked":"Loop","floor":5},{"not_picked":["Stack","White Noise"],"picked":"All For One","floor":7}],"player_experience":1542133,"relics_obtained":[{"floor":7,"key":"War Paint"},{"floor":9,"key":"Blood Vial"}],"event_choices":[{"damage_healed":0,"gold_gain":0,"player_choice":"Lose Max HP","damage_taken":0,"relics_obtained":["Golden Idol"],"max_hp_gain":0,"max_hp_loss":7,"event_name":"Golden Idol","floor":8,"gold_loss":0}],"is_beta":false,"boss_relics":[],"items_purged_floors":[4],"is_endless":false,"potions_floor_spawned":[1,3,7],"killed_by":"Gremlin Nob","ascension_level":20}