{"gold_per_floor":[111,126,138,148,22,53,53,53,53,85,105,105],"floor_reached":12,"playtime":574,"items_purged":["Strike_R"],"score":180,"play_id":"9f37efdb-6fa8-423a-b7c6-80131bfe005f","local_time":"20190319204018","is_ascension_mode":true,"campfire_choices":[{"floor":8,"key":"REST"}],"neow_cost":"NONE","seed_source_timestamp":347673922924979,"circlet_count":0,"master_deck":["AscendersBane","Strike_R","Strike_R","Strike_R","Strike_R","Defend_R","Defend_R","Defend_R","Defend_R","Bash","Corruption","Cleave","Shockwave","Whirlwind","Shrug It Off","Limit Break","Spot Weakness"],"relics":["Burning Blood","NeowsBlessing","Mummified Hand","Dodecahedron","Pear","Blood Vial"],"potions_floor_usage":[10,10,12],"damage_taken":[{"damage":0,"enemies":"2 Louse","floor":1,"turns":1},{"damage":0,"enemies":"Jaw Worm","floor":2,"turns":1},{"damage":0,"enemies":"Small Slimes","floor":3,"turns":1},{"damage":19,"enemies":"Red Slaver","floor":4,"turns":5},{"damage":34,"enemies":"3 Sentries","floor":6,"turns":10},{"damage":42,"enemies":"Gremlin Nob","floor":10,"turns":5},{"damage":15,"enemies":"Large Slime","floor":11,"turns":6},{"damage":33,"enemies":"3 Sentries","floor":12,"turns":4}],"seed_played":"6863320496146622809","potions_obtained":[{"floor":1,"key":"Weak Potion"},{"floor":2,"key":"BloodPotion"},{"floor":11,"key":"Dexterity Potion"}],"is_trial":false,"path_per_floor":["M","M","M","M","$","E","?","R","T","E","M","E"],"character_chosen":"IRONCLAD","items_purchased":["Shrug It Off"],"campfire_rested":1,"item_purchase_floors":[5],"current_hp_per_floor":[74,75,75,62,62,34,34,56,66,38,31,0],"gold":105,"neow_bonus":"THREE_ENEMY_KILL","is_prod":false,"is_daily":false,"chose_seed":false,"campfire_upgraded":0,"win_rate":0,"timestamp":1553024418,"path_taken":["M","M","M","M","$","E","?","R","T","E","M","E"],"build_version":"2019-01-23","purchased_purges":1,"victory":false,"max_hp_per_floor":[75,75,75,75,75,75,75,75,85,85,85,85],"card_choices":[{"not_picked":["Heavy Blade","Iron Wave"],"picked":"Corruption","floor":1},{"not_picked":["Perfected Strike","Body Slam"],"picked":"Cleave","floor":2},{"not_picked":["Sever Soul","Thunderclap"],"picked":"Shockwave","floor":3},{"not_picked":["Dual Wield","Pommel Strike"],"picked":"Whirlwind","floor":4},{"not_picked":["Pommel Strike","Second Wind"],"picked":"Limit Break","floor":6},{"not_picked":["Sword Boomerang","Clothesline","Blood for Blood"],"picked":"SKIP","floor":10},{"not_picked":["Metallicize","Flame Barrier"],"picked":"Spot Weakness","floor":11}],"player_experience":2147355,"relics_obtained":[{"floor":6,"key":"Mummified Hand"},{"floor":9,"key":"Pear"},{"floor":10,"key":"Blood Vial"}],"event_choices":[{"damage_healed":0,"gold_gain":0,"player_choice":"Searched \u00271\u0027 times","damage_taken":0,"relics_obtained":["Dodecahedron"],"max_hp_gain":0,"max_hp_loss":0,"event_name":"Dead Adventurer","floor":7,"gold_loss":0}],"is_beta":false,"boss_relics":[],"items_purged_floors":[5],"is_endless":false,"potions_floor_spawned":[1,2,11],"killed_by":"3 Sentries","ascension_level":20}