{"gold_per_floor":[18,28,47,12,30,61,61,87,87,100,100,45,45,104,104,178,178,190,190,115,115,115,115],"floor_reached":23,"playtime":1343,"items_purged":[],"score":439,"play_id":"9a3aa076-6306-4a97-8e83-1ed8c0b49f58","local_time":"20190202221400","is_ascension_mode":true,"campfire_choices":[{"data":"Darkness","floor":7,"key":"SMITH"},{"floor":11,"key":"REST"},{"data":"Zap","floor":13,"key":"SMITH"},{"data":"Dualcast","floor":15,"key":"SMITH"}],"neow_cost":"NO_GOLD","seed_source_timestamp":783311008860162,"circlet_count":0,"master_deck":["AscendersBane","Strike_B","Strike_B","Strike_B","Defend_B","Defend_B","Defend_B","Defend_B","Zap+1","Dualcast+1","Darkness+1","Conserve Battery","Auto Shields","Coolheaded","Reinforced Body","Hologram","Biased Cognition","Core Surge","Glacier","Writhe"],"relics":["Cracked Core","Du-Vu Doll","Dodecahedron","Tiny Chest","Cursed Key","Torii"],"potions_floor_usage":[8,14,18,18],"damage_taken":[{"damage":0,"enemies":"2 Louse","floor":1,"turns":3},{"damage":7,"enemies":"Small Slimes","floor":2,"turns":3},{"damage":2,"enemies":"Jaw Worm","floor":3,"turns":3},{"damage":9,"enemies":"Looter","floor":5,"turns":4},{"damage":14,"enemies":"Lagavulin","floor":6,"turns":7},{"damage":36,"enemies":"Gremlin Nob","floor":8,"turns":4},{"damage":8,"enemies":"3 Louse","floor":10,"turns":4},{"damage":6,"enemies":"Lagavulin","floor":14,"turns":7},{"damage":8,"enemies":"Slime Boss","floor":16,"turns":9},{"damage":17,"enemies":"3 Byrds","floor":18,"turns":5},{"damage":62,"enemies":"Gremlin Leader","floor":23,"turns":6}],"seed_played":"3163061407119132715","potions_obtained":[{"floor":1,"key":"SkillPotion"},{"floor":6,"key":"FocusPotion"},{"floor":10,"key":"Fruit Juice"},{"floor":16,"key":"SpeedPotion"}],"is_trial":false,"path_per_floor":["M","M","M","?","M","E","R","E","T","M","R","$","R","E","R","B",null,"M","?","?","T","T","E"],"character_chosen":"DEFECT","items_purchased":["Hologram"],"campfire_rested":1,"item_purchase_floors":[12],"current_hp_per_floor":[78,71,69,85,76,62,62,26,26,18,43,43,43,42,42,34,76,59,59,59,59,59,0],"gold":115,"neow_bonus":"TWENTY_PERCENT_HP_BONUS","is_prod":false,"is_daily":false,"chose_seed":false,"campfire_upgraded":3,"win_rate":0,"timestamp":1549142040,"path_taken":["M","M","M","?","M","E","R","E","T","M","R","$","R","E","R","BOSS","M","?","?","?","?","E"],"build_version":"2019-01-23","purchased_purges":0,"victory":false,"max_hp_per_floor":[85,85,85,85,85,85,85,85,85,85,85,85,85,90,90,90,90,90,90,90,90,90,90],"card_choices":[{"not_picked":["Steam","Rebound"],"picked":"Darkness","floor":1},{"not_picked":["Rebound","Compile Driver"],"picked":"Conserve Battery","floor":2},{"not_picked":["Rebound","Sweeping Beam"],"picked":"Auto Shields","floor":3},{"not_picked":["Conserve Battery","Aggregate","Steam Power"],"picked":"SKIP","floor":5},{"not_picked":["Leap","Amplify"],"picked":"Coolheaded","floor":6},{"not_picked":["Ball Lightning","Conserve Battery"],"picked":"Reinforced Body","floor":8},{"not_picked":["Barrage","Sweeping Beam","Compile Driver"],"picked":"SKIP","floor":10},{"not_picked":["Sweeping Beam","Gash"],"picked":"Biased Cognition","floor":14},{"not_picked":["Fission","Machine Learning"],"picked":"Core Surge","floor":16},{"not_picked":["Barrage","Skim"],"picked":"Glacier","floor":18}],"player_experience":1611925,"relics_obtained":[{"floor":6,"key":"Du-Vu Doll"},{"floor":8,"key":"Dodecahedron"},{"floor":14,"key":"Tiny Chest"},{"floor":21,"key":"Torii"}],"event_choices":[{"damage_healed":21,"gold_gain":0,"player_choice":"Healed","damage_taken":0,"max_hp_gain":0,"max_hp_loss":0,"event_name":"The Cleric","floor":4,"gold_loss":35},{"damage_healed":0,"gold_gain":0,"player_choice":"Ignored","damage_taken":0,"max_hp_gain":0,"max_hp_loss":0,"event_name":"The Mausoleum","floor":19,"gold_loss":0},{"cards_removed":["Strike_B"],"damage_healed":0,"gold_gain":0,"player_choice":"Gave Gold","damage_taken":0,"max_hp_gain":0,"max_hp_loss":0,"event_name":"Beggar","floor":20,"gold_loss":75}],"is_beta":false,"boss_relics":[{"not_picked":["White Beast Statue","Philosopher\u0027s Stone"],"picked":"Cursed Key"}],"items_purged_floors":[],"is_endless":false,"potions_floor_spawned":[1,6,10,16],"killed_by":"Gremlin Leader","ascension_level":20}