{"gold_per_floor":[119,119,133,151,175,216,216,255,330,330,348,372,34,55,55,144,144,162,82,103,103,46,84,134,174,174,174,198,237,237,255,255,354,354,369,394,519,588,604,604,638,661,661,477,477,516,516,516,516,516,516,516,516,41,41],"floor_reached":55,"playtime":5723,"items_purged":["Strike_B","Defend_B+1","Defend_B+1"],"score":2165,"play_id":"75559fde-92bf-4c71-afdf-fdcf249b9282","local_time":"20190126145042","is_ascension_mode":true,"campfire_choices":[{"floor":10.0,"key":"REST"},{"data":"Defragment","floor":15.0,"key":"SMITH"},{"data":"Hologram","floor":27.0,"key":"SMITH"},{"data":"Hologram","floor":32.0,"key":"SMITH"},{"data":"Coolheaded","floor":40.0,"key":"SMITH"},{"floor":45.0,"key":"RECALL"},{"floor":47.0,"key":"REST"},{"data":"Capacitor","floor":49.0,"key":"SMITH"},{"data":"Skim","floor":53.0,"key":"SMITH"}],"neow_cost":"NONE","seed_source_timestamp":0,"circlet_count":0,"master_deck":["AscendersBane","Strike_B+1","Strike_B+1","Strike_B+1","Defend_B+1","Defend_B+1","Zap","Dualcast","Streamline","Coolheaded+1","Glacier","Recycle","Skim+1","Defragment+1","Hologram+1","Meteor Strike+1","Tempest","Capacitor+1","Hologram+1","Sunder","Biased Cognition","Conserve Battery+1","Stack","Biased Cognition","Core Surge+1","Tempest","Biased Cognition","Dark Shackles","Coolheaded"],"special_seed":0,"relics":["Snecko Eye","Golden Idol","Ornamental Fan","Shovel","Sundial","OrangePellets","Nuclear Battery","Boot","Lantern","Gremlin Horn","Bottled Flame","Black Star","Pocketwatch","Darkstone Periapt","Letter Opener","Cables","Omamori","Whetstone"],"potions_floor_usage":[55],"damage_taken":[{"damage":0.0,"enemies":"2 Louse","floor":1.0,"turns":2.0},{"damage":2.0,"enemies":"Jaw Worm","floor":3.0,"turns":4.0},{"damage":2.0,"enemies":"Cultist","floor":4.0,"turns":4.0},{"damage":2.0,"enemies":"Red Slaver","floor":5.0,"turns":3.0},{"damage":21.0,"enemies":"Lagavulin","floor":6.0,"turns":7.0},{"damage":35.0,"enemies":"3 Sentries","floor":8.0,"turns":10.0},{"damage":7.0,"enemies":"Blue Slaver","floor":11.0,"turns":4.0},{"damage":1.0,"enemies":"Looter","floor":12.0,"turns":3.0},{"damage":2.0,"enemies":"Exordium Wildlife","floor":14.0,"turns":4.0},{"damage":3.0,"enemies":"Hexaghost","floor":16.0,"turns":11.0},{"damage":0.0,"enemies":"Chosen","floor":18.0,"turns":4.0},{"damage":0.0,"enemies":"Spheric Guardian","floor":20.0,"turns":3.0},{"damage":6.0,"enemies":"Book of Stabbing","floor":23.0,"turns":5.0},{"damage":0.0,"enemies":"Gremlin Leader","floor":25.0,"turns":4.0},{"damage":0.0,"enemies":"Cultist and Chosen","floor":28.0,"turns":5.0},{"damage":4.0,"enemies":"Book of Stabbing","floor":29.0,"turns":4.0},{"damage":0.0,"enemies":"3 Cultists","floor":31.0,"turns":2.0},{"damage":0.0,"enemies":"Automaton","floor":33.0,"turns":8.0},{"damage":5.0,"enemies":"Orb Walker","floor":35.0,"turns":3.0},{"damage":0.0,"enemies":"3 Shapes","floor":36.0,"turns":3.0},{"damage":0.0,"enemies":"Mind Bloom Boss Battle","floor":37.0,"turns":5.0},{"damage":2.0,"enemies":"2 Orb Walkers","floor":38.0,"turns":3.0},{"damage":8.0,"enemies":"Spire Growth","floor":39.0,"turns":3.0},{"damage":0.0,"enemies":"Giant Head","floor":41.0,"turns":7.0},{"damage":1.0,"enemies":"Jaw Worm Horde","floor":42.0,"turns":4.0},{"damage":0.0,"enemies":"Nemesis","floor":46.0,"turns":3.0},{"damage":29.0,"enemies":"Donu and Deca","floor":50.0,"turns":7.0},{"damage":11.0,"enemies":"Awakened One","floor":51.0,"turns":12.0},{"damage":101,"enemies":"Shield and Spear","floor":55,"turns":3}],"seed_played":"-3543288333925431253","potions_obtained":[{"floor":1.0,"key":"GamblersBrew"},{"floor":5.0,"key":"Strength Potion"},{"floor":12.0,"key":"PowerPotion"},{"floor":16.0,"key":"Dexterity Potion"},{"floor":20.0,"key":"LiquidBronze"},{"floor":23.0,"key":"Explosive Potion"},{"floor":28.0,"key":"Block Potion"},{"floor":33.0,"key":"FocusPotion"},{"floor":35.0,"key":"SkillPotion"},{"floor":38.0,"key":"Poison Potion"}],"is_trial":false,"path_per_floor":["M","?","M","M","M","E","?","E","T","R","M","M","$","M","R","B",null,"M","$","M","?","$","E","?","E","T","R","M","E","?","M","R","B",null,"M","M","?","?","M","R","E","M","T","$","R","E","R","?","R","B","B",null,"R","$","E"],"character_chosen":"DEFECT","items_purchased":["OrangePellets","Defragment","Capacitor","Hologram","GamblersBrew","LiquidBronze","Whetstone","Block Potion","Coolheaded"],"campfire_rested":2,"item_purchase_floors":[13,13,19,22,44,54,54,54,54],"current_hp_per_floor":[64,64,62,60,58,37,37,2,2,21,14,13,13,11,11,8,50,50,50,50,50,50,44,44,44,44,44,44,40,40,40,40,40,58,53,53,53,51,43,43,43,42,42,42,42,42,61,61,61,32,21,53,53,53,0],"gold":41,"neow_bonus":"BOSS_RELIC","is_prod":false,"is_daily":false,"chose_seed":false,"campfire_upgraded":6,"win_rate":0,"timestamp":1548510642,"path_taken":["M","?","M","M","M","E","?","E","T","R","M","M","$","M","R","BOSS","M","$","M","?","$","E","?","E","T","R","M","E","?","?","R","BOSS","M","M","?","?","M","R","E","M","T","$","R","E","R","?","R","BOSS","BOSS","R","$","E"],"build_version":"2019-01-23","purchased_purges":3,"victory":false,"max_hp_per_floor":[71,64,64,64,64,64,64,64,64,64,64,64,64,64,64,64,64,64,64,64,64,64,64,64,64,64,64,64,64,64,64,64,64,64,64,64,64,64,64,64,64,64,64,64,64,64,64,64,64,64,64,64,64,64,64],"card_choices":[{"not_picked":["Scrape","Steam","Beam Cell"],"picked":"SKIP","floor":1.0},{"not_picked":["Steam","Skim"],"picked":"Streamline","floor":3.0},{"not_picked":["Scrape","Stack"],"picked":"Coolheaded","floor":4.0},{"not_picked":["Double Energy","Conserve Battery","Stack"],"picked":"SKIP","floor":5.0},{"not_picked":["Sweeping Beam","Reboot","Undo"],"picked":"SKIP","floor":6.0},{"not_picked":["Stack","Leap"],"picked":"Glacier","floor":8.0},{"not_picked":["Reinforced Body","Fusion"],"picked":"Recycle","floor":11.0},{"not_picked":["Leap","Sweeping Beam"],"picked":"Skim","floor":12.0},{"not_picked":["Sweeping Beam","Loop"],"picked":"Hologram","floor":14.0},{"not_picked":["Seek","Creative AI"],"picked":"Meteor Strike","floor":16.0},{"not_picked":["Coolheaded","White Noise"],"picked":"Tempest","floor":18.0},{"not_picked":["Steam Power","Gash","Conserve Battery"],"picked":"SKIP","floor":20.0},{"not_picked":["Beam Cell","Tempest"],"picked":"Sunder","floor":23.0},{"not_picked":["Rip and Tear","Steam"],"picked":"Biased Cognition","floor":25.0},{"not_picked":["Gash","Cold Snap"],"picked":"Conserve Battery+1","floor":28.0},{"not_picked":["Beam Cell","Go for the Eyes"],"picked":"Stack","floor":29.0},{"not_picked":["Cold Snap","Conserve Battery","Beam Cell"],"picked":"SKIP","floor":31.0},{"not_picked":["Electrodynamics","Amplify"],"picked":"Core Surge","floor":33.0},{"not_picked":["Streamline","Conserve Battery","Self Repair"],"picked":"SKIP","floor":35.0},{"not_picked":["Streamline","Storm","Rebound+1"],"picked":"SKIP","floor":36.0},{"not_picked":["Barrage","Melter+1","FTL"],"picked":"SKIP","floor":39.0},{"not_picked":["Heatsinks","Chill","Steam"],"picked":"SKIP","floor":41.0},{"not_picked":["Heatsinks","Barrage"],"picked":"Tempest","floor":42.0},{"not_picked":["Leap","Streamline"],"picked":"Biased Cognition","floor":46.0},{"not_picked":["Transmutation","Finesse"],"picked":"Dark Shackles","floor":48.0}],"player_experience":1589890,"relics_obtained":[{"floor":6.0,"key":"Ornamental Fan"},{"floor":8.0,"key":"Shovel"},{"floor":9.0,"key":"Sundial"},{"floor":23.0,"key":"Boot"},{"floor":25.0,"key":"Lantern"},{"floor":26.0,"key":"Gremlin Horn"},{"floor":29.0,"key":"Bottled Flame"},{"floor":38.0,"key":"Pocketwatch"},{"floor":41.0,"key":"Darkstone Periapt"},{"floor":41.0,"key":"Letter Opener"},{"floor":46.0,"key":"Cables"},{"floor":46.0,"key":"Omamori"}],"event_choices":[{"damage_healed":0.0,"max_hp_gain":0.0,"max_hp_loss":7.0,"gold_gain":0.0,"event_name":"Golden Idol","player_choice":"Lose Max HP","floor":2.0,"gold_loss":0.0,"damage_taken":0.0,"relics_obtained":["Golden Idol"]},{"damage_healed":0.0,"max_hp_gain":0.0,"max_hp_loss":0.0,"gold_gain":0.0,"event_name":"Liars Game","player_choice":"Ignored","floor":7.0,"gold_loss":0.0,"damage_taken":0.0},{"damage_healed":0.0,"max_hp_gain":0.0,"max_hp_loss":0.0,"gold_gain":0.0,"event_name":"Back to Basics","player_choice":"Simplicity","floor":21.0,"gold_loss":0.0,"damage_taken":0.0,"cards_upgraded":["Strike_B","Strike_B","Strike_B","Defend_B","Defend_B","Defend_B","Defend_B"]},{"damage_healed":0.0,"max_hp_gain":0.0,"max_hp_loss":0.0,"gold_gain":50.0,"event_name":"Nest","player_choice":"Stole From Cult","floor":24.0,"gold_loss":0.0,"damage_taken":0.0},{"damage_healed":0.0,"max_hp_gain":0.0,"max_hp_loss":0.0,"gold_gain":0.0,"event_name":"Duplicator","player_choice":"Copied","floor":30.0,"gold_loss":0.0,"damage_taken":0.0,"cards_obtained":["Biased Cognition"]},{"damage_healed":0.0,"max_hp_gain":0.0,"max_hp_loss":0.0,"gold_gain":0.0,"event_name":"MindBloom","player_choice":"Fight","floor":37.0,"gold_loss":0.0,"damage_taken":0.0},{"damage_healed":0.0,"max_hp_gain":0.0,"max_hp_loss":0.0,"gold_gain":0.0,"event_name":"Mysterious Sphere","player_choice":"Fight","floor":38.0,"gold_loss":0.0,"damage_taken":0.0},{"damage_healed":0.0,"max_hp_gain":0.0,"max_hp_loss":0.0,"gold_gain":0.0,"event_name":"SensoryStone","player_choice":"Memory 1","floor":48.0,"gold_loss":0.0,"damage_taken":0.0}],"is_beta":false,"boss_relics":[{"not_picked":["Philosopher\u0027s Stone","White Beast Statue"],"picked":"Nuclear Battery"},{"not_picked":["Eternal Feather","Runic Dome"],"picked":"Black Star"}],"items_purged_floors":[13,44,54],"is_endless":false,"potions_floor_spawned":[1,5,12,16,20,23,28,33,35,37,38],"killed_by":"Shield and Spear","ascension_level":20}