{"gold_per_floor":[214,233,245,40,40,65,65,90,144,34,59,59,59,9,9,9],"floor_reached":16,"playtime":949,"items_purged":["Strike_R"],"score":232,"play_id":"628e29b3-cf9e-4b57-8b48-a604a93c70a3","local_time":"20190303213503","is_ascension_mode":true,"campfire_choices":[{"floor":7.0,"key":"REST"},{"floor":13,"key":"REST"},{"data":"Inflame","floor":15,"key":"SMITH"}],"neow_cost":"NONE","seed_source_timestamp":1035940039537966,"circlet_count":0,"master_deck":["AscendersBane","Strike_R","Strike_R","Strike_R","Strike_R","Defend_R","Defend_R","Defend_R+1","Defend_R","Bash","Feel No Pain","Ghostly Armor","Feed","Panacea+1","Wild Strike","Inflame+1","Inflame+1","Anger","Carnage"],"special_seed":0,"relics":["Burning Blood","Ornamental Fan","Smiling Mask","War Paint","Regal Pillow","Blood Vial"],"potions_floor_usage":[16],"damage_taken":[{"damage":9.0,"enemies":"Jaw Worm","floor":1.0,"turns":4.0},{"damage":7.0,"enemies":"2 Louse","floor":2.0,"turns":4.0},{"damage":2.0,"enemies":"Cultist","floor":3.0,"turns":4.0},{"damage":35.0,"enemies":"3 Sentries","floor":6.0,"turns":19.0},{"damage":55.0,"enemies":"Lagavulin","floor":8.0,"turns":8.0},{"damage":15,"enemies":"3 Sentries","floor":11,"turns":8},{"damage":47,"enemies":"The Guardian","floor":16,"turns":9}],"seed_played":"553875147114372454","potions_obtained":[{"floor":2.0,"key":"Dexterity Potion"},{"floor":11,"key":"FearPotion"}],"is_trial":false,"path_per_floor":["M","M","M","$","?","E","R","E","T","$","E","?","R","?","R","B"],"character_chosen":"IRONCLAD","items_purchased":["Panacea","Wild Strike","Inflame","Anger"],"campfire_rested":2,"item_purchase_floors":[4,4,10,10],"current_hp_per_floor":[65,64,68,68,68,42,65,16,16,16,7,7,45,45,45,0],"gold":9,"neow_bonus":"HUNDRED_GOLD","is_prod":false,"is_daily":false,"chose_seed":false,"campfire_upgraded":1,"win_rate":0,"timestamp":1551645303,"path_taken":["M","M","M","$","?","E","R","E","T","$","E","?","R","?","R","BOSS"],"build_version":"2019-01-23","purchased_purges":1,"victory":false,"max_hp_per_floor":[75,75,75,75,75,78,78,78,78,78,78,78,78,78,78,78],"card_choices":[{"not_picked":["Thunderclap","Pommel Strike"],"picked":"Feel No Pain","floor":1.0},{"not_picked":["Perfected Strike","Pommel Strike"],"picked":"Ghostly Armor","floor":2.0},{"not_picked":["Headbutt","Rage"],"picked":"Feed","floor":3.0},{"not_picked":["Reckless Charge","Heavy Blade"],"picked":"Inflame","floor":6.0},{"not_picked":["Blood for Blood","Heavy Blade","Warcry"],"picked":"SKIP","floor":8.0},{"not_picked":["Thunderclap","Havoc"],"picked":"Carnage","floor":11}],"player_experience":1881219,"relics_obtained":[{"floor":6.0,"key":"Ornamental Fan"},{"floor":8.0,"key":"Smiling Mask"},{"floor":9.0,"key":"War Paint"},{"floor":11,"key":"Regal Pillow"}],"event_choices":[{"damage_healed":0.0,"max_hp_gain":0.0,"max_hp_loss":0.0,"gold_gain":0.0,"event_name":"The Cleric","player_choice":"Leave","floor":5.0,"gold_loss":0.0,"damage_taken":0.0},{"damage_healed":0,"gold_gain":0,"player_choice":"Grow","damage_taken":0,"max_hp_gain":0,"max_hp_loss":0,"event_name":"Living Wall","floor":12,"gold_loss":0,"cards_upgraded":["Inflame"]},{"damage_healed":0,"gold_gain":0,"player_choice":"Paid Gold","damage_taken":0,"relics_obtained":["Blood Vial"],"max_hp_gain":0,"max_hp_loss":0,"event_name":"WeMeetAgain","floor":14,"gold_loss":50}],"is_beta":false,"boss_relics":[],"items_purged_floors":[4],"is_endless":false,"potions_floor_spawned":[2,11],"killed_by":"The Guardian","ascension_level":20}