{"gold_per_floor":[114,114,8,8,27,27,59,83,108,108,108,128,145,161,161,263,263,282,282,282,207,125,125,152,152,178,197,145,162,77,90,90,90],"floor_reached":33,"playtime":2599,"items_purged":[],"score":263,"play_id":"4e5d6a1d-744a-4ab6-96c6-a37c44057c63","local_time":"20190523213815","is_ascension_mode":false,"campfire_choices":[{"floor":6,"key":"REST"},{"floor":11,"key":"REST"},{"floor":15,"key":"REST"},{"data":"Fusion","floor":23,"key":"SMITH"},{"floor":25,"key":"REST"},{"floor":32,"key":"REST"}],"neow_cost":"NONE","seed_source_timestamp":294630988991800,"circlet_count":0,"master_deck":["Strike_B","Strike_B+1","Strike_B+1","Defend_B","Defend_B","Defend_B","Zap","Dualcast","Turbo","Capacitor","Barrage","Redo","Steam","Ball Lightning","Fusion+1","Compile Driver","Electrodynamics","All For One","Go for the Eyes","Defragment","Skim","Rebound","Conserve Battery","FTL+1","Chaos"],"relics":["Cracked Core","Whetstone","Bag of Preparation","Happy Flower","Odd Mushroom","Anchor","Philosopher\u0027s Stone","Enchiridion","Pen Nib","PreservedInsect","Bronze Scales"],"potions_floor_usage":[],"damage_taken":[{"damage":0,"enemies":"2 Louse","floor":1,"turns":2},{"damage":6,"enemies":"Jaw Worm","floor":5,"turns":3},{"damage":30,"enemies":"3 Sentries","floor":7,"turns":6},{"damage":8,"enemies":"The Mushroom Lair","floor":8,"turns":4},{"damage":0,"enemies":"Small Slimes","floor":12,"turns":2},{"damage":5,"enemies":"Looter","floor":13,"turns":3},{"damage":2,"enemies":"2 Fungi Beasts","floor":14,"turns":3},{"damage":46,"enemies":"Hexaghost","floor":16,"turns":8},{"damage":7,"enemies":"Shell Parasite","floor":18,"turns":3},{"damage":41,"enemies":"Book of Stabbing","floor":24,"turns":5},{"damage":0,"enemies":"Spheric Guardian","floor":27,"turns":3},{"damage":23,"enemies":"Snake Plant","floor":29,"turns":3},{"damage":7,"enemies":"Snecko","floor":31,"turns":4},{"damage":25,"enemies":"Collector","floor":33,"turns":2}],"seed_played":"800999571108725501","potions_obtained":[{"floor":8,"key":"Explosive Potion"},{"floor":13,"key":"PowerPotion"},{"floor":27,"key":"Fire Potion"},{"floor":31,"key":"Energy Potion"}],"is_trial":false,"path_per_floor":["M","?","$","?","M","R","E","?","T","?","R","M","M","M","R","B",null,"M","?","?","?","$","R","E","R","T","M","$","M","?","M","R","B"],"character_chosen":"DEFECT","items_purchased":["Capacitor","Barrage","Defragment","Conserve Battery"],"campfire_rested":5,"item_purchase_floors":[3,3,22,28],"current_hp_per_floor":[75,50,50,50,44,66,36,28,28,21,43,43,38,36,58,12,75,68,52,52,52,52,52,11,33,33,33,33,10,10,3,25,0],"gold":90,"neow_bonus":"RANDOM_COMMON_RELIC","is_prod":false,"is_daily":false,"chose_seed":false,"campfire_upgraded":1,"win_rate":0.0,"timestamp":1558661895,"path_taken":["M","?","?","?","M","R","E","?","T","?","R","?","M","M","R","BOSS","M","?","?","?","?","R","E","R","T","M","$","M","?","M","R","BOSS"],"build_version":"2019-01-23","purchased_purges":0,"victory":false,"max_hp_per_floor":[75,75,75,75,75,75,75,75,75,75,75,75,75,75,75,75,75,75,75,75,75,75,75,75,75,75,75,75,75,75,75,75,75],"card_choices":[{"not_picked":["Steam","Cold Snap"],"picked":"Turbo","floor":1},{"not_picked":["Barrage","Reinforced Body"],"picked":"Redo","floor":5},{"not_picked":["Gash","Undo"],"picked":"Steam","floor":7},{"not_picked":["Reinforced Body","Heatsinks"],"picked":"Ball Lightning","floor":8},{"not_picked":["Leap","Gash"],"picked":"Fusion","floor":12},{"not_picked":["Hologram","Cold Snap"],"picked":"Compile Driver","floor":13},{"not_picked":["Steam","Barrage"],"picked":"Electrodynamics","floor":14},{"not_picked":["Fission","Buffer"],"picked":"All For One","floor":16},{"not_picked":["Melter+1","Turbo"],"picked":"Go for the Eyes","floor":18},{"not_picked":["Melter","Aggregate"],"picked":"Skim","floor":24},{"not_picked":["Streamline","Compile Driver"],"picked":"Rebound","floor":27},{"not_picked":["Glacier","Storm"],"picked":"FTL+1","floor":29},{"not_picked":["Glacier","Defragment"],"picked":"Chaos","floor":31}],"player_experience":10323,"relics_obtained":[{"floor":7,"key":"Happy Flower"},{"floor":8,"key":"Odd Mushroom"},{"floor":9,"key":"Anchor"},{"floor":19,"key":"Enchiridion"},{"floor":24,"key":"Pen Nib"},{"floor":26,"key":"PreservedInsect"}],"event_choices":[{"damage_healed":0,"gold_gain":0,"player_choice":"Success","damage_taken":25,"relics_obtained":["Bag of Preparation"],"max_hp_gain":0,"max_hp_loss":0,"event_name":"Scrap Ooze","floor":2,"gold_loss":0},{"damage_healed":0,"gold_gain":0,"player_choice":"Leave","damage_taken":0,"max_hp_gain":0,"max_hp_loss":0,"event_name":"The Cleric","floor":4,"gold_loss":0},{"damage_healed":0,"gold_gain":0,"player_choice":"Fought Mushrooms","damage_taken":0,"max_hp_gain":0,"max_hp_loss":0,"event_name":"Mushrooms","floor":8,"gold_loss":0},{"cards_removed":["Defend_B"],"damage_healed":0,"gold_gain":0,"player_choice":"Card Removal","damage_taken":7,"max_hp_gain":0,"max_hp_loss":0,"event_name":"Golden Wing","floor":10,"gold_loss":0},{"damage_healed":0,"gold_gain":0,"player_choice":"Obtained Book","damage_taken":16,"max_hp_gain":0,"max_hp_loss":0,"event_name":"Cursed Tome","floor":19,"gold_loss":0},{"damage_healed":0,"gold_gain":0,"player_choice":"Ignored","damage_taken":0,"max_hp_gain":0,"max_hp_loss":0,"event_name":"Vampires","floor":20,"gold_loss":0},{"cards_removed":["Strike_B"],"damage_healed":0,"gold_gain":0,"player_choice":"Gave Gold","damage_taken":0,"max_hp_gain":0,"max_hp_loss":0,"event_name":"Beggar","floor":21,"gold_loss":75},{"damage_healed":0,"gold_gain":0,"player_choice":"Obtained Relic","damage_taken":0,"relics_obtained":["Bronze Scales"],"max_hp_gain":0,"max_hp_loss":0,"event_name":"Addict","floor":30,"gold_loss":85}],"is_beta":false,"boss_relics":[{"not_picked":["Sozu","Orrery"],"picked":"Philosopher\u0027s Stone"}],"items_purged_floors":[],"is_endless":false,"potions_floor_spawned":[8,13,27,31],"killed_by":"Collector","ascension_level":0}