{"gold_per_floor":[20,35,53,53,69,102,102,130,208,208,283,309,322,322,322,322],"floor_reached":16,"playtime":1225,"items_purged":[],"score":290,"play_id":"31b3ff92-a484-4a8e-b4fe-e7ef529fd223","local_time":"20190226205024","is_ascension_mode":true,"campfire_choices":[{"data":"Footwork","floor":7,"key":"SMITH"},{"floor":10,"key":"REST"},{"floor":15,"key":"REST"}],"neow_cost":"NO_GOLD","seed_source_timestamp":601171100528869,"circlet_count":0,"master_deck":["AscendersBane","Defend_G","Defend_G","Defend_G","Defend_G","Defend_G","Strike_G","Strike_G","Strike_G","Strike_G","Strike_G","Survivor","Neutralize+1","Dagger Throw","Finisher","Calculated Gamble","Footwork+1","Blur","Deadly Poison","Envenom","Backflip"],"relics":["Ring of the Snake","Tough Bandages","Pen Nib","The Specimen","Ninja Scroll","Blood Vial"],"potions_floor_usage":[6,8,16],"damage_taken":[{"damage":0,"enemies":"Jaw Worm","floor":1,"turns":5},{"damage":0,"enemies":"Small Slimes","floor":2,"turns":3},{"damage":0,"enemies":"Cultist","floor":3,"turns":3},{"damage":1,"enemies":"Blue Slaver","floor":5,"turns":3},{"damage":14,"enemies":"Lagavulin","floor":6,"turns":9},{"damage":28,"enemies":"3 Sentries","floor":8,"turns":14},{"damage":0,"enemies":"Gremlin Nob","floor":12,"turns":3},{"damage":0,"enemies":"Exordium Wildlife","floor":13,"turns":3},{"damage":62,"enemies":"Slime Boss","floor":16,"turns":10}],"seed_played":"1137443273094757869","potions_obtained":[{"floor":5,"key":"SkillPotion"},{"floor":6,"key":"GamblersBrew"},{"floor":12,"key":"EssenceOfSteel"},{"floor":13,"key":"Poison Potion"}],"is_trial":false,"path_per_floor":["M","M","M","?","M","E","R","E","T","R","?","E","M","?","R","B"],"character_chosen":"THE_SILENT","items_purchased":[],"campfire_rested":2,"item_purchase_floors":[],"current_hp_per_floor":[59,59,59,59,58,44,44,16,16,35,24,24,26,26,45,0],"gold":322,"neow_bonus":"ONE_RARE_RELIC","is_prod":false,"is_daily":false,"chose_seed":false,"campfire_upgraded":1,"win_rate":0,"timestamp":1551210624,"path_taken":["M","M","M","?","M","E","R","E","T","R","?","E","M","?","R","BOSS"],"build_version":"2019-01-23","purchased_purges":0,"victory":false,"max_hp_per_floor":[66,66,66,66,66,66,66,66,66,66,66,66,66,66,66,66],"card_choices":[{"not_picked":["Bane","Finisher"],"picked":"Dagger Throw","floor":1},{"not_picked":["Choke","Heel Hook"],"picked":"Finisher","floor":2},{"not_picked":["Expertise","Caltrops"],"picked":"Calculated Gamble","floor":3},{"not_picked":["Sucker Punch","Eviscerate"],"picked":"Footwork","floor":5},{"not_picked":["Choke","Underhanded Strike"],"picked":"Blur","floor":6},{"not_picked":["Tactician","Quick Slash"],"picked":"Deadly Poison","floor":8},{"not_picked":["Outmaneuver","Endless Agony"],"picked":"Envenom","floor":12},{"not_picked":["Slice","Choke"],"picked":"Backflip","floor":13}],"player_experience":1713639,"relics_obtained":[{"floor":6,"key":"Pen Nib"},{"floor":8,"key":"The Specimen"},{"floor":9,"key":"Ninja Scroll"},{"floor":12,"key":"Blood Vial"}],"event_choices":[{"damage_healed":0,"gold_gain":0,"player_choice":"Grow","damage_taken":0,"max_hp_gain":0,"max_hp_loss":0,"event_name":"Living Wall","floor":4,"gold_loss":0,"cards_upgraded":["Neutralize"]},{"damage_healed":0,"gold_gain":75,"player_choice":"Gather Gold","damage_taken":11,"max_hp_gain":0,"max_hp_loss":0,"event_name":"World of Goop","floor":11,"gold_loss":0},{"damage_healed":0,"gold_gain":0,"player_choice":"Ignored","damage_taken":0,"max_hp_gain":0,"max_hp_loss":0,"event_name":"Shining Light","floor":14,"gold_loss":0}],"is_beta":false,"boss_relics":[],"items_purged_floors":[],"is_endless":false,"potions_floor_spawned":[5,6,12,13],"killed_by":"Slime Boss","ascension_level":20}