{"gold_per_floor":[116,116,131,131,31,31,51,51,51,63,89,108,123,123,123,212,212,112,112,29,52,93,93],"floor_reached":23,"playtime":1310,"items_purged":["Strike_R"],"score":378,"play_id":"1fb4e78d-e512-4e05-8d6a-46843118f7a8","local_time":"20190328204104","is_ascension_mode":true,"campfire_choices":[{"floor":6,"key":"DIG"},{"floor":8,"key":"DIG"},{"floor":15,"key":"DIG"}],"neow_cost":"TEN_PERCENT_HP_LOSS","seed_source_timestamp":344145433753380,"circlet_count":0,"master_deck":["AscendersBane","Strike_R","Strike_R","Strike_R","Strike_R","Defend_R+1","Defend_R","Defend_R+1","Defend_R","Bash","Pommel Strike","Corruption","Shrug It Off","Clothesline","Headbutt","Uppercut","Whirlwind","Juggernaut","Limit Break","Clumsy","Doubt","Clumsy","Feel No Pain+1","Ghostly","Ghostly","Ghostly","Sentinel"],"relics":["Burning Blood","Shovel","Pocketwatch","Mango","Incense Burner","Unceasing Top","Centennial Puzzle","Golden Idol","Meat on the Bone","Calling Bell","Pen Nib","Frozen Egg 2","Turnip","Red Mask"],"potions_floor_usage":[16,16,22,23],"damage_taken":[{"damage":2,"enemies":"Cultist","floor":1,"turns":4},{"damage":8,"enemies":"Jaw Worm","floor":3,"turns":4},{"damage":0,"enemies":"Small Slimes","floor":7,"turns":4},{"damage":6,"enemies":"3 Louse","floor":10,"turns":5},{"damage":3,"enemies":"Lagavulin","floor":11,"turns":8},{"damage":2,"enemies":"Looter","floor":12,"turns":4},{"damage":1,"enemies":"Large Slime","floor":13,"turns":6},{"damage":48,"enemies":"Slime Boss","floor":16,"turns":9},{"damage":24,"enemies":"2 Thieves","floor":18,"turns":5},{"damage":31,"enemies":"3 Byrds","floor":21,"turns":8},{"damage":19,"enemies":"Masked Bandits","floor":22,"turns":3},{"damage":36,"enemies":"Slavers","floor":23,"turns":4}],"seed_played":"3779550847594496366","potions_obtained":[{"floor":7,"key":"Energy Potion"},{"floor":10,"key":"Regen Potion"},{"floor":13,"key":"AttackPotion"},{"floor":21,"key":"SkillPotion"},{"floor":22,"key":"FearPotion"}],"is_trial":false,"path_per_floor":["M","?","M","T","$","R","M","R","T","M","E","M","M","?","R","B",null,"M","?","$","M","?","E"],"character_chosen":"IRONCLAD","items_purchased":["Shrug It Off","Sentinel"],"campfire_rested":0,"item_purchase_floors":[5,20],"current_hp_per_floor":[68,48,46,46,46,60,66,66,66,66,69,73,78,50,50,20,67,49,41,41,28,27,0],"gold":93,"neow_bonus":"ONE_RARE_RELIC","is_prod":false,"is_daily":false,"chose_seed":false,"campfire_upgraded":0,"win_rate":0,"timestamp":1553802064,"path_taken":["M","?","M","?","$","R","M","R","T","M","E","?","M","?","R","BOSS","M","?","$","M","?","E"],"build_version":"2019-01-23","purchased_purges":1,"victory":false,"max_hp_per_floor":[68,68,68,68,68,82,82,82,82,82,82,82,82,82,82,82,82,82,41,41,41,41,41],"card_choices":[{"not_picked":["Perfected Strike","Armaments"],"picked":"Pommel Strike","floor":1},{"not_picked":["Searing Blow","Hemokinesis"],"picked":"Corruption","floor":3},{"not_picked":["Rupture","Body Slam"],"picked":"Clothesline","floor":7},{"not_picked":["Rupture","Heavy Blade"],"picked":"Headbutt","floor":10},{"not_picked":["Armaments","Heavy Blade"],"picked":"Uppercut","floor":11},{"not_picked":["Thunderclap","Flex"],"picked":"Whirlwind","floor":12},{"not_picked":["Pummel","Wild Strike"],"picked":"Juggernaut","floor":13},{"not_picked":["Barricade","Double Tap"],"picked":"Limit Break","floor":16},{"not_picked":["Corruption+1","Flame Barrier"],"picked":"Feel No Pain+1","floor":18},{"not_picked":["Body Slam","Iron Wave","Bloodletting"],"picked":"SKIP","floor":21}],"player_experience":2219674,"relics_obtained":[{"floor":4,"key":"Pocketwatch"},{"floor":6,"key":"Mango"},{"floor":8,"key":"Incense Burner"},{"floor":9,"key":"Unceasing Top"},{"floor":11,"key":"Centennial Puzzle"},{"floor":15,"key":"Meat on the Bone"},{"floor":17,"key":"Pen Nib"},{"floor":17,"key":"Frozen Egg 2"},{"floor":17,"key":"Turnip"},{"floor":22,"key":"Red Mask"}],"event_choices":[{"damage_healed":0,"gold_gain":0,"player_choice":"Entered Light","damage_taken":20,"max_hp_gain":0,"max_hp_loss":0,"event_name":"Shining Light","floor":2,"gold_loss":0,"cards_upgraded":["Defend_R","Defend_R"]},{"damage_healed":0,"gold_gain":0,"player_choice":"Take Damage","damage_taken":28,"relics_obtained":["Golden Idol"],"max_hp_gain":0,"max_hp_loss":0,"event_name":"Golden Idol","floor":14,"gold_loss":0},{"damage_healed":0,"gold_gain":0,"player_choice":"Became a Ghost","damage_taken":0,"max_hp_gain":0,"max_hp_loss":41,"event_name":"Ghosts","floor":19,"gold_loss":0,"cards_obtained":["Ghostly","Ghostly","Ghostly"]},{"damage_healed":0,"gold_gain":0,"player_choice":"Fought Bandits","damage_taken":0,"max_hp_gain":0,"max_hp_loss":0,"event_name":"Masked Bandits","floor":22,"gold_loss":0}],"is_beta":false,"boss_relics":[{"not_picked":["Cursed Key","Runic Cube"],"picked":"Calling Bell"}],"items_purged_floors":[5],"is_endless":false,"potions_floor_spawned":[7,10,11,13,21,22],"killed_by":"Slavers","ascension_level":20}