{"gold_per_floor":[111,111,11,23,23,52,52,68,93,112,145,162,162,192,192,271,271,288,288,288,203,17,17,51,51,51,51,78,96,122,135,135,213,213,225,225,244,244,31,65,165,196,196,418,432,432,461,138,138,138,138,138,138,24,52,52],"floor_reached":56,"playtime":4482,"items_purged":["Strike_R+1","Strike_R+1"],"score":2199,"play_id":"f2f14fb0-370f-4538-99fc-6be6639da953","local_time":"20190228134135","is_ascension_mode":true,"campfire_choices":[{"data":"Fiend Fire","floor":7.0,"key":"SMITH"},{"data":"Trip","floor":13.0,"key":"SMITH"},{"data":"Rampage","floor":15.0,"key":"SMITH"},{"floor":23.0,"key":"RECALL"},{"floor":25.0,"key":"REST"},{"floor":32.0,"key":"REST"},{"data":"1","floor":46.0,"key":"LIFT"},{"data":"2","floor":49.0,"key":"LIFT"},{"data":"3","floor":53.0,"key":"LIFT"}],"neow_cost":"NONE","seed_source_timestamp":0,"circlet_count":0,"master_deck":["AscendersBane","Strike_R+1","Strike_R+1","Strike_R+1","Defend_R+1","Defend_R+1","Defend_R+1","Defend_R+1","Headbutt","Trip+1","Thunderclap","Fiend Fire+1","Rampage+1","Spot Weakness+1","Warcry+1","Shockwave+1","Impervious+1","RitualDagger","Shrug It Off+1","Offering+1","True Grit+1","Exhume+1","Impervious+1","Limit Break+1","Pommel Strike","Armaments+1","Exhume+1"],"special_seed":0,"relics":["Black Blood","NeowsBlessing","Centennial Puzzle","Toxic Egg 2","Anchor","Strawberry","Bronze Scales","Fusion Hammer","Bag of Preparation","Vajra","Pear","Red Mask","Mercury Hourglass","Paper Frog","Girya","Sundial","Orichalcum","Gambling Chip","Lantern"],"potions_floor_usage":[56,56],"damage_taken":[{"damage":0.0,"enemies":"Cultist","floor":1.0,"turns":1.0},{"damage":0.0,"enemies":"2 Louse","floor":4.0,"turns":2.0},{"damage":0.0,"enemies":"3 Sentries","floor":6.0,"turns":1.0},{"damage":3.0,"enemies":"Small Slimes","floor":8.0,"turns":2.0},{"damage":3.0,"enemies":"Blue Slaver","floor":10.0,"turns":3.0},{"damage":8.0,"enemies":"Gremlin Nob","floor":11.0,"turns":3.0},{"damage":1.0,"enemies":"Looter","floor":12.0,"turns":2.0},{"damage":10.0,"enemies":"Lagavulin","floor":14.0,"turns":5.0},{"damage":21.0,"enemies":"Hexaghost","floor":16.0,"turns":7.0},{"damage":15.0,"enemies":"2 Thieves","floor":18.0,"turns":4.0},{"damage":12.0,"enemies":"Gremlin Leader","floor":24.0,"turns":5.0},{"damage":7.0,"enemies":"Masked Bandits","floor":28.0,"turns":3.0},{"damage":0.0,"enemies":"3 Byrds","floor":29.0,"turns":2.0},{"damage":15.0,"enemies":"Slavers","floor":30.0,"turns":7.0},{"damage":0.0,"enemies":"Sentry and Sphere","floor":31.0,"turns":4.0},{"damage":18.0,"enemies":"Champ","floor":33.0,"turns":8.0},{"damage":0.0,"enemies":"Orb Walker","floor":35.0,"turns":3.0},{"damage":9.0,"enemies":"3 Darklings","floor":37.0,"turns":7.0},{"damage":32.0,"enemies":"Nemesis","floor":40.0,"turns":5.0},{"damage":6.0,"enemies":"Mind Bloom Boss Battle","floor":41.0,"turns":1.0},{"damage":0.0,"enemies":"Reptomancer","floor":42.0,"turns":3.0},{"damage":2.0,"enemies":"4 Shapes","floor":45.0,"turns":4.0},{"damage":12.0,"enemies":"Giant Head","floor":47.0,"turns":5.0},{"damage":9.0,"enemies":"Donu and Deca","floor":50.0,"turns":6.0},{"damage":12.0,"enemies":"Awakened One","floor":51.0,"turns":6.0},{"damage":6.0,"enemies":"Shield and Spear","floor":55.0,"turns":3.0},{"damage":107,"enemies":"The Heart","floor":56,"turns":8}],"seed_played":"-3202104850475689295","potions_obtained":[{"floor":4.0,"key":"SteroidPotion"},{"floor":6.0,"key":"Energy Potion"},{"floor":10.0,"key":"Block Potion"},{"floor":12.0,"key":"LiquidBronze"},{"floor":24.0,"key":"Strength Potion"},{"floor":30.0,"key":"EssenceOfSteel"},{"floor":37.0,"key":"Fire Potion"},{"floor":40.0,"key":"SpeedPotion"},{"floor":41.0,"key":"Fire Potion"}],"is_trial":false,"path_per_floor":["M","T","$","M","?","E","R","M","T","M","E","M","R","E","R","B",null,"M","?","?","?","$","R","E","R","T","$","?","M","E","M","R","B",null,"M","?","M","?","$","E","?","E","T","?","M","R","E","$","R","B","B",null,"R","$","E","B"],"character_chosen":"IRONCLAD","items_purchased":["Trip","Shrug It Off+1","Explosive Potion","Pommel Strike","Armaments+1","Gambling Chip","Dexterity Potion","Strength Potion"],"campfire_rested":2,"item_purchase_floors":[3,22,22,39,39,48,54,54],"current_hp_per_floor":[74,74,74,75,75,75,75,75,75,75,80,82,82,78,78,63,77,68,62,62,62,62,62,56,80,90,90,89,92,83,89,92,80,89,92,87,87,87,87,65,69,79,79,79,87,87,85,85,85,86,84,86,86,86,87,0],"gold":52,"neow_bonus":"THREE_ENEMY_KILL","is_prod":false,"is_daily":false,"chose_seed":false,"campfire_upgraded":3,"win_rate":0,"timestamp":1551357695,"path_taken":["M","?","$","M","?","E","R","?","T","M","E","M","R","E","R","BOSS","M","?","?","?","$","R","E","R","T","$","?","M","E","M","R","BOSS","M","?","M","?","$","E","?","E","T","?","M","R","E","$","R","BOSS","BOSS","R","$","E","BOSS"],"build_version":"2019-01-23","purchased_purges":2,"victory":false,"max_hp_per_floor":[75,75,75,75,75,75,75,75,75,75,82,82,82,82,82,82,82,82,82,82,82,82,82,82,82,92,92,92,92,92,92,92,92,92,92,87,87,87,87,87,87,87,87,87,87,87,87,87,87,87,87,87,87,87,87,87],"card_choices":[{"not_picked":["Havoc","True Grit"],"picked":"Headbutt","floor":1.0},{"not_picked":["Pummel","Sever Soul"],"picked":"Thunderclap","floor":4.0},{"not_picked":["Perfected Strike","Warcry"],"picked":"Rampage","floor":6.0},{"not_picked":["Thunderclap","Iron Wave","Clash"],"picked":"SKIP","floor":8.0},{"not_picked":["Flex+1","Sword Boomerang"],"picked":"Spot Weakness+1","floor":10.0},{"not_picked":["Perfected Strike","Burning Pact+1"],"picked":"Warcry+1","floor":11.0},{"not_picked":["Armaments+1","Rupture"],"picked":"Shockwave+1","floor":12.0},{"not_picked":["Wild Strike","Rage+1","Thunderclap"],"picked":"SKIP","floor":14.0},{"not_picked":["Bludgeon","Exhume+1"],"picked":"Impervious+1","floor":16.0},{"not_picked":["Twin Strike","Shrug It Off+1"],"picked":"Armaments+1","floor":18.0},{"not_picked":["Shockwave+1","Shrug It Off+1"],"picked":"Offering+1","floor":24.0},{"not_picked":["Entrench+1","Sword Boomerang"],"picked":"True Grit+1","floor":28.0},{"not_picked":["Second Wind+1","Intimidate+1","Havoc+1"],"picked":"SKIP","floor":29.0},{"not_picked":["Sword Boomerang","Pommel Strike"],"picked":"Exhume+1","floor":30.0},{"not_picked":["Heavy Blade","Intimidate+1"],"picked":"Impervious+1","floor":31.0},{"not_picked":["Reaper","Barricade"],"picked":"Limit Break+1","floor":33.0},{"not_picked":["Hemokinesis","Fire Breathing+1","Clash"],"picked":"SKIP","floor":35.0},{"not_picked":["Dual Wield+1","Thunderclap","Sentinel+1"],"picked":"SKIP","floor":37.0},{"not_picked":["Intimidate+1","Combust","Seeing Red+1"],"picked":"SKIP","floor":40.0},{"not_picked":["Warcry+1","Barricade","Anger"],"picked":"SKIP","floor":42.0},{"not_picked":["Clash+1","Anger+1","Fire Breathing+1"],"picked":"SKIP","floor":45.0},{"not_picked":["Clothesline","Perfected Strike","Searing Blow+1"],"picked":"SKIP","floor":47.0},{"not_picked":["Pommel Strike+1","Thunderclap"],"picked":"Exhume+1","floor":55.0}],"player_experience":1740292,"relics_obtained":[{"floor":2.0,"key":"Centennial Puzzle"},{"floor":6.0,"key":"Toxic Egg 2"},{"floor":9.0,"key":"Anchor"},{"floor":11.0,"key":"Strawberry"},{"floor":14.0,"key":"Bronze Scales"},{"floor":24.0,"key":"Vajra"},{"floor":26.0,"key":"Pear"},{"floor":28.0,"key":"Red Mask"},{"floor":30.0,"key":"Mercury Hourglass"},{"floor":40.0,"key":"Paper Frog"},{"floor":41.0,"key":"Girya"},{"floor":42.0,"key":"Sundial"},{"floor":47.0,"key":"Orichalcum"},{"floor":55.0,"key":"Lantern"}],"event_choices":[{"damage_healed":0.0,"max_hp_gain":0.0,"max_hp_loss":0.0,"gold_gain":0.0,"cards_transformed":["Bash"],"event_name":"Transmorgrifier","player_choice":"Transformed","floor":5.0,"gold_loss":0.0,"damage_taken":0.0,"cards_obtained":["Fiend Fire"]},{"damage_healed":0.0,"max_hp_gain":0.0,"max_hp_loss":0.0,"gold_gain":0.0,"event_name":"Nest","player_choice":"Joined the Cult","floor":19.0,"gold_loss":0.0,"damage_taken":6.0,"cards_obtained":["RitualDagger"]},{"damage_healed":0.0,"max_hp_gain":0.0,"max_hp_loss":0.0,"gold_gain":0.0,"event_name":"Back to Basics","player_choice":"Simplicity","floor":20.0,"gold_loss":0.0,"damage_taken":0.0,"cards_upgraded":["Strike_R","Strike_R","Strike_R","Strike_R","Strike_R","Defend_R","Defend_R","Defend_R","Defend_R"]},{"damage_healed":0.0,"max_hp_gain":0.0,"max_hp_loss":0.0,"gold_gain":0.0,"event_name":"Addict","player_choice":"Obtained Relic","floor":21.0,"gold_loss":85.0,"damage_taken":0.0,"relics_obtained":["Bag of Preparation"]},{"damage_healed":0.0,"max_hp_gain":0.0,"max_hp_loss":0.0,"gold_gain":0.0,"event_name":"Masked Bandits","player_choice":"Fought Bandits","floor":28.0,"gold_loss":0.0,"damage_taken":0.0},{"damage_healed":0.0,"max_hp_gain":0.0,"max_hp_loss":5.0,"gold_gain":0.0,"event_name":"Winding Halls","player_choice":"Max HP","floor":36.0,"gold_loss":0.0,"damage_taken":0.0},{"cards_removed":["Armaments"],"damage_healed":0.0,"max_hp_gain":0.0,"max_hp_loss":0.0,"gold_gain":0.0,"event_name":"Falling","player_choice":"Removed Skill","floor":38.0,"gold_loss":0.0,"damage_taken":0.0},{"damage_healed":0.0,"max_hp_gain":0.0,"max_hp_loss":0.0,"gold_gain":0.0,"event_name":"MindBloom","player_choice":"Fight","floor":41.0,"gold_loss":0.0,"damage_taken":0.0},{"damage_healed":0.0,"max_hp_gain":0.0,"max_hp_loss":0.0,"gold_gain":222.0,"event_name":"Tomb of Lord Red Mask","player_choice":"Wore Mask","floor":44.0,"gold_loss":0.0,"damage_taken":0.0}],"is_beta":false,"boss_relics":[{"not_picked":["Astrolabe","Snecko Eye"],"picked":"Fusion Hammer"},{"not_picked":["Coffee Dripper","Velvet Choker"],"picked":"Black Blood"}],"items_purged_floors":[22,39],"is_endless":false,"potions_floor_spawned":[4,6,10,12,24,30,37,40,41],"killed_by":"The Heart","ascension_level":20}