{"gold_per_floor":[116,126,5,24,24,24,56,56,56,73,73,87,122,136,136,215,215,229,258,46,57,57,90,90,120,120,134,59,72,107,120,120,195,195,206,225,447,447,121,121,121,149,149,149,24,38,72,82,82,82,82],"floor_reached":51,"playtime":3960,"items_purged":["Strike_R","Strike_R","Defend_R"],"score":1675,"play_id":"f234d0ff-c42f-4373-9b06-6f92c83e0b09","local_time":"20190418215713","is_ascension_mode":true,"campfire_choices":[{"data":"Uppercut","floor":6.0,"key":"SMITH"},{"data":"Pommel Strike","floor":8.0,"key":"SMITH"},{"data":"Bash","floor":11.0,"key":"SMITH"},{"data":"Offering","floor":15.0,"key":"SMITH"},{"data":"Power Through","floor":24.0,"key":"SMITH"},{"data":"Heavy Blade","floor":32.0,"key":"SMITH"},{"floor":40,"key":"REST"},{"floor":49,"key":"RECALL"}],"neow_cost":"PERCENT_DAMAGE","seed_source_timestamp":777148731367606,"circlet_count":0,"master_deck":["AscendersBane","Defend_R","Defend_R","Defend_R","Bash+1","Pommel Strike+1","Dropkick","Shrug It Off","Flash of Steel","Uppercut+1","Flex","Offering+1","Feel No Pain","Immolate","Hemokinesis+1","Immolate+1","Evolve+1","Shrug It Off","Power Through+1","Demon Form","Heavy Blade+1","Flame Barrier","Feed","Warcry+1","Secret Technique","Shockwave+1","Disarm+1"],"special_seed":0,"relics":["Burning Blood","Nunchaku","Calipers","FossilizedHelix","Blue Candle","Astrolabe","Red Mask","Medical Kit","Mercury Hourglass","Pantograph","Happy Flower","Boot","Mark of Pain","WingedGreaves","ClockworkSouvenir","Mango","Dream Catcher","GremlinMask","Gremlin Horn"],"potions_floor_usage":[35],"damage_taken":[{"damage":3.0,"enemies":"Small Slimes","floor":1.0,"turns":4.0},{"damage":0.0,"enemies":"Cultist","floor":2.0,"turns":3.0},{"damage":4.0,"enemies":"Jaw Worm","floor":4.0,"turns":4.0},{"damage":6.0,"enemies":"Gremlin Nob","floor":7.0,"turns":3.0},{"damage":0.0,"enemies":"Exordium Wildlife","floor":10.0,"turns":3.0},{"damage":17.0,"enemies":"Exordium Thugs","floor":12.0,"turns":5.0},{"damage":11.0,"enemies":"3 Sentries","floor":13.0,"turns":6.0},{"damage":0.0,"enemies":"Large Slime","floor":14.0,"turns":5.0},{"damage":6.0,"enemies":"Slime Boss","floor":16.0,"turns":5.0},{"damage":30.0,"enemies":"2 Thieves","floor":18.0,"turns":3.0},{"damage":0.0,"enemies":"Masked Bandits","floor":19.0,"turns":2.0},{"damage":6.0,"enemies":"Shell Parasite","floor":21.0,"turns":2.0},{"damage":0.0,"enemies":"Book of Stabbing","floor":23.0,"turns":4.0},{"damage":6.0,"enemies":"Gremlin Leader","floor":25.0,"turns":5.0},{"damage":2.0,"enemies":"Cultist and Chosen","floor":27.0,"turns":5.0},{"damage":0.0,"enemies":"Centurion and Healer","floor":29.0,"turns":5.0},{"damage":18.0,"enemies":"Slavers","floor":30.0,"turns":3.0},{"damage":0.0,"enemies":"Snake Plant","floor":31.0,"turns":2.0},{"damage":72.0,"enemies":"Automaton","floor":33.0,"turns":9.0},{"damage":15,"enemies":"3 Shapes","floor":35,"turns":6},{"damage":11,"enemies":"3 Darklings","floor":36,"turns":5},{"damage":23,"enemies":"Giant Head","floor":42,"turns":6},{"damage":11,"enemies":"Sphere and 2 Shapes","floor":46,"turns":4},{"damage":12,"enemies":"Nemesis","floor":47,"turns":7},{"damage":16,"enemies":"Writhing Mass","floor":48,"turns":7},{"damage":67,"enemies":"Awakened One","floor":50,"turns":10},{"damage":39,"enemies":"Time Eater","floor":51,"turns":3}],"seed_played":"-4550436598404331403","potions_obtained":[{"floor":1.0,"key":"BloodPotion"},{"floor":4.0,"key":"BloodPotion"},{"floor":5.0,"key":"AttackPotion"},{"floor":13.0,"key":"SteroidPotion"},{"floor":16.0,"key":"AttackPotion"},{"floor":19.0,"key":"PowerPotion"},{"floor":23.0,"key":"Fire Potion"},{"floor":25.0,"key":"Regen Potion"},{"floor":31.0,"key":"Explosive Potion"},{"floor":33.0,"key":"SteroidPotion"},{"floor":35,"key":"SteroidPotion"}],"is_trial":false,"path_per_floor":["M","M","$","M","?","R","E","R","T","M","R","M","E","M","R","B",null,"M","?","$","M","T","E","R","E","T","M","$","M","E","M","R","B",null,"M","M","?","T","$","R","?","E","T","?","$","M","E","M","R","B","B"],"character_chosen":"IRONCLAD","items_purchased":["Shrug It Off","Flash of Steel","Medical Kit","ClockworkSouvenir"],"campfire_rested":1,"item_purchase_floors":[3,3,20,39],"current_hp_per_floor":[53,59,59,61,61,61,61,61,61,67,67,56,51,64,64,64,72,48,54,54,54,54,60,60,60,60,64,64,70,58,64,64,9,59,53,48,48,48,48,71,66,63,63,63,63,61,55,45,45,12,0],"gold":82,"neow_bonus":"ONE_RARE_RELIC","is_prod":false,"is_daily":false,"chose_seed":false,"campfire_upgraded":6,"win_rate":0,"timestamp":1555617433,"path_taken":["M","M","$","M","?","R","E","R","T","M","R","?","E","M","R","BOSS","M","?","?","?","?","E","R","E","T","M","$","M","E","M","R","BOSS","M","M","?","?","$","R","?","E","T","?","$","M","E","M","R","BOSS","BOSS"],"build_version":"2019-01-23","purchased_purges":3,"victory":false,"max_hp_per_floor":[75,75,75,75,75,75,75,75,75,75,75,75,75,75,75,75,75,75,75,75,75,75,75,75,75,75,75,75,75,75,75,75,75,75,78,78,78,78,78,78,78,92,92,92,92,95,95,95,95,98,98],"card_choices":[{"not_picked":["Searing Blow","Perfected Strike"],"picked":"Pommel Strike","floor":1.0},{"not_picked":["Perfected Strike","Iron Wave"],"picked":"Dropkick","floor":2.0},{"not_picked":["Thunderclap","Dual Wield"],"picked":"Uppercut","floor":4.0},{"not_picked":["Twin Strike","Clothesline","Iron Wave"],"picked":"SKIP","floor":7.0},{"not_picked":["Thunderclap","Iron Wave"],"picked":"Flex","floor":10.0},{"not_picked":["Anger","Power Through"],"picked":"Offering","floor":12.0},{"not_picked":["Anger","Flex","Rampage"],"picked":"SKIP","floor":13.0},{"not_picked":["Cleave","Rampage"],"picked":"Feel No Pain","floor":14.0},{"not_picked":["Juggernaut","Berserk"],"picked":"Immolate","floor":16.0},{"not_picked":["Whirlwind","Clothesline"],"picked":"Shrug It Off","floor":18.0},{"not_picked":["Searing Blow","True Grit"],"picked":"Power Through","floor":21.0},{"not_picked":["Sword Boomerang","Sentinel","Rage"],"picked":"SKIP","floor":23.0},{"not_picked":["Rupture","Perfected Strike"],"picked":"Demon Form","floor":25.0},{"not_picked":["Wild Strike","Sever Soul+1","Perfected Strike"],"picked":"SKIP","floor":27.0},{"not_picked":["Wild Strike","Pommel Strike"],"picked":"Heavy Blade","floor":29.0},{"not_picked":["Perfected Strike","Evolve"],"picked":"Flame Barrier","floor":30.0},{"not_picked":["Flex","Bloodletting","Shrug It Off"],"picked":"SKIP","floor":31.0},{"not_picked":["Fiend Fire","Juggernaut"],"picked":"Feed","floor":33.0},{"not_picked":["Iron Wave","Cleave"],"picked":"Warcry+1","floor":35},{"not_picked":["Rupture","Searing Blow","Clash"],"picked":"SKIP","floor":36},{"not_picked":["Jack Of All Trades","Magnetism"],"picked":"Secret Technique","floor":41},{"not_picked":["Clothesline","Shrug It Off"],"picked":"Shockwave+1","floor":42},{"not_picked":["Sentinel","Iron Wave","Clothesline+1"],"picked":"SKIP","floor":46},{"not_picked":["Perfected Strike","Fiend Fire"],"picked":"Disarm+1","floor":47},{"not_picked":["Seeing Red","Clash","Havoc"],"picked":"SKIP","floor":48}],"player_experience":2507126,"relics_obtained":[{"floor":7.0,"key":"Calipers"},{"floor":9.0,"key":"FossilizedHelix"},{"floor":13.0,"key":"Blue Candle"},{"floor":19.0,"key":"Red Mask"},{"floor":22.0,"key":"Mercury Hourglass"},{"floor":23.0,"key":"Pantograph"},{"floor":25.0,"key":"Happy Flower"},{"floor":30.0,"key":"Boot"},{"floor":38,"key":"WingedGreaves"},{"floor":42,"key":"Mango"},{"floor":43,"key":"Dream Catcher"},{"floor":47,"key":"Gremlin Horn"}],"event_choices":[{"damage_healed":0.0,"max_hp_gain":0.0,"max_hp_loss":0.0,"gold_gain":0.0,"event_name":"Lab","player_choice":"Got Potions","floor":5.0,"gold_loss":0.0,"damage_taken":0.0},{"damage_healed":0.0,"max_hp_gain":0.0,"max_hp_loss":0.0,"gold_gain":0.0,"event_name":"Masked Bandits","player_choice":"Fought Bandits","floor":19.0,"gold_loss":0.0,"damage_taken":0.0},{"damage_healed":0,"gold_gain":222,"player_choice":"Wore Mask","damage_taken":0,"max_hp_gain":0,"max_hp_loss":0,"event_name":"Tomb of Lord Red Mask","floor":37,"gold_loss":0},{"damage_healed":0,"gold_gain":0,"player_choice":"Memory 2","damage_taken":5,"max_hp_gain":0,"max_hp_loss":0,"event_name":"SensoryStone","floor":41,"gold_loss":0},{"damage_healed":0,"gold_gain":0,"player_choice":"Trade","damage_taken":0,"relics_obtained":["GremlinMask"],"max_hp_gain":0,"max_hp_loss":0,"event_name":"FaceTrader","floor":44,"gold_loss":0}],"is_beta":false,"boss_relics":[{"not_picked":["Ectoplasm","Snecko Eye"],"picked":"Astrolabe"},{"not_picked":["Cursed Key","Sozu"],"picked":"Mark of Pain"}],"items_purged_floors":[28,39,45],"is_endless":false,"potions_floor_spawned":[1,4,13,16,19,23,25,31,33,35,42,46],"killed_by":"Time Eater","ascension_level":20}