{"gold_per_floor":[113,73,93,113,113,113,178,178,202,235,300,300,319,42,42,117,117,57,57,57,57,57,57],"floor_reached":23,"playtime":1100,"items_purged":["Strike_R"],"score":452,"play_id":"dc154e57-d902-4cc8-a7ba-594c7934c358","local_time":"20190502232358","is_ascension_mode":true,"campfire_choices":[{"floor":6.0,"key":"REST"},{"data":"Whirlwind","floor":8.0,"key":"SMITH"},{"data":"Bash","floor":12.0,"key":"SMITH"},{"data":"Shockwave","floor":15.0,"key":"SMITH"}],"neow_cost":"PERCENT_DAMAGE","seed_source_timestamp":1994804332646350,"circlet_count":0,"master_deck":["AscendersBane","Strike_R+1","Strike_R","Strike_R","Strike_R","Defend_R","Defend_R","Defend_R","Defend_R","Bash+1","Offering","Whirlwind+1","Spot Weakness+1","Shockwave+1","Feed","Ghostly Armor","Flex","Limit Break","Shrug It Off","Demon Form","Shrug It Off+1"],"special_seed":0,"relics":["Burning Blood","Tiny Chest","Lantern","Juzu Bracelet","Red Skull","Anchor","Ectoplasm"],"potions_floor_usage":[22,22],"damage_taken":[{"damage":8.0,"enemies":"Jaw Worm","floor":1.0,"turns":3.0},{"damage":2.0,"enemies":"Cultist","floor":3.0,"turns":4.0},{"damage":8.0,"enemies":"Small Slimes","floor":4.0,"turns":2.0},{"damage":16.0,"enemies":"3 Sentries","floor":7.0,"turns":3.0},{"damage":6.0,"enemies":"Gremlin Nob","floor":10.0,"turns":1.0},{"damage":14.0,"enemies":"Gremlin Nob","floor":11.0,"turns":3.0},{"damage":0.0,"enemies":"3 Louse","floor":13.0,"turns":2.0},{"damage":23.0,"enemies":"Slime Boss","floor":16.0,"turns":8.0},{"damage":0.0,"enemies":"2 Thieves","floor":18.0,"turns":3.0},{"damage":25.0,"enemies":"Chosen","floor":19.0,"turns":5.0},{"damage":6.0,"enemies":"Centurion and Healer","floor":20.0,"turns":3.0},{"damage":29,"enemies":"Cultist and Chosen","floor":22,"turns":6},{"damage":37,"enemies":"Slavers","floor":23,"turns":3}],"seed_played":"7638040872976898737","potions_obtained":[{"floor":2.0,"key":"AttackPotion"},{"floor":2.0,"key":"Strength Potion"},{"floor":13.0,"key":"FearPotion"},{"floor":16.0,"key":"PowerPotion"}],"is_trial":false,"path_per_floor":["M","?","M","M","?","R","E","R","T","E","?","R","M","$","R","B",null,"M","M","M","$","M","E"],"character_chosen":"IRONCLAD","items_purchased":["Anchor","Flex"],"campfire_rested":1,"item_purchase_floors":[14,14],"current_hp_per_floor":[48,48,52,50,27,49,39,39,39,39,34,34,40,40,40,26,67,76,57,57,57,37,0],"gold":57,"neow_bonus":"THREE_RARE_CARDS","is_prod":false,"is_daily":false,"chose_seed":false,"campfire_upgraded":3,"win_rate":0,"timestamp":1556832238,"path_taken":["M","?","?","M","?","R","E","R","T","E","?","R","M","$","R","BOSS","M","M","M","$","M","E"],"build_version":"2019-01-23","purchased_purges":1,"victory":false,"max_hp_per_floor":[75,75,75,75,75,75,75,75,75,75,78,78,78,78,78,81,81,84,84,84,84,87,87],"card_choices":[{"not_picked":["Brutality","Impervious"],"picked":"Offering","floor":0.0},{"not_picked":["Warcry","Pommel Strike"],"picked":"Whirlwind","floor":1.0},{"not_picked":["True Grit","Flame Barrier"],"picked":"Spot Weakness","floor":3.0},{"not_picked":["Havoc","Wild Strike","Perfected Strike"],"picked":"SKIP","floor":4.0},{"not_picked":["Infernal Blade","Clash"],"picked":"Shockwave","floor":7.0},{"not_picked":["Body Slam","Headbutt"],"picked":"Feed","floor":10.0},{"not_picked":["Wild Strike","Clothesline"],"picked":"Ghostly Armor","floor":11.0},{"not_picked":["Shrug It Off","Iron Wave","Heavy Blade"],"picked":"SKIP","floor":13.0},{"not_picked":["Exhume","Immolate"],"picked":"Limit Break","floor":16.0},{"not_picked":["Evolve","Headbutt","Warcry"],"picked":"SKIP","floor":18.0},{"not_picked":["Infernal Blade","Headbutt"],"picked":"Shrug It Off","floor":19.0},{"not_picked":["Perfected Strike","Clash"],"picked":"Demon Form","floor":20.0},{"not_picked":["Sword Boomerang","Warcry"],"picked":"Shrug It Off+1","floor":22}],"player_experience":2629167,"relics_obtained":[{"floor":7.0,"key":"Tiny Chest"},{"floor":9.0,"key":"Lantern"},{"floor":10.0,"key":"Juzu Bracelet"},{"floor":11.0,"key":"Red Skull"}],"event_choices":[{"damage_healed":0.0,"max_hp_gain":0.0,"max_hp_loss":0.0,"gold_gain":0.0,"event_name":"The Woman in Blue","player_choice":"Bought 3 Potions","floor":2.0,"gold_loss":0.0,"damage_taken":0.0},{"damage_healed":0.0,"max_hp_gain":0.0,"max_hp_loss":0.0,"gold_gain":0.0,"event_name":"Shining Light","player_choice":"Entered Light","floor":5.0,"gold_loss":0.0,"damage_taken":23.0,"cards_upgraded":["Strike_R","Spot Weakness"]},{"damage_healed":0.0,"max_hp_gain":0.0,"max_hp_loss":0.0,"gold_gain":0.0,"event_name":"Dead Adventurer","player_choice":"Searched \u00271\u0027 times","floor":11.0,"gold_loss":0.0,"damage_taken":0.0}],"is_beta":false,"boss_relics":[{"not_picked":["Orrery","Coffee Dripper"],"picked":"Ectoplasm"}],"items_purged_floors":[14],"is_endless":false,"potions_floor_spawned":[3,4,13,16,18,19],"killed_by":"Slavers","ascension_level":20}