{"gold_per_floor":[115,132,0,15,33,65,65,65,65,81,81],"floor_reached":11,"playtime":593,"items_purged":["Strike_R"],"score":150,"play_id":"4320fb21-adfe-4d31-ab72-919653a7d28f","local_time":"20190404204443","is_ascension_mode":true,"campfire_choices":[{"floor":8,"key":"DIG"}],"neow_cost":"NONE","seed_source_timestamp":88566610976687,"circlet_count":0,"master_deck":["AscendersBane","Strike_R","Strike_R","Strike_R","Strike_R","Defend_R","Defend_R","Defend_R","Defend_R","Bash+1","Seeing Red","Pummel","Clothesline","Shockwave","Combust","Thunderclap"],"relics":["Burning Blood","Shovel","GremlinMask","Bird Faced Urn","Champion Belt"],"potions_floor_usage":[6],"damage_taken":[{"damage":4,"enemies":"Small Slimes","floor":1,"turns":4},{"damage":1,"enemies":"Cultist","floor":2,"turns":4},{"damage":7,"enemies":"2 Louse","floor":4,"turns":4},{"damage":12,"enemies":"Blue Slaver","floor":5,"turns":4},{"damage":41,"enemies":"Lagavulin","floor":6,"turns":7},{"damage":10,"enemies":"2 Fungi Beasts","floor":10,"turns":4},{"damage":29,"enemies":"Gremlin Gang","floor":11,"turns":3}],"seed_played":"-5614049782184202779","potions_obtained":[{"floor":4,"key":"SkillPotion"},{"floor":5,"key":"SteroidPotion"},{"floor":10,"key":"Strength Potion"}],"is_trial":false,"path_per_floor":["M","M","$","M","M","E","?","R","T","M","M"],"character_chosen":"IRONCLAD","items_purchased":["AttackPotion"],"campfire_rested":0,"item_purchase_floors":[3],"current_hp_per_floor":[70,75,75,74,68,33,33,33,33,29,0],"gold":81,"neow_bonus":"UPGRADE_CARD","is_prod":false,"is_daily":false,"chose_seed":false,"campfire_upgraded":0,"win_rate":0,"timestamp":1554403483,"path_taken":["M","M","$","M","M","E","?","R","T","M","M"],"build_version":"2019-01-23","purchased_purges":1,"victory":false,"max_hp_per_floor":[75,75,75,75,75,75,75,75,75,75,75],"card_choices":[{"not_picked":["True Grit","Havoc"],"picked":"Seeing Red","floor":1},{"not_picked":["Flex","Wild Strike"],"picked":"Pummel","floor":2},{"not_picked":["Headbutt","Burning Pact"],"picked":"Clothesline","floor":4},{"not_picked":["Cleave","Thunderclap"],"picked":"Shockwave","floor":5},{"not_picked":["Metallicize","Entrench"],"picked":"Combust","floor":6},{"not_picked":["Warcry","Cleave"],"picked":"Thunderclap","floor":10}],"player_experience":2414270,"relics_obtained":[{"floor":6,"key":"Shovel"},{"floor":8,"key":"Bird Faced Urn"},{"floor":9,"key":"Champion Belt"}],"event_choices":[{"damage_healed":0,"gold_gain":0,"player_choice":"Trade","damage_taken":0,"relics_obtained":["GremlinMask"],"max_hp_gain":0,"max_hp_loss":0,"event_name":"FaceTrader","floor":7,"gold_loss":0}],"is_beta":false,"boss_relics":[],"items_purged_floors":[3],"is_endless":false,"potions_floor_spawned":[4,5,10],"killed_by":"Gremlin Gang","ascension_level":20}