{"gold_per_floor":[210,175,1,1,20,46,46,71,101,121,121,136,92,120,120,120],"floor_reached":16,"playtime":1036,"items_purged":[],"score":232,"play_id":"e8cf1ce5-1182-4d82-8549-4e874cd6f01f","local_time":"20190203215323","is_ascension_mode":true,"campfire_choices":[{"data":"Defragment","floor":7.0,"key":"SMITH"},{"floor":11,"key":"REST"},{"data":"Zap","floor":15,"key":"SMITH"}],"neow_cost":"NONE","seed_source_timestamp":868764995625822,"circlet_count":0,"master_deck":["AscendersBane","Strike_B","Strike_B","Strike_B","Strike_B","Defend_B","Defend_B","Defend_B","Defend_B","Zap+1","Dualcast","Hologram","Defragment+1","Undo","Chill","Cold Snap","Glacier","Coolheaded","Electrodynamics","Static Discharge"],"special_seed":0,"relics":["Cracked Core","Bottled Tornado","WingedGreaves","Tiny Chest","Odd Mushroom","Pantograph"],"potions_floor_usage":[14,14],"damage_taken":[{"damage":9.0,"enemies":"Jaw Worm","floor":1.0,"turns":3.0},{"damage":0.0,"enemies":"Small Slimes","floor":5.0,"turns":2.0},{"damage":10.0,"enemies":"3 Sentries","floor":6.0,"turns":12.0},{"damage":55.0,"enemies":"Gremlin Nob","floor":8.0,"turns":5.0},{"damage":6,"enemies":"The Mushroom Lair","floor":10,"turns":6},{"damage":0,"enemies":"2 Louse","floor":12,"turns":4},{"damage":2,"enemies":"Lagavulin","floor":14,"turns":7},{"damage":56,"enemies":"Hexaghost","floor":16,"turns":14}],"seed_played":"8849502780367918525","potions_obtained":[{"floor":6.0,"key":"Dexterity Potion"},{"floor":12,"key":"FearPotion"}],"is_trial":false,"path_per_floor":["M","?","$","?","M","E","R","E","T","?","R","M","?","E","R","B"],"character_chosen":"DEFECT","items_purchased":["Defragment","Undo"],"campfire_rested":1,"item_purchase_floors":[3,3],"current_hp_per_floor":[55,71,71,76,76,66,66,11,11,5,27,27,27,25,25,0],"gold":120,"neow_bonus":"HUNDRED_GOLD","is_prod":false,"is_daily":false,"chose_seed":false,"campfire_upgraded":2,"win_rate":0,"timestamp":1549227203,"path_taken":["M","?","$","?","M","E","R","E","T","?","R","M","?","E","R","BOSS"],"build_version":"2019-01-23","purchased_purges":0,"victory":false,"max_hp_per_floor":[71,71,71,76,76,76,76,76,76,76,76,76,76,76,76,76],"card_choices":[{"not_picked":["Barrage","Streamline"],"picked":"Hologram","floor":1.0},{"not_picked":["Gash","Barrage"],"picked":"Chill","floor":5.0},{"not_picked":["Beam Cell","Leap"],"picked":"Cold Snap","floor":6.0},{"not_picked":["Leap","Sweeping Beam"],"picked":"Glacier","floor":8.0},{"not_picked":["Redo","Streamline"],"picked":"Coolheaded","floor":10},{"not_picked":["Defragment","Heatsinks"],"picked":"Electrodynamics","floor":12},{"not_picked":["Rebound","Heatsinks"],"picked":"Static Discharge","floor":14}],"player_experience":1632392,"relics_obtained":[{"floor":6.0,"key":"Bottled Tornado"},{"floor":8.0,"key":"WingedGreaves"},{"floor":9.0,"key":"Tiny Chest"},{"floor":10,"key":"Odd Mushroom"},{"floor":14,"key":"Pantograph"}],"event_choices":[{"damage_healed":17.0,"max_hp_gain":0.0,"max_hp_loss":0.0,"gold_gain":0.0,"event_name":"The Cleric","player_choice":"Healed","floor":2.0,"gold_loss":35.0,"damage_taken":0.0},{"damage_healed":0.0,"max_hp_gain":5.0,"max_hp_loss":0.0,"gold_gain":0.0,"event_name":"Big Fish","player_choice":"Donut","floor":4.0,"gold_loss":0.0,"damage_taken":0.0},{"damage_healed":0,"gold_gain":0,"player_choice":"Fought Mushrooms","damage_taken":0,"max_hp_gain":0,"max_hp_loss":0,"event_name":"Mushrooms","floor":10,"gold_loss":0},{"damage_healed":0,"gold_gain":0,"player_choice":"Left Gold","damage_taken":0,"max_hp_gain":0,"max_hp_loss":0,"event_name":"World of Goop","floor":13,"gold_loss":44}],"is_beta":false,"boss_relics":[],"items_purged_floors":[],"is_endless":false,"potions_floor_spawned":[6,12],"killed_by":"Hexaghost","ascension_level":20}