{"gold_per_floor":[116,116,116,116,132,165,440,277,277,297,297,313,340,358,358,429,429,429,429,429,53,53,53,53,53,53,53,53,53,53,53,53,53],"floor_reached":33,"playtime":13573,"items_purged":["Regret","Strike_B"],"score":640,"play_id":"80d8e76e-cee3-4b72-8eaf-8348eef87d10","local_time":"20190203213536","is_ascension_mode":true,"campfire_choices":[{"data":"Sunder","floor":11.0,"key":"SMITH"},{"data":"Zap","floor":15,"key":"SMITH"},{"data":"Fission","floor":23,"key":"SMITH"},{"data":"Coolheaded","floor":28,"key":"SMITH"},{"data":"Biased Cognition","floor":30,"key":"SMITH"},{"data":"Coolheaded","floor":32,"key":"SMITH"}],"neow_cost":"NONE","seed_source_timestamp":855107690785909,"circlet_count":0,"master_deck":["AscendersBane","Strike_B","Strike_B","Strike_B","Defend_B","Defend_B+1","Defend_B+1","Defend_B","Zap+1","Dualcast","Hologram+1","Rip and Tear","Hologram","Sunder+1","Multi-Cast","Glacier+1","Skim","Ball Lightning","Biased Cognition+1","Coolheaded+1","Fission+1","Loop","Heatsinks+1","Coolheaded+1","Hologram"],"special_seed":0,"relics":["Cracked Core","NeowsBlessing","Bag of Preparation","Regal Pillow","Incense Burner","Pocketwatch","Ectoplasm","Red Mask","Meat on the Bone","Boot","Gremlin Horn","War Paint"],"potions_floor_usage":[13,29,33],"damage_taken":[{"damage":0.0,"enemies":"Small Slimes","floor":1.0,"turns":1.0},{"damage":0.0,"enemies":"2 Louse","floor":5.0,"turns":1.0},{"damage":0.0,"enemies":"Gremlin Nob","floor":6.0,"turns":1.0},{"damage":0.0,"enemies":"Cultist","floor":10.0,"turns":2.0},{"damage":0,"enemies":"Large Slime","floor":12,"turns":6},{"damage":5,"enemies":"Lagavulin","floor":13,"turns":7},{"damage":0,"enemies":"Blue Slaver","floor":14,"turns":4},{"damage":5,"enemies":"The Guardian","floor":16,"turns":14},{"damage":0,"enemies":"Spheric Guardian","floor":18,"turns":3},{"damage":6,"enemies":"Masked Bandits","floor":19,"turns":4},{"damage":0,"enemies":"Chosen","floor":20,"turns":3},{"damage":23,"enemies":"Shelled Parasite and Fungi","floor":22,"turns":5},{"damage":20,"enemies":"Gremlin Leader","floor":24,"turns":7},{"damage":0,"enemies":"Centurion and Healer","floor":27,"turns":5},{"damage":2,"enemies":"Slavers","floor":29,"turns":3},{"damage":0,"enemies":"Snecko","floor":31,"turns":3},{"damage":77,"enemies":"Champ","floor":33,"turns":13}],"seed_played":"5136594421126410403","potions_obtained":[{"floor":10.0,"key":"LiquidBronze"},{"floor":12,"key":"GamblersBrew"},{"floor":16,"key":"Swift Potion"},{"floor":19,"key":"FearPotion"},{"floor":29,"key":"SpeedPotion"}],"is_trial":false,"path_per_floor":["M","?","?","?","M","E","?","$","T","M","R","M","E","M","R","B",null,"M","?","M","$","M","R","E","?","T","M","R","E","R","M","R","B"],"character_chosen":"DEFECT","items_purchased":["Sunder","Meat on the Bone"],"campfire_rested":0,"item_purchase_floors":[8,21],"current_hp_per_floor":[64,69,46,41,41,41,41,41,41,41,41,41,36,36,36,31,65,65,59,59,59,48,48,40,40,40,40,40,50,50,50,50,0],"gold":53,"neow_bonus":"THREE_ENEMY_KILL","is_prod":false,"is_daily":false,"chose_seed":false,"campfire_upgraded":6,"win_rate":0,"timestamp":1549226136,"path_taken":["M","?","?","?","M","E","?","$","T","M","R","M","E","M","R","BOSS","M","?","M","$","M","R","E","?","T","M","R","E","R","M","R","BOSS"],"build_version":"2019-01-23","purchased_purges":2,"victory":false,"max_hp_per_floor":[71,76,76,76,76,76,76,76,76,76,76,76,76,76,76,76,76,76,76,76,76,76,76,76,76,76,76,76,76,76,76,76,76],"card_choices":[{"not_picked":["Leap","Turbo"],"picked":"Hologram","floor":1.0},{"not_picked":["Barrage","Hologram"],"picked":"Rip and Tear","floor":5.0},{"not_picked":["Redo","Static Discharge"],"picked":"Hologram","floor":6.0},{"not_picked":["Rebound","Steam"],"picked":"Multi-Cast","floor":10.0},{"not_picked":["FTL","Leap"],"picked":"Glacier","floor":12},{"not_picked":["Lockon","Chill"],"picked":"Skim","floor":13},{"not_picked":["Machine Learning","Recycle"],"picked":"Ball Lightning","floor":14},{"not_picked":["Amplify","Creative AI"],"picked":"Biased Cognition","floor":16},{"not_picked":["Streamline","Steam Power"],"picked":"Coolheaded","floor":18},{"not_picked":["Compile Driver","Aggregate"],"picked":"Fission","floor":19},{"not_picked":["Fusion","BootSequence"],"picked":"Loop","floor":20},{"not_picked":["Rip and Tear","FTL","Conserve Battery"],"picked":"SKIP","floor":22},{"not_picked":["Genetic Algorithm","Beam Cell"],"picked":"Heatsinks+1","floor":24},{"not_picked":["Barrage+1","Hello World"],"picked":"Coolheaded","floor":27},{"not_picked":["Rebound","Steam+1"],"picked":"Hologram","floor":29},{"not_picked":["Sweeping Beam","Storm+1","Gash"],"picked":"SKIP","floor":31}],"player_experience":1618819,"relics_obtained":[{"floor":6.0,"key":"Regal Pillow"},{"floor":9.0,"key":"Incense Burner"},{"floor":13,"key":"Pocketwatch"},{"floor":19,"key":"Red Mask"},{"floor":24,"key":"Boot"},{"floor":26,"key":"Gremlin Horn"},{"floor":29,"key":"War Paint"}],"event_choices":[{"damage_healed":0.0,"max_hp_gain":5.0,"max_hp_loss":0.0,"gold_gain":0.0,"event_name":"Big Fish","player_choice":"Donut","floor":2.0,"gold_loss":0.0,"damage_taken":0.0},{"damage_healed":0.0,"max_hp_gain":0.0,"max_hp_loss":0.0,"gold_gain":0.0,"event_name":"Shining Light","player_choice":"Entered Light","floor":3.0,"gold_loss":0.0,"damage_taken":23.0,"cards_upgraded":["Defend_B","Hologram"]},{"damage_healed":0.0,"max_hp_gain":0.0,"max_hp_loss":0.0,"gold_gain":0.0,"event_name":"Scrap Ooze","player_choice":"Success","floor":4.0,"gold_loss":0.0,"damage_taken":5.0,"relics_obtained":["Bag of Preparation"]},{"damage_healed":0.0,"max_hp_gain":0.0,"max_hp_loss":0.0,"gold_gain":275.0,"event_name":"Golden Shrine","player_choice":"Desecrate","floor":7.0,"gold_loss":0.0,"damage_taken":0.0,"cards_obtained":["Regret"]},{"damage_healed":0,"gold_gain":0,"player_choice":"Fought Bandits","damage_taken":0,"max_hp_gain":0,"max_hp_loss":0,"event_name":"Masked Bandits","floor":19,"gold_loss":0},{"damage_healed":0,"gold_gain":0,"player_choice":"Ignored","damage_taken":0,"max_hp_gain":0,"max_hp_loss":0,"event_name":"Vampires","floor":25,"gold_loss":0}],"is_beta":false,"boss_relics":[{"not_picked":["White Beast Statue","Eternal Feather"],"picked":"Ectoplasm"}],"items_purged_floors":[8,21],"is_endless":false,"potions_floor_spawned":[10,12,16,19,27,29,31],"killed_by":"Champ","ascension_level":20}