{"gold_per_floor":[119,33,33,0,0,39,55,71,96,117,142,142,25,68,68,158,158,183,183,55,55,55,89,89,102,129,129],"floor_reached":27,"playtime":1222,"items_purged":["Strike_B"],"score":628,"play_id":"8a02c97c-b7aa-4155-9a75-24704647e693","local_time":"20190202215124","is_ascension_mode":true,"campfire_choices":[{"data":"Coolheaded","floor":12.0,"key":"SMITH"},{"data":"Defragment","floor":15.0,"key":"SMITH"},{"data":"Coolheaded","floor":24.0,"key":"SMITH"}],"neow_cost":"NONE","seed_source_timestamp":0,"circlet_count":0,"master_deck":["AscendersBane","Strike_B","Strike_B","Strike_B+1","Defend_B","Defend_B","Defend_B","Defend_B","Zap","Dualcast","Ball Lightning","Glacier","Self Repair","Cold Snap+1","Ball Lightning","Coolheaded+1","Defragment","Melter","Defragment+1","Echo Form","Coolheaded+1","Turbo"],"special_seed":0,"relics":["Cracked Core","NeowsBlessing","Golden Idol","Bronze Scales","DataDisk","Matryoshka","Inserter","Symbiotic Virus","Whetstone","Vajra"],"potions_floor_usage":[],"damage_taken":[{"damage":0.0,"enemies":"Small Slimes","floor":1.0,"turns":1.0},{"damage":0.0,"enemies":"3 Sentries","floor":6.0,"turns":1.0},{"damage":0.0,"enemies":"2 Louse","floor":7.0,"turns":1.0},{"damage":5.0,"enemies":"Jaw Worm","floor":8.0,"turns":3.0},{"damage":6.0,"enemies":"Red Slaver","floor":10.0,"turns":3.0},{"damage":14.0,"enemies":"2 Fungi Beasts","floor":11.0,"turns":3.0},{"damage":9.0,"enemies":"Lagavulin","floor":14.0,"turns":5.0},{"damage":0.0,"enemies":"The Guardian","floor":16.0,"turns":9.0},{"damage":15.0,"enemies":"Shell Parasite","floor":18.0,"turns":6.0},{"damage":36.0,"enemies":"Book of Stabbing","floor":23.0,"turns":6.0},{"damage":19,"enemies":"3 Byrds","floor":25,"turns":4},{"damage":35,"enemies":"Slavers","floor":27,"turns":2}],"seed_played":"8442790926547760824","potions_obtained":[{"floor":7.0,"key":"Regen Potion"},{"floor":8.0,"key":"Swift Potion"},{"floor":11.0,"key":"Block Potion"},{"floor":18.0,"key":"LiquidBronze"}],"is_trial":false,"path_per_floor":["M","$","?","?","?","E","M","M","T","M","M","R","$","E","R","B",null,"M","?","$","?","?","E","R","M","T","E"],"character_chosen":"DEFECT","items_purchased":["Glacier","Defragment","Melter","Coolheaded"],"campfire_rested":0,"item_purchase_floors":[2,13,13,20],"current_hp_per_floor":[64,64,40,40,45,45,45,47,47,48,41,41,41,39,39,46,69,68,68,68,68,68,47,47,35,35,0],"gold":129,"neow_bonus":"THREE_ENEMY_KILL","is_prod":false,"is_daily":false,"chose_seed":false,"campfire_upgraded":3,"win_rate":0,"timestamp":1549140684,"path_taken":["M","$","?","?","?","E","M","M","T","?","M","R","$","E","R","BOSS","M","?","$","?","?","E","R","M","T","E"],"build_version":"2019-01-23","purchased_purges":1,"victory":false,"max_hp_per_floor":[71,71,71,71,76,76,76,76,76,76,76,76,76,76,76,76,76,76,76,76,76,76,76,76,76,76,76],"card_choices":[{"not_picked":["Rebound","Capacitor"],"picked":"Ball Lightning","floor":1.0},{"not_picked":["Lockon","Melter"],"picked":"Self Repair","floor":6.0},{"not_picked":["Barrage","Steam"],"picked":"Cold Snap","floor":7.0},{"not_picked":["Stack","Streamline","FTL"],"picked":"SKIP","floor":8.0},{"not_picked":["Steam","Heatsinks"],"picked":"Ball Lightning","floor":10.0},{"not_picked":["Amplify","Go for the Eyes"],"picked":"Coolheaded","floor":11.0},{"not_picked":["Turbo","Go for the Eyes"],"picked":"Defragment","floor":14.0},{"not_picked":["Reboot","Buffer"],"picked":"Echo Form","floor":16.0},{"not_picked":["Redo","Skim","Darkness"],"picked":"SKIP","floor":18.0},{"not_picked":["Rebound","Gash"],"picked":"Turbo","floor":23.0},{"not_picked":["Sweeping Beam","Rebound","Heatsinks"],"picked":"SKIP","floor":25}],"player_experience":1610703,"relics_obtained":[{"floor":6.0,"key":"Bronze Scales"},{"floor":9.0,"key":"DataDisk"},{"floor":14.0,"key":"Matryoshka"},{"floor":23.0,"key":"Symbiotic Virus"},{"floor":26,"key":"Whetstone"},{"floor":26,"key":"Vajra"}],"event_choices":[{"damage_healed":0.0,"max_hp_gain":0.0,"max_hp_loss":0.0,"gold_gain":0.0,"event_name":"Golden Idol","player_choice":"Take Damage","floor":3.0,"gold_loss":0.0,"damage_taken":24.0,"relics_obtained":["Golden Idol"]},{"damage_healed":0.0,"max_hp_gain":0.0,"max_hp_loss":0.0,"gold_gain":0.0,"event_name":"World of Goop","player_choice":"Left Gold","floor":4.0,"gold_loss":33.0,"damage_taken":0.0},{"damage_healed":0.0,"max_hp_gain":5.0,"max_hp_loss":0.0,"gold_gain":0.0,"event_name":"Big Fish","player_choice":"Donut","floor":5.0,"gold_loss":0.0,"damage_taken":0.0},{"damage_healed":0.0,"max_hp_gain":0.0,"max_hp_loss":0.0,"gold_gain":0.0,"event_name":"Cursed Tome","player_choice":"Ignored","floor":19.0,"gold_loss":0.0,"damage_taken":0.0},{"damage_healed":0.0,"max_hp_gain":0.0,"max_hp_loss":0.0,"gold_gain":0.0,"event_name":"The Mausoleum","player_choice":"Ignored","floor":21.0,"gold_loss":0.0,"damage_taken":0.0},{"damage_healed":0.0,"max_hp_gain":0.0,"max_hp_loss":0.0,"gold_gain":0.0,"event_name":"Vampires","player_choice":"Ignored","floor":22.0,"gold_loss":0.0,"damage_taken":0.0}],"is_beta":false,"boss_relics":[{"not_picked":["White Beast Statue","Calling Bell"],"picked":"Inserter"}],"items_purged_floors":[20],"is_endless":false,"potions_floor_spawned":[7,8,11,16,18],"killed_by":"Slavers","ascension_level":20}