{"gold_per_floor":[118,136,8,19,33,66,31,59,59,59,78,78,78,109,109,184,184,199,209,209,134,134,134,161,161,161,173,191,217,246,246,246,323,323,340,350,350,29,29,29,64,83,83,100,100,127,138,157,157,157,157,157,157,32,32],"floor_reached":55,"playtime":13670,"items_purged":["Shame","Writhe","Injury"],"score":2170,"play_id":"e65e7a63-8a1b-4db6-bb9a-0bd99ac87856","local_time":"20190314213600","is_ascension_mode":true,"campfire_choices":[{"floor":12.0,"key":"REST"},{"data":"Darkness","floor":15.0,"key":"SMITH"},{"floor":23.0,"key":"REST"},{"data":"Ghostly","floor":25.0,"key":"SMITH"},{"data":"Buffer","floor":32.0,"key":"SMITH"},{"data":"Redo","floor":40.0,"key":"SMITH"},{"floor":49.0,"key":"RECALL"},{"data":"Amplify","floor":53.0,"key":"SMITH"}],"neow_cost":"NONE","seed_source_timestamp":0,"circlet_count":0,"master_deck":["AscendersBane","Dualcast","BootSequence","Hologram","Darkness+1","Auto Shields","Rebound","Meteor Strike","Doom and Gloom","BootSequence","Rip and Tear","Capacitor","Go for the Eyes","Skim","Buffer+1","Self Repair","Leap","Creative AI+1","Hologram+1","Self Repair+1","Ghostly","Ghostly+1","Ghostly","Undo","Heatsinks+1","Amplify+1","Redo+1","Turbo+1"],"special_seed":0,"relics":["Pandora\u0027s Box","Bottled Tornado","Art of War","Happy Flower","Blue Candle","Frozen Egg 2","Calling Bell","Regal Pillow","Symbiotic Virus","Bird Faced Urn","Enchiridion","Turnip","Vajra","Orichalcum","Busted Crown","Strange Spoon","Thread and Needle","Pear","Meat on the Bone","Bottled Lightning"],"potions_floor_usage":[],"damage_taken":[{"damage":0.0,"enemies":"Small Slimes","floor":1.0,"turns":2.0},{"damage":2.0,"enemies":"Jaw Worm","floor":2.0,"turns":3.0},{"damage":0.0,"enemies":"Cultist","floor":4.0,"turns":3.0},{"damage":11.0,"enemies":"Exordium Thugs","floor":5.0,"turns":4.0},{"damage":19.0,"enemies":"Lagavulin","floor":6.0,"turns":6.0},{"damage":30.0,"enemies":"3 Sentries","floor":8.0,"turns":6.0},{"damage":0.0,"enemies":"2 Fungi Beasts","floor":11.0,"turns":4.0},{"damage":0.0,"enemies":"Lagavulin","floor":14.0,"turns":6.0},{"damage":8.0,"enemies":"The Guardian","floor":16.0,"turns":8.0},{"damage":42.0,"enemies":"3 Byrds","floor":18.0,"turns":6.0},{"damage":33.0,"enemies":"Chosen","floor":19.0,"turns":7.0},{"damage":26.0,"enemies":"Slavers","floor":24.0,"turns":8.0},{"damage":5.0,"enemies":"Centurion and Healer","floor":27.0,"turns":7.0},{"damage":31.0,"enemies":"Cultist and Chosen","floor":28.0,"turns":7.0},{"damage":21.0,"enemies":"Gremlin Leader","floor":30.0,"turns":8.0},{"damage":22.0,"enemies":"Collector","floor":33.0,"turns":12.0},{"damage":1.0,"enemies":"Orb Walker","floor":35.0,"turns":6.0},{"damage":7.0,"enemies":"3 Darklings","floor":36.0,"turns":7.0},{"damage":0.0,"enemies":"Nemesis","floor":41.0,"turns":7.0},{"damage":0.0,"enemies":"4 Shapes","floor":42.0,"turns":6.0},{"damage":11.0,"enemies":"Sphere and 2 Shapes","floor":44.0,"turns":7.0},{"damage":0.0,"enemies":"Reptomancer","floor":46.0,"turns":8.0},{"damage":0.0,"enemies":"Transient","floor":47.0,"turns":6.0},{"damage":0.0,"enemies":"Jaw Worm Horde","floor":48.0,"turns":7.0},{"damage":17.0,"enemies":"Time Eater","floor":50.0,"turns":9.0},{"damage":0.0,"enemies":"Donu and Deca","floor":51.0,"turns":12.0},{"damage":67,"enemies":"Shield and Spear","floor":55,"turns":8}],"seed_played":"1486714317849700866","potions_obtained":[{"floor":1.0,"key":"SteroidPotion"},{"floor":8.0,"key":"Swift Potion"},{"floor":16.0,"key":"GamblersBrew"},{"floor":18.0,"key":"Regen Potion"},{"floor":27.0,"key":"Ancient Potion"},{"floor":28.0,"key":"LiquidBronze"},{"floor":41.0,"key":"Weak Potion"},{"floor":46.0,"key":"PowerPotion"}],"is_trial":false,"path_per_floor":["M","M","$","M","M","E","?","E","T","?","M","R","T","E","R","B",null,"M","M","?","$","?","R","E","R","T","M","M","T","E","?","R","B",null,"M","M","?","$","?","R","E","M","T","M","$","E","M","M","R","B","B",null,"R","$","E"],"character_chosen":"DEFECT","items_purchased":["Rip and Tear","Capacitor","Strange Spoon"],"campfire_rested":2,"item_purchase_floors":[3,3,38],"current_hp_per_floor":[64,62,62,62,51,32,49,19,19,19,26,47,47,54,54,53,67,33,44,35,35,14,35,35,35,35,35,21,21,35,35,35,35,35,35,32,32,32,32,32,45,45,45,45,45,45,45,45,45,38,45,45,45,45,0],"gold":32,"neow_bonus":"BOSS_RELIC","is_prod":false,"is_daily":false,"chose_seed":false,"campfire_upgraded":5,"win_rate":0,"timestamp":1552595760,"path_taken":["M","M","$","M","M","E","?","E","T","?","?","R","?","E","R","BOSS","M","M","?","$","?","R","E","R","T","M","M","?","E","?","R","BOSS","M","M","?","$","?","R","E","M","T","M","$","E","M","?","R","BOSS","BOSS","R","$","E"],"build_version":"2019-01-23","purchased_purges":3,"victory":false,"max_hp_per_floor":[71,71,71,71,71,71,71,71,71,71,71,71,71,71,71,71,71,71,71,35,35,35,35,35,35,35,35,35,35,35,35,35,35,35,35,35,35,35,35,35,45,45,45,45,45,45,45,45,45,45,45,45,45,45,45],"card_choices":[{"not_picked":["Heatsinks","Storm","Cold Snap"],"picked":"SKIP","floor":1.0},{"not_picked":["Stack","Chill"],"picked":"BootSequence","floor":2.0},{"not_picked":["Steam","Heatsinks"],"picked":"Go for the Eyes","floor":4.0},{"not_picked":["Barrage","Sweeping Beam"],"picked":"Skim","floor":5.0},{"not_picked":["Aggregate","Compile Driver"],"picked":"Buffer","floor":6.0},{"not_picked":["Chill","Chaos"],"picked":"Self Repair","floor":8.0},{"not_picked":["Go for the Eyes","Tempest"],"picked":"Leap","floor":11.0},{"not_picked":["Chaos","Steam","Force Field"],"picked":"SKIP","floor":14.0},{"not_picked":["Hyperbeam","Meteor Strike"],"picked":"Creative AI+1","floor":16.0},{"not_picked":["BootSequence","Go for the Eyes"],"picked":"Hologram+1","floor":18.0},{"not_picked":["Gash","Cold Snap"],"picked":"Self Repair+1","floor":19.0},{"not_picked":["Reinforced Body","Ball Lightning","Rip and Tear"],"picked":"SKIP","floor":24.0},{"not_picked":["Recycle","Chaos+1","Hologram"],"picked":"SKIP","floor":27.0},{"not_picked":["Streamline","Double Energy","Thunder Strike"],"picked":"SKIP","floor":28.0},{"not_picked":["Hologram","Conserve Battery","Force Field"],"picked":"SKIP","floor":30.0},{"not_picked":["Fission","Buffer+1"],"picked":"Amplify","floor":33.0},{"not_picked":["Lockon+1"],"picked":"SKIP","floor":35.0},{"not_picked":[],"picked":"Redo","floor":36.0},{"not_picked":["Double Energy"],"picked":"SKIP","floor":41.0},{"not_picked":[],"picked":"Turbo+1","floor":42.0},{"not_picked":["White Noise"],"picked":"SKIP","floor":44.0},{"not_picked":["White Noise"],"picked":"SKIP","floor":46.0},{"not_picked":["Glacier"],"picked":"SKIP","floor":47.0},{"not_picked":["Leap"],"picked":"SKIP","floor":48.0}],"player_experience":2027077,"relics_obtained":[{"floor":6.0,"key":"Bottled Tornado"},{"floor":8.0,"key":"Art of War"},{"floor":9.0,"key":"Happy Flower"},{"floor":13.0,"key":"Blue Candle"},{"floor":14.0,"key":"Frozen Egg 2"},{"floor":17.0,"key":"Regal Pillow"},{"floor":17.0,"key":"Symbiotic Virus"},{"floor":17.0,"key":"Bird Faced Urn"},{"floor":22.0,"key":"Enchiridion"},{"floor":24.0,"key":"Turnip"},{"floor":29.0,"key":"Vajra"},{"floor":30.0,"key":"Orichalcum"},{"floor":41.0,"key":"Pear"},{"floor":43.0,"key":"Meat on the Bone"},{"floor":46.0,"key":"Bottled Lightning"}],"event_choices":[{"damage_healed":17.0,"max_hp_gain":0.0,"max_hp_loss":0.0,"gold_gain":0.0,"event_name":"The Cleric","player_choice":"Healed","floor":7.0,"gold_loss":35.0,"damage_taken":0.0},{"damage_healed":0.0,"max_hp_gain":0.0,"max_hp_loss":0.0,"gold_gain":0.0,"event_name":"Match and Keep!","player_choice":"0 cards matched","floor":10.0,"gold_loss":0.0,"damage_taken":0.0,"cards_obtained":[]},{"damage_healed":0.0,"max_hp_gain":0.0,"max_hp_loss":36.0,"gold_gain":0.0,"event_name":"Ghosts","player_choice":"Became a Ghost","floor":20.0,"gold_loss":0.0,"damage_taken":0.0,"cards_obtained":["Ghostly","Ghostly","Ghostly"]},{"damage_healed":0.0,"max_hp_gain":0.0,"max_hp_loss":0.0,"gold_gain":0.0,"event_name":"Cursed Tome","player_choice":"Obtained Book","floor":22.0,"gold_loss":0.0,"damage_taken":21.0},{"damage_healed":0.0,"max_hp_gain":0.0,"max_hp_loss":0.0,"gold_gain":0.0,"cards_transformed":["Zap","Consume"],"event_name":"Drug Dealer","player_choice":"Became Test Subject","floor":31.0,"gold_loss":0.0,"damage_taken":0.0,"cards_obtained":["Undo","Heatsinks"]},{"damage_healed":0.0,"max_hp_gain":0.0,"max_hp_loss":0.0,"gold_gain":0.0,"event_name":"SensoryStone","player_choice":"Memory 1","floor":37.0,"gold_loss":0.0,"damage_taken":0.0},{"damage_healed":0.0,"max_hp_gain":0.0,"max_hp_loss":0.0,"gold_gain":0.0,"event_name":"WeMeetAgain","player_choice":"Gave Potion","floor":39.0,"gold_loss":0.0,"damage_taken":0.0,"relics_obtained":["Thread and Needle"]}],"is_beta":false,"boss_relics":[{"not_picked":["Fusion Hammer","Orrery"],"picked":"Calling Bell"},{"not_picked":["Empty Cage","Sozu"],"picked":"Busted Crown"}],"items_purged_floors":[21,38,54],"is_endless":false,"potions_floor_spawned":[1,8,11,16,18,27,28,36,41,42,46],"killed_by":"Shield and Spear","ascension_level":20}