{"gold_per_floor":[368,388,398,398,46,78,78,103,103,122,135,169,169],"floor_reached":13,"playtime":864,"items_purged":[],"score":210,"play_id":"36e3fedf-d686-4800-9ce1-3409a0f119c8","local_time":"20190121224718","is_ascension_mode":true,"campfire_choices":[{"floor":7.0,"key":"REST"}],"neow_cost":"TEN_PERCENT_HP_LOSS","seed_source_timestamp":253855870054881,"circlet_count":0,"master_deck":["AscendersBane","Strike_B","Strike_B","Strike_B","Strike_B","Defend_B","Defend_B","Defend_B","Defend_B","Zap","Dualcast","Melter","Static Discharge","Go for the Eyes","Creative AI","Hologram","Defragment","Defragment","Core Surge+1","BootSequence","Force Field","Coolheaded"],"special_seed":0,"relics":["Cracked Core","Pocketwatch","Molten Egg 2","Mango","Ice Cream"],"potions_floor_usage":[13],"damage_taken":[{"damage":2.0,"enemies":"Jaw Worm","floor":1.0,"turns":3.0},{"damage":2.0,"enemies":"Cultist","floor":2.0,"turns":4.0},{"damage":0.0,"enemies":"Small Slimes","floor":3.0,"turns":2.0},{"damage":30.0,"enemies":"3 Sentries","floor":6.0,"turns":6.0},{"damage":18.0,"enemies":"Lagavulin","floor":8.0,"turns":7.0},{"damage":0,"enemies":"Gremlin Gang","floor":10,"turns":4},{"damage":6,"enemies":"Exordium Thugs","floor":11,"turns":3},{"damage":24,"enemies":"Gremlin Nob","floor":12,"turns":5},{"damage":15,"enemies":"Lots of Slimes","floor":13,"turns":2}],"seed_played":"-8228673467743838499","potions_obtained":[{"floor":2.0,"key":"SkillPotion"},{"floor":6.0,"key":"SkillPotion"},{"floor":11,"key":"Swift Potion"},{"floor":12,"key":"SteroidPotion"}],"is_trial":false,"path_per_floor":["M","M","M","?","$","E","R","E","T","M","M","E","M"],"character_chosen":"DEFECT","items_purchased":["Pocketwatch","Defragment"],"campfire_rested":1,"item_purchase_floors":[5,5],"current_hp_per_floor":[62,60,60,60,60,30,49,45,45,45,39,15,0],"gold":169,"neow_bonus":"TWO_FIFTY_GOLD","is_prod":false,"is_daily":false,"chose_seed":false,"campfire_upgraded":0,"win_rate":0,"timestamp":1548107238,"path_taken":["M","M","M","?","$","E","R","E","T","M","M","E","?"],"build_version":"2019-01-17v2","purchased_purges":0,"victory":false,"max_hp_per_floor":[64,64,64,64,64,64,64,78,78,78,78,78,78],"card_choices":[{"not_picked":["Leap","Compile Driver"],"picked":"Melter","floor":1.0},{"not_picked":["Loop","Hologram"],"picked":"Static Discharge","floor":2.0},{"not_picked":["Compile Driver","Chill"],"picked":"Go for the Eyes","floor":3.0},{"not_picked":["Rebound","Turbo"],"picked":"Defragment","floor":6.0},{"not_picked":["Reinforced Body","Turbo"],"picked":"Core Surge+1","floor":8.0},{"not_picked":["Barrage+1","Rebound+1"],"picked":"BootSequence","floor":10},{"not_picked":["Static Discharge","Stack"],"picked":"Force Field","floor":11},{"not_picked":["Stack","Redo"],"picked":"Coolheaded","floor":12}],"player_experience":1574052,"relics_obtained":[{"floor":6.0,"key":"Molten Egg 2"},{"floor":8.0,"key":"Mango"},{"floor":12,"key":"Ice Cream"}],"event_choices":[{"damage_healed":0.0,"max_hp_gain":0.0,"max_hp_loss":0.0,"gold_gain":0.0,"event_name":"Match and Keep!","player_choice":"2 cards matched","floor":4.0,"gold_loss":0.0,"damage_taken":0.0,"cards_obtained":["Creative AI","Hologram"]}],"is_beta":false,"boss_relics":[],"items_purged_floors":[],"is_endless":false,"potions_floor_spawned":[2,6,11,12],"killed_by":"Lots of Slimes","ascension_level":20}