{"gold_per_floor":[110,110,125,136,286,317,216,216,241,241,241,266,277,288,288,362,362,376,77,77,52,52,52,79,98,174,192,192,211,211],"floor_reached":30,"playtime":1833,"items_purged":["Doubt"],"score":481,"play_id":"ec074755-611e-4adb-bcd2-6ead95c3427d","local_time":"20190417225526","is_ascension_mode":true,"campfire_choices":[{"data":"Armaments","floor":8.0,"key":"SMITH"},{"data":"Shrug It Off","floor":10.0,"key":"SMITH"},{"data":"Inflame","floor":15.0,"key":"SMITH"},{"floor":23,"key":"REST"}],"neow_cost":"NONE","seed_source_timestamp":28323029393318,"circlet_count":0,"master_deck":["AscendersBane","Strike_R+1","Strike_R+1","Strike_R+1","Strike_R+1","Strike_R+1","Defend_R+1","Defend_R+1","Defend_R+1","Defend_R+1","Bash+1","Shrug It Off+1","Iron Wave","Inflame+1","Clothesline","Armaments+1","Anger","Iron Wave","Headbutt","Double Tap","Inflame","Pommel Strike","Shrug It Off","Cloak And Dagger+1","Blur","Wild Strike+1","Iron Wave+1"],"special_seed":0,"relics":["Burning Blood","Blood Vial","Bag of Marbles","Torii","Runic Pyramid","PrismaticShard","Nilry\u0027s Codex","Gremlin Horn","Pear"],"potions_floor_usage":[20,27],"damage_taken":[{"damage":0.0,"enemies":"2 Louse","floor":1.0,"turns":5.0},{"damage":4.0,"enemies":"Cultist","floor":3.0,"turns":4.0},{"damage":4.0,"enemies":"Jaw Worm","floor":4.0,"turns":5.0},{"damage":30.0,"enemies":"3 Sentries","floor":6.0,"turns":8.0},{"damage":7.0,"enemies":"Lagavulin","floor":12.0,"turns":8.0},{"damage":2.0,"enemies":"Exordium Wildlife","floor":13.0,"turns":6.0},{"damage":9.0,"enemies":"Red Slaver","floor":14.0,"turns":3.0},{"damage":34.0,"enemies":"Slime Boss","floor":16.0,"turns":11.0},{"damage":21.0,"enemies":"3 Byrds","floor":18.0,"turns":9.0},{"damage":16,"enemies":"Colosseum Slavers","floor":20,"turns":7},{"damage":22,"enemies":"2 Thieves","floor":21,"turns":4},{"damage":36,"enemies":"Gremlin Leader","floor":24,"turns":6},{"damage":1,"enemies":"Snecko","floor":25,"turns":4},{"damage":4,"enemies":"Chosen and Byrds","floor":27,"turns":7},{"damage":26,"enemies":"Snake Plant","floor":29,"turns":6},{"damage":2,"enemies":"Snecko","floor":30,"turns":5}],"seed_played":"1906735085795195459","potions_obtained":[{"floor":1.0,"key":"SkillPotion"},{"floor":2.0,"key":"PowerPotion"},{"floor":3.0,"key":"Fruit Juice"},{"floor":16.0,"key":"SteroidPotion"},{"floor":24,"key":"Ancient Potion"},{"floor":27,"key":"Poison Potion"},{"floor":29,"key":"Fire Potion"}],"is_trial":false,"path_per_floor":["M","?","M","M","?","E","$","R","T","R","$","E","M","M","R","B",null,"M","$","?","M","?","R","E","M","T","M","?","M","M"],"character_chosen":"IRONCLAD","items_purchased":["Armaments","Pommel Strike","Shrug It Off","PrismaticShard"],"campfire_rested":1,"item_purchase_floors":[7,19,19,19],"current_hp_per_floor":[74,74,80,80,80,56,56,56,56,56,56,57,63,62,62,36,69,56,56,48,34,13,37,9,16,26,30,30,12,12],"gold":211,"neow_bonus":"UPGRADE_CARD","is_prod":false,"is_daily":false,"chose_seed":false,"campfire_upgraded":3,"win_rate":0,"timestamp":1555566926,"path_taken":["M","?","M","?","?","E","$","R","T","R","?","E","M","M","R","BOSS","M","$","?","M","?","R","E","M","T","M","?","M","?"],"build_version":"2019-01-23","purchased_purges":1,"victory":false,"max_hp_per_floor":[75,75,80,80,80,80,80,80,80,80,80,80,80,80,80,80,80,80,80,80,80,80,80,80,80,90,90,90,90,90],"card_choices":[{"not_picked":["Disarm","Dropkick"],"picked":"Shrug It Off","floor":1.0},{"not_picked":["Wild Strike","Second Wind"],"picked":"Iron Wave","floor":3.0},{"not_picked":["Wild Strike","Clash"],"picked":"Inflame","floor":4.0},{"not_picked":["Second Wind","Clash"],"picked":"Clothesline","floor":6.0},{"not_picked":["Wild Strike","Limit Break"],"picked":"Anger","floor":12.0},{"not_picked":["Thunderclap","Headbutt"],"picked":"Iron Wave","floor":13.0},{"not_picked":["Anger","Second Wind"],"picked":"Headbutt","floor":14.0},{"not_picked":["Dark Embrace","Fiend Fire"],"picked":"Double Tap","floor":16.0},{"not_picked":["Searing Blow","Rampage"],"picked":"Inflame","floor":18.0},{"not_picked":["Go for the Eyes","Blood for Blood"],"picked":"Cloak And Dagger+1","floor":21},{"not_picked":["Burning Pact","Burst","Heel Hook"],"picked":"SKIP","floor":24},{"not_picked":["Perfected Strike","Spot Weakness"],"picked":"Blur","floor":25},{"not_picked":["Thunderclap","Setup"],"picked":"Wild Strike+1","floor":27},{"not_picked":["Clash+1","Recycle"],"picked":"Iron Wave+1","floor":29}],"player_experience":722565,"relics_obtained":[{"floor":6.0,"key":"Blood Vial"},{"floor":9.0,"key":"Bag of Marbles"},{"floor":12.0,"key":"Torii"},{"floor":22,"key":"Nilry\u0027s Codex"},{"floor":24,"key":"Gremlin Horn"},{"floor":26,"key":"Pear"}],"event_choices":[{"damage_healed":0.0,"max_hp_gain":0.0,"max_hp_loss":0.0,"gold_gain":0.0,"event_name":"Lab","player_choice":"Got Potions","floor":2.0,"gold_loss":0.0,"damage_taken":0.0},{"damage_healed":0.0,"max_hp_gain":0.0,"max_hp_loss":0.0,"gold_gain":150.0,"event_name":"Liars Game","player_choice":"AGREE","floor":5.0,"gold_loss":0.0,"damage_taken":0.0,"cards_obtained":["Doubt"]},{"damage_healed":0,"gold_gain":0,"player_choice":"Fight","damage_taken":0,"max_hp_gain":0,"max_hp_loss":0,"event_name":"Colosseum","floor":20,"gold_loss":0},{"damage_healed":0,"gold_gain":0,"player_choice":"Fled From Nobs","damage_taken":0,"max_hp_gain":0,"max_hp_loss":0,"event_name":"Colosseum","floor":20,"gold_loss":0},{"damage_healed":0,"gold_gain":0,"player_choice":"Obtained Book","damage_taken":21,"max_hp_gain":0,"max_hp_loss":0,"event_name":"Cursed Tome","floor":22,"gold_loss":0},{"damage_healed":0,"gold_gain":0,"player_choice":"Simplicity","damage_taken":0,"max_hp_gain":0,"max_hp_loss":0,"event_name":"Back to Basics","floor":28,"gold_loss":0,"cards_upgraded":["Strike_R","Strike_R","Strike_R","Strike_R","Strike_R","Defend_R","Defend_R","Defend_R","Defend_R"]}],"is_beta":false,"boss_relics":[{"not_picked":["Velvet Choker","Tiny House"],"picked":"Runic Pyramid"}],"items_purged_floors":[7],"is_endless":false,"potions_floor_spawned":[1,3,16,24,27,29],"killed_by":"Snecko","ascension_level":17}