{"gold_per_floor":[362,12,30,30,30,90,90,102,153,188,207,207,227,257,257,328,328,340,351,201,220,238,238,19,19,19,19,19,35,45,45,45,45],"floor_reached":33,"playtime":2006,"items_purged":["Strike_R"],"score":534,"play_id":"5f678fc1-3ab5-46be-bb97-c0d580d1789f","local_time":"20190519134633","is_ascension_mode":true,"campfire_choices":[{"floor":7.0,"key":"REST"},{"data":"Whirlwind","floor":12.0,"key":"SMITH"},{"data":"1","floor":15.0,"key":"LIFT"},{"data":"2","floor":23,"key":"LIFT"},{"data":"3","floor":25,"key":"LIFT"},{"data":"Armaments","floor":27,"key":"SMITH"},{"data":"Rupture","floor":32,"key":"SMITH"}],"neow_cost":"CURSE","seed_source_timestamp":346698555017048,"circlet_count":0,"master_deck":["AscendersBane","Strike_R","Strike_R","Strike_R","Defend_R","Defend_R","Defend_R","Defend_R","Bash","Carnage","Cleave","Battle Trance","Whirlwind+1","Combust","Headbutt","Armaments+1","Offering","Feel No Pain","Rupture+1","Thunderclap","Writhe"],"special_seed":0,"relics":["Burning Blood","FossilizedHelix","Tiny Chest","Regal Pillow","Mercury Hourglass","Girya","Sozu","Medical Kit","Meat on the Bone","Bird Faced Urn"],"potions_floor_usage":[16,16],"damage_taken":[{"damage":4.0,"enemies":"Small Slimes","floor":1.0,"turns":4.0},{"damage":0.0,"enemies":"Jaw Worm","floor":3.0,"turns":2.0},{"damage":35.0,"enemies":"3 Sentries","floor":6.0,"turns":10.0},{"damage":0.0,"enemies":"Cultist","floor":8.0,"turns":2.0},{"damage":28.0,"enemies":"Gremlin Nob","floor":10.0,"turns":4.0},{"damage":1.0,"enemies":"Gremlin Gang","floor":11.0,"turns":3.0},{"damage":0.0,"enemies":"2 Fungi Beasts","floor":13.0,"turns":2.0},{"damage":20.0,"enemies":"Lagavulin","floor":14.0,"turns":6.0},{"damage":32,"enemies":"Hexaghost","floor":16,"turns":8},{"damage":0,"enemies":"Spheric Guardian","floor":18,"turns":3},{"damage":0,"enemies":"Chosen","floor":19,"turns":3},{"damage":28,"enemies":"Snake Plant","floor":21,"turns":3},{"damage":36,"enemies":"Sentry and Sphere","floor":22,"turns":5},{"damage":0,"enemies":"Snecko","floor":29,"turns":2},{"damage":6,"enemies":"Shelled Parasite and Fungi","floor":30,"turns":2},{"damage":95,"enemies":"Collector","floor":33,"turns":6}],"seed_played":"-8456792766865652921","potions_obtained":[{"floor":6.0,"key":"SpeedPotion"},{"floor":10.0,"key":"Dexterity Potion"},{"floor":11.0,"key":"PowerPotion"}],"is_trial":false,"path_per_floor":["M","$","M","?","?","E","R","M","T","E","M","R","M","E","R","B",null,"M","M","$","M","M","R","$","R","T","R","?","M","M","?","R","B"],"character_chosen":"IRONCLAD","items_purchased":["FossilizedHelix","Cleave","Rupture","Medical Kit"],"campfire_rested":1,"item_purchase_floors":[2,2,20,24],"current_hp_per_floor":[70,70,75,68,68,39,61,67,67,45,50,50,56,42,42,16,60,66,72,72,50,20,20,20,20,20,20,75,75,75,75,75,0],"gold":45,"neow_bonus":"TWO_FIFTY_GOLD","is_prod":false,"is_daily":false,"chose_seed":false,"campfire_upgraded":3,"win_rate":0,"timestamp":1558266393,"path_taken":["M","$","M","?","?","E","R","?","T","E","M","R","M","E","R","BOSS","M","M","$","?","M","R","$","R","T","R","?","M","?","?","R","BOSS"],"build_version":"2019-01-23","purchased_purges":1,"victory":false,"max_hp_per_floor":[75,75,75,75,75,75,75,75,75,75,75,75,75,75,75,75,75,75,75,75,75,75,75,75,75,75,75,75,75,75,75,75,75],"card_choices":[{"not_picked":["Battle Trance","Intimidate"],"picked":"Carnage","floor":1.0},{"not_picked":["Warcry","Shrug It Off"],"picked":"Battle Trance","floor":3.0},{"not_picked":["Wild Strike","Pommel Strike","Bloodletting"],"picked":"SKIP","floor":6.0},{"not_picked":["Perfected Strike","Rampage"],"picked":"Whirlwind","floor":8.0},{"not_picked":["Corruption","Body Slam"],"picked":"Combust","floor":10.0},{"not_picked":["Bloodletting","Berserk"],"picked":"Headbutt","floor":11.0},{"not_picked":["Rage","Body Slam"],"picked":"Armaments","floor":13.0},{"not_picked":["Perfected Strike","Armaments","Twin Strike"],"picked":"SKIP","floor":14.0},{"not_picked":["Immolate","Dark Embrace"],"picked":"Offering","floor":16},{"not_picked":["Sever Soul","Entrench","Pommel Strike"],"picked":"SKIP","floor":18},{"not_picked":["Sentinel+1","Cleave"],"picked":"Feel No Pain","floor":19},{"not_picked":["Searing Blow+1","Rampage"],"picked":"Thunderclap","floor":21},{"not_picked":["Heavy Blade","Havoc","Wild Strike+1"],"picked":"SKIP","floor":22},{"not_picked":["Infernal Blade","Body Slam+1","Sever Soul"],"picked":"SKIP","floor":29},{"not_picked":["Body Slam+1","True Grit","Armaments"],"picked":"SKIP","floor":30}],"player_experience":2710471,"relics_obtained":[{"floor":6.0,"key":"Tiny Chest"},{"floor":9.0,"key":"Regal Pillow"},{"floor":10.0,"key":"Mercury Hourglass"},{"floor":14.0,"key":"Girya"},{"floor":26,"key":"Meat on the Bone"}],"event_choices":[{"cards_removed":["Strike_R"],"damage_healed":0.0,"max_hp_gain":0.0,"max_hp_loss":0.0,"gold_gain":0.0,"event_name":"Golden Wing","player_choice":"Card Removal","floor":4.0,"gold_loss":0.0,"damage_taken":7.0},{"cards_removed":["Writhe"],"damage_healed":0.0,"max_hp_gain":0.0,"max_hp_loss":0.0,"gold_gain":0.0,"event_name":"Fountain of Cleansing","player_choice":"Removed Curses","floor":5.0,"gold_loss":0.0,"damage_taken":0.0},{"damage_healed":55,"gold_gain":0,"player_choice":"Full Heal","damage_taken":0,"max_hp_gain":0,"max_hp_loss":0,"event_name":"Wheel of Change","floor":28,"gold_loss":0},{"damage_healed":0,"gold_gain":0,"player_choice":"Opened","damage_taken":0,"relics_obtained":["Bird Faced Urn"],"max_hp_gain":0,"max_hp_loss":0,"event_name":"The Mausoleum","floor":31,"gold_loss":0,"cards_obtained":["Writhe"]}],"is_beta":false,"boss_relics":[{"not_picked":["Fusion Hammer","Eternal Feather"],"picked":"Sozu"}],"items_purged_floors":[20],"is_endless":false,"potions_floor_spawned":[6,10,11,19,29,30],"killed_by":"Collector","ascension_level":20}