{"gold_per_floor":[116,191,191,210,224,258,97,247,247,247,15,31,31],"floor_reached":13,"playtime":479,"items_purged":["Strike_G","Doubt"],"score":166,"play_id":"fda345ba-acf4-4098-999d-2c297ee9e5a9","local_time":"20190517214433","is_ascension_mode":true,"campfire_choices":[{"floor":10,"key":"REST"}],"neow_cost":"NONE","seed_source_timestamp":204416447727162,"circlet_count":0,"master_deck":["AscendersBane","Defend_G","Defend_G","Defend_G","Defend_G","Defend_G","Strike_G","Strike_G","Strike_G","Survivor","Neutralize","Deadly Poison","Dash","Quick Slash","Bouncing Flask","Leg Sweep","Noxious Fumes+1","PiercingWail"],"relics":["Ring of the Snake","NeowsBlessing","Frozen Egg 2","Sundial"],"potions_floor_usage":[13,13],"damage_taken":[{"damage":0,"enemies":"Jaw Worm","floor":1,"turns":1},{"damage":0,"enemies":"Cultist","floor":4,"turns":1},{"damage":0,"enemies":"2 Louse","floor":5,"turns":1},{"damage":34,"enemies":"3 Sentries","floor":6,"turns":13},{"damage":4,"enemies":"Exordium Wildlife","floor":12,"turns":4},{"damage":58,"enemies":"Gremlin Nob","floor":13,"turns":4}],"seed_played":"248312788188334626","potions_obtained":[{"floor":6,"key":"Strength Potion"}],"is_trial":false,"path_per_floor":["M","?","?","M","M","E","$","?","T","R","$","M","E"],"character_chosen":"THE_SILENT","items_purchased":["Leg Sweep","Noxious Fumes+1","SteroidPotion"],"campfire_rested":1,"item_purchase_floors":[7,11,11],"current_hp_per_floor":[59,48,48,48,48,14,14,14,14,33,33,29,0],"gold":31,"neow_bonus":"THREE_ENEMY_KILL","is_prod":false,"is_daily":false,"chose_seed":false,"campfire_upgraded":0,"win_rate":0,"timestamp":1558122273,"path_taken":["M","?","?","?","M","E","$","?","T","R","?","M","E"],"build_version":"2019-01-23","purchased_purges":2,"victory":false,"max_hp_per_floor":[66,66,66,66,66,66,66,66,66,66,66,66,66],"card_choices":[{"not_picked":["Deflect","Quick Slash"],"picked":"Deadly Poison","floor":1},{"not_picked":["Terror","PiercingWail"],"picked":"Dash","floor":4},{"not_picked":["Cloak And Dagger","Acrobatics"],"picked":"Quick Slash","floor":5},{"not_picked":["Predator","Concentrate"],"picked":"Bouncing Flask","floor":6},{"not_picked":["Endless Agony","Infinite Blades+1"],"picked":"PiercingWail","floor":12}],"player_experience":2708319,"relics_obtained":[{"floor":6,"key":"Frozen Egg 2"},{"floor":9,"key":"Sundial"}],"event_choices":[{"damage_healed":0,"gold_gain":75,"player_choice":"Gather Gold","damage_taken":11,"max_hp_gain":0,"max_hp_loss":0,"event_name":"World of Goop","floor":2,"gold_loss":0},{"cards_removed":["Strike_G"],"damage_healed":0,"gold_gain":0,"player_choice":"Offered Basic","damage_taken":0,"max_hp_gain":0,"max_hp_loss":0,"event_name":"Bonfire Elementals","floor":3,"gold_loss":0},{"damage_healed":0,"gold_gain":150,"player_choice":"AGREE","damage_taken":0,"max_hp_gain":0,"max_hp_loss":0,"event_name":"Liars Game","floor":8,"gold_loss":0,"cards_obtained":["Doubt"]}],"is_beta":false,"boss_relics":[],"items_purged_floors":[7,11],"is_endless":false,"potions_floor_spawned":[6],"killed_by":"Gremlin Nob","ascension_level":20}