{"gold_per_floor":[117,129,144,219,229,229,257,276,354,380,380,380,380,400,400,503,503,518,518,529,542,49,49,75,75,102,135,147,179,106,146,158,270,282,310,339,351,379,409,451,463,508,520,560,587,633,69,104,104,104,104,104,23,54,54],"floor_reached":56,"playtime":8485,"items_purged":["Strike_G","Defend_G"],"score":1747,"play_id":"86907cc9-57c3-4eb7-9b02-f0383bdac5ab","local_time":"20190518105751","is_ascension_mode":true,"campfire_choices":[{"data":"Neutralize","floor":6.0,"key":"SMITH"},{"floor":12.0,"key":"REST"},{"data":"PiercingWail","floor":15.0,"key":"SMITH"},{"data":"Cloak And Dagger","floor":23.0,"key":"SMITH"},{"data":"Backflip","floor":25.0,"key":"SMITH"},{"data":"Glass Knife","floor":32,"key":"SMITH"},{"floor":49,"key":"RECALL"}],"neow_cost":"NONE","seed_source_timestamp":224676574849095,"circlet_count":0,"master_deck":["Defend_G","Defend_G","Defend_G","Survivor","Neutralize+1","Dash","After Image","Crippling Poison","Caltrops","Leg Sweep","Deadly Poison","Glass Knife+1","PiercingWail+1","Dagger Spray","Corpse Explosion","Bouncing Flask","Noxious Fumes","Backflip+1","Cloak And Dagger+1","Well Laid Plans","Quick Slash+1","Backflip+1","Bite+1","Bite","Bite","Bite","Bite+1","Blade Dance+1","Envenom","Noxious Fumes","Noxious Fumes+1","Footwork","Blade Dance+1","Escape Plan+1","Backflip","Noxious Fumes+1","Accuracy+1","Accuracy+1"],"special_seed":0,"relics":["Orrery","WingedGreaves","Kunai","Thread and Needle","Bottled Tornado","Strawberry","Coffee Dripper","Lantern","Pen Nib","Mummified Hand","Bag of Preparation","MawBank","PreservedInsect","Dead Branch","Fusion Hammer","Regal Pillow","Juzu Bracelet","Meat on the Bone","Frozen Egg 2","ClockworkSouvenir","Ancient Tea Set","Whetstone","Oddly Smooth Stone"],"potions_floor_usage":[35,55,55,55],"damage_taken":[{"damage":0.0,"enemies":"Jaw Worm","floor":1.0,"turns":7.0},{"damage":0.0,"enemies":"Small Slimes","floor":2.0,"turns":4.0},{"damage":1.0,"enemies":"2 Louse","floor":3.0,"turns":5.0},{"damage":3.0,"enemies":"Large Slime","floor":5.0,"turns":9.0},{"damage":12.0,"enemies":"3 Sentries","floor":7.0,"turns":8.0},{"damage":15.0,"enemies":"Exordium Wildlife","floor":8.0,"turns":7.0},{"damage":17.0,"enemies":"Gremlin Nob","floor":10.0,"turns":5.0},{"damage":7.0,"enemies":"Exordium Thugs","floor":14.0,"turns":5.0},{"damage":19.0,"enemies":"The Guardian","floor":16.0,"turns":13.0},{"damage":0.0,"enemies":"Shell Parasite","floor":18.0,"turns":6.0},{"damage":5.0,"enemies":"Chosen","floor":20.0,"turns":5.0},{"damage":0.0,"enemies":"Centurion and Healer","floor":21.0,"turns":5.0},{"damage":20.0,"enemies":"Slavers","floor":24.0,"turns":4.0},{"damage":25.0,"enemies":"Gremlin Leader","floor":27.0,"turns":6.0},{"damage":10.0,"enemies":"Sentry and Sphere","floor":29.0,"turns":7.0},{"damage":0,"enemies":"Slavers","floor":31,"turns":3},{"damage":7,"enemies":"Automaton","floor":33,"turns":7},{"damage":0,"enemies":"3 Shapes","floor":35,"turns":3},{"damage":0,"enemies":"3 Darklings","floor":36,"turns":4},{"damage":11,"enemies":"Spire Growth","floor":38,"turns":5},{"damage":0,"enemies":"4 Shapes","floor":39,"turns":4},{"damage":0,"enemies":"Giant Head","floor":40,"turns":6},{"damage":0,"enemies":"Reptomancer","floor":42,"turns":4},{"damage":0,"enemies":"Giant Head","floor":44,"turns":6},{"damage":1,"enemies":"Maw","floor":45,"turns":6},{"damage":1,"enemies":"Nemesis","floor":46,"turns":6},{"damage":0,"enemies":"Giant Head","floor":48,"turns":5},{"damage":23,"enemies":"Awakened One","floor":50,"turns":11},{"damage":0,"enemies":"Shield and Spear","floor":54,"turns":4},{"damage":41,"enemies":"The Heart","floor":55,"turns":8}],"seed_played":"1032096628697262526","potions_obtained":[{"floor":1.0,"key":"Swift Potion"},{"floor":2.0,"key":"FairyPotion"},{"floor":3.0,"key":"PowerPotion"},{"floor":7.0,"key":"Strength Potion"},{"floor":10.0,"key":"Strength Potion"},{"floor":18.0,"key":"Ancient Potion"},{"floor":20.0,"key":"Weak Potion"},{"floor":29.0,"key":"Ancient Potion"},{"floor":33,"key":"Swift Potion"},{"floor":35,"key":"Strength Potion"},{"floor":39,"key":"Dexterity Potion"},{"floor":45,"key":"SteroidPotion"}],"is_trial":false,"path_per_floor":["M","M","M","?","M","R","E","M","T","E","T","R","?","M","R","B",null,"M","?","M","M","$","R","E","R","T","E","?","M","?","E","R","B",null,"M","M","?","M","M","E","?","E","T","E","M","E","$","E","R","B",null,"R","$","E","B",null],"character_chosen":"THE_SILENT","items_purchased":["Lantern","Pen Nib","Cloak And Dagger","Well Laid Plans","ClockworkSouvenir","Ancient Tea Set","Backflip","Noxious Fumes+1","Accuracy+1"],"campfire_rested":1,"item_purchase_floors":[22,22,22,22,47,47,47,47,53],"current_hp_per_floor":[70,70,69,58,55,55,43,28,28,11,11,32,36,29,29,10,77,77,77,72,72,72,72,52,52,52,27,27,31,31,35,35,38,53,53,53,53,44,48,53,53,53,53,53,53,53,53,53,53,34,53,53,53,53,35],"gold":54,"neow_bonus":"BOSS_RELIC","is_prod":false,"is_daily":false,"chose_seed":false,"campfire_upgraded":5,"win_rate":0,"timestamp":1558157271,"path_taken":["M","M","M","?","M","R","E","M","T","E","?","R","?","M","R","BOSS","M","?","M","M","$","R","E","R","T","E","?","M","?","E","R","BOSS","M","M","?","M","M","E","?","E","T","E","M","E","$","E","R","BOSS","R","$","E","BOSS"],"build_version":"2019-01-23","purchased_purges":2,"victory":true,"max_hp_per_floor":[70,70,70,70,70,70,70,70,70,70,70,70,77,77,77,77,77,77,77,77,77,77,77,77,77,77,77,53,53,53,53,53,53,53,53,53,53,53,53,53,53,53,53,53,53,53,53,53,53,53,53,53,53,53,53],"card_choices":[{"not_picked":["Blade Dance","Sucker Punch"],"picked":"Dash","floor":0.0},{"not_picked":["Sucker Punch","Bouncing Flask"],"picked":"After Image","floor":0.0},{"not_picked":["Underhanded Strike","PiercingWail"],"picked":"Crippling Poison","floor":0.0},{"not_picked":["Tactician","Eviscerate"],"picked":"Caltrops","floor":0.0},{"not_picked":["Well Laid Plans","Cloak And Dagger"],"picked":"Leg Sweep","floor":0.0},{"not_picked":["Endless Agony","Blade Dance","Tactician"],"picked":"SKIP","floor":1.0},{"not_picked":["Outmaneuver","Quick Slash"],"picked":"Deadly Poison","floor":2.0},{"not_picked":["Poisoned Stab","Crippling Poison","Outmaneuver"],"picked":"SKIP","floor":3.0},{"not_picked":["Quick Slash","Distraction","Underhanded Strike"],"picked":"SKIP","floor":5.0},{"not_picked":["Flying Knee","Dodge and Roll","Quick Slash"],"picked":"SKIP","floor":7.0},{"not_picked":["PiercingWail","Acrobatics"],"picked":"Glass Knife","floor":8.0},{"not_picked":["Choke","Reflex"],"picked":"PiercingWail","floor":10.0},{"not_picked":["Deflect","Well Laid Plans"],"picked":"Dagger Spray","floor":14.0},{"not_picked":["Phantasmal Killer","Glass Knife"],"picked":"Corpse Explosion","floor":16.0},{"not_picked":["Backflip","Leg Sweep+1"],"picked":"Bouncing Flask","floor":18.0},{"not_picked":["Sucker Punch","Flying Knee"],"picked":"Backflip","floor":20.0},{"not_picked":["Dagger Spray","Eviscerate","Prepared"],"picked":"SKIP","floor":21.0},{"not_picked":["Night Terror","Dagger Throw"],"picked":"Quick Slash+1","floor":24.0},{"not_picked":["Endless Agony+1","Choke+1"],"picked":"Backflip+1","floor":27.0},{"not_picked":["Slice","Calculated Gamble+1","Underhanded Strike+1"],"picked":"SKIP","floor":29.0},{"not_picked":["Escape Plan","PiercingWail"],"picked":"Blade Dance+1","floor":31},{"not_picked":["Grand Finale","Doppelganger"],"picked":"Envenom","floor":33},{"not_picked":["Distraction+1","Tactician+1"],"picked":"Noxious Fumes","floor":35},{"not_picked":["Prepared+1","Leg Sweep"],"picked":"Noxious Fumes+1","floor":36},{"not_picked":["Setup","Masterful Stab"],"picked":"Footwork","floor":38},{"not_picked":["Escape Plan+1","Dagger Spray+1"],"picked":"Blade Dance+1","floor":39},{"not_picked":["Well Laid Plans+1","Dash+1","Poisoned Stab"],"picked":"SKIP","floor":40},{"not_picked":["Crippling Poison+1","Dagger Spray"],"picked":"Escape Plan+1","floor":42},{"not_picked":["Outmaneuver+1","Doppelganger","Footwork"],"picked":"SKIP","floor":44},{"not_picked":["Concentrate+1","Dash+1","Bane"],"picked":"SKIP","floor":45},{"not_picked":["Outmaneuver","Tactician+1","All Out Attack"],"picked":"SKIP","floor":46},{"not_picked":["Eviscerate+1","Outmaneuver+1","Poisoned Stab"],"picked":"SKIP","floor":48},{"not_picked":["Sucker Punch","Deadly Poison+1"],"picked":"Accuracy+1","floor":54}],"player_experience":441500,"relics_obtained":[{"floor":7.0,"key":"WingedGreaves"},{"floor":9.0,"key":"Kunai"},{"floor":10.0,"key":"Thread and Needle"},{"floor":11.0,"key":"Bottled Tornado"},{"floor":24.0,"key":"Mummified Hand"},{"floor":26.0,"key":"Bag of Preparation"},{"floor":27.0,"key":"MawBank"},{"floor":31,"key":"Dead Branch"},{"floor":40,"key":"Regal Pillow"},{"floor":42,"key":"Juzu Bracelet"},{"floor":44,"key":"Meat on the Bone"},{"floor":46,"key":"Frozen Egg 2"},{"floor":48,"key":"Whetstone"},{"floor":54,"key":"Oddly Smooth Stone"}],"event_choices":[{"damage_healed":0.0,"max_hp_gain":0.0,"max_hp_loss":0.0,"gold_gain":75.0,"event_name":"World of Goop","player_choice":"Gather Gold","floor":4.0,"gold_loss":0.0,"damage_taken":11.0},{"damage_healed":0.0,"max_hp_gain":0.0,"max_hp_loss":0.0,"gold_gain":0.0,"event_name":"Scrap Ooze","player_choice":"Success","floor":13.0,"gold_loss":0.0,"damage_taken":3.0,"relics_obtained":["Strawberry"]},{"damage_healed":0.0,"max_hp_gain":0.0,"max_hp_loss":0.0,"gold_gain":0.0,"event_name":"The Library","player_choice":"Read","floor":19.0,"gold_loss":0.0,"damage_taken":0.0,"cards_obtained":["Noxious Fumes"]},{"damage_healed":0.0,"max_hp_gain":0.0,"max_hp_loss":24.0,"gold_gain":0.0,"event_name":"Vampires","player_choice":"Became a vampire","floor":28.0,"gold_loss":0.0,"damage_taken":0.0,"cards_obtained":["Bite","Bite","Bite","Bite","Bite"]},{"damage_healed":0.0,"max_hp_gain":0.0,"max_hp_loss":0.0,"gold_gain":0.0,"event_name":"Addict","player_choice":"Obtained Relic","floor":30.0,"gold_loss":85.0,"damage_taken":0.0,"relics_obtained":["PreservedInsect"]},{"cards_removed":["Defend_G"],"damage_healed":0,"gold_gain":0,"player_choice":"Removed Skill","damage_taken":0,"max_hp_gain":0,"max_hp_loss":0,"event_name":"Falling","floor":37,"gold_loss":0},{"damage_healed":0,"gold_gain":0,"player_choice":"Ignored","damage_taken":0,"max_hp_gain":0,"max_hp_loss":0,"event_name":"Tomb of Lord Red Mask","floor":41,"gold_loss":0}],"is_beta":false,"boss_relics":[{"not_picked":["Cursed Key","Tiny House"],"picked":"Coffee Dripper"},{"not_picked":["White Beast Statue","Velvet Choker"],"picked":"Fusion Hammer"}],"items_purged_floors":[22,47],"is_endless":false,"potions_floor_spawned":[1,2,3,7,10,18,20,29,33,35,39,44,45],"ascension_level":3}