{"gold_per_floor":[118,136,149,202,202,237,237,263,286,301,301,312,312,344,344,420,420,420,420,420,420],"floor_reached":21,"playtime":922,"items_purged":[],"score":378,"play_id":"99bbbb11-7f79-4cdb-9065-7071ca0bed96","local_time":"20190421145749","is_ascension_mode":true,"campfire_choices":[{"data":"Creative AI","floor":7.0,"key":"SMITH"},{"floor":11.0,"key":"REST"},{"floor":13.0,"key":"REST"},{"data":"Leap","floor":15.0,"key":"SMITH"}],"neow_cost":"NONE","seed_source_timestamp":6478322011816,"circlet_count":0,"master_deck":["AscendersBane","Strike_B","Strike_B+1","Strike_B","Strike_B+1","Defend_B","Defend_B","Defend_B","Defend_B","Zap+1","Dualcast+1","Leap","Sunder+1","Leap+1","Creative AI+1","Cold Snap","Cold Snap","Sweeping Beam","Core Surge","Leap"],"special_seed":0,"relics":["Cracked Core","Blood Vial","Peace Pipe","Strawberry","Whetstone","Gremlin Horn","Ectoplasm"],"potions_floor_usage":[],"damage_taken":[{"damage":1.0,"enemies":"Cultist","floor":1.0,"turns":3.0},{"damage":3.0,"enemies":"2 Louse","floor":2.0,"turns":3.0},{"damage":3.0,"enemies":"Small Slimes","floor":3.0,"turns":2.0},{"damage":5.0,"enemies":"Lagavulin","floor":6.0,"turns":7.0},{"damage":30.0,"enemies":"Gremlin Nob","floor":8.0,"turns":4.0},{"damage":5.0,"enemies":"Gremlin Gang","floor":10.0,"turns":4.0},{"damage":0.0,"enemies":"3 Louse","floor":12.0,"turns":3.0},{"damage":30.0,"enemies":"Lagavulin","floor":14.0,"turns":7.0},{"damage":18.0,"enemies":"Hexaghost","floor":16.0,"turns":13.0},{"damage":0.0,"enemies":"Spheric Guardian","floor":18.0,"turns":3.0},{"damage":29,"enemies":"Shell Parasite","floor":20,"turns":5},{"damage":45,"enemies":"Snecko","floor":21,"turns":9}],"seed_played":"-495155660093445487","potions_obtained":[{"floor":3.0,"key":"Poison Potion"},{"floor":8.0,"key":"Fire Potion"},{"floor":12.0,"key":"Swift Potion"}],"is_trial":false,"path_per_floor":["M","M","M","T","?","E","R","E","T","M","R","M","R","E","R","B",null,"M","?","M","M"],"character_chosen":"DEFECT","items_purchased":[],"campfire_rested":2,"item_purchase_floors":[],"current_hp_per_floor":[63,60,57,57,36,33,33,12,12,9,32,34,57,29,29,13,62,64,64,37,0],"gold":420,"neow_bonus":"UPGRADE_CARD","is_prod":false,"is_daily":false,"chose_seed":false,"campfire_upgraded":2,"win_rate":0,"timestamp":1555883869,"path_taken":["M","M","M","?","?","E","R","E","T","M","R","M","R","E","R","BOSS","M","?","M","M"],"build_version":"2019-01-23","purchased_purges":0,"victory":false,"max_hp_per_floor":[71,71,71,71,71,71,71,78,78,78,78,78,78,78,78,78,78,78,78,78,78],"card_choices":[{"not_picked":["Steam","Hello World"],"picked":"Leap","floor":1.0},{"not_picked":["Double Energy","Chill"],"picked":"Sunder","floor":2.0},{"not_picked":["Stack","Beam Cell"],"picked":"Leap","floor":3.0},{"not_picked":["Rebound","Sunder"],"picked":"Creative AI","floor":6.0},{"not_picked":["Steam","Streamline"],"picked":"Cold Snap","floor":8.0},{"not_picked":["Steam","Stack"],"picked":"Cold Snap","floor":10.0},{"not_picked":["Steam","Melter"],"picked":"Sweeping Beam","floor":12.0},{"not_picked":["Aggregate","Turbo","Skim"],"picked":"SKIP","floor":14.0},{"not_picked":["Seek","Multi-Cast"],"picked":"Core Surge","floor":16.0},{"not_picked":["Stack","Hologram","Chaos"],"picked":"SKIP","floor":18.0},{"not_picked":["Compile Driver","Gash"],"picked":"Leap","floor":20}],"player_experience":738987,"relics_obtained":[{"floor":4.0,"key":"Blood Vial"},{"floor":6.0,"key":"Peace Pipe"},{"floor":8.0,"key":"Strawberry"},{"floor":9.0,"key":"Whetstone"},{"floor":14.0,"key":"Gremlin Horn"}],"event_choices":[{"damage_healed":0.0,"max_hp_gain":0.0,"max_hp_loss":0.0,"gold_gain":0.0,"event_name":"Shining Light","player_choice":"Entered Light","floor":5.0,"gold_loss":0.0,"damage_taken":21.0,"cards_upgraded":["Dualcast","Sunder"]},{"damage_healed":0.0,"max_hp_gain":0.0,"max_hp_loss":0.0,"gold_gain":0.0,"event_name":"Golden Shrine","player_choice":"Ignored","floor":19.0,"gold_loss":0.0,"damage_taken":0.0}],"is_beta":false,"boss_relics":[{"not_picked":["Empty Cage","Cursed Key"],"picked":"Ectoplasm"}],"items_purged_floors":[],"is_endless":false,"potions_floor_spawned":[3,8,12],"killed_by":"Snecko","ascension_level":18}