{"gold_per_floor":[119,134,152,170,125,125,158,158,239,59,91,106,27,56,56,131,131,145,345,357,34,34,60,72,105,131,151,151,178,190,16,16,91,91,110,130,80,80,94,94,104,104],"floor_reached":42,"playtime":3128,"items_purged":["Strike_B","Strike_B","Strike_B","Hello World"],"score":1056,"play_id":"fe8315e7-1bf3-41f3-b6bd-700cda6651c5","local_time":"20190108222844","is_ascension_mode":true,"campfire_choices":[{"data":"Buffer","floor":6.0,"key":"SMITH"},{"floor":8.0,"key":"REST"},{"data":"Zap","floor":15,"key":"SMITH"},{"floor":28,"key":"REST"},{"floor":32,"key":"REST"},{"floor":40,"key":"REST"}],"neow_cost":"NONE","seed_source_timestamp":648574787515895,"circlet_count":0,"master_deck":["AscendersBane","Zap+1","Dualcast","Buffer+1","Sweeping Beam+1","Streamline","Conserve Battery","Glacier","Conserve Battery","Electrodynamics","Rebound+1","Defragment","Seek","Sweeping Beam+1","Apotheosis","Coolheaded","Undo+1","Coolheaded","Self Repair","Lockon","Electrodynamics","Defragment","Loop","Heatsinks","Compile Driver","Dark Shackles"],"special_seed":0,"relics":["Cracked Core","Happy Flower","Letter Opener","Tiny Chest","Bag of Preparation","Strawberry","Busted Crown","Pen Nib","Kunai","Matryoshka","Smiling Mask","Vajra","Whetstone","Pandora\u0027s Box"],"potions_floor_usage":[23,25,29,42],"damage_taken":[{"damage":9.0,"enemies":"Jaw Worm","floor":1.0,"turns":4.0},{"damage":12.0,"enemies":"Small Slimes","floor":2.0,"turns":3.0},{"damage":0.0,"enemies":"Cultist","floor":3.0,"turns":3.0},{"damage":11.0,"enemies":"Looter","floor":4.0,"turns":3.0},{"damage":8.0,"enemies":"Gremlin Nob","floor":7.0,"turns":4.0},{"damage":0.0,"enemies":"3 Sentries","floor":11.0,"turns":9.0},{"damage":0.0,"enemies":"Lots of Slimes","floor":12.0,"turns":2.0},{"damage":0,"enemies":"Gremlin Nob","floor":14,"turns":5},{"damage":18,"enemies":"The Guardian","floor":16,"turns":15},{"damage":11,"enemies":"2 Thieves","floor":18,"turns":3},{"damage":1,"enemies":"Shell Parasite","floor":20,"turns":7},{"damage":3,"enemies":"Slavers","floor":23,"turns":3},{"damage":0,"enemies":"Centurion and Healer","floor":24,"turns":4},{"damage":12,"enemies":"Gremlin Leader","floor":25,"turns":4},{"damage":4,"enemies":"Snecko","floor":27,"turns":4},{"damage":27,"enemies":"Slavers","floor":29,"turns":4},{"damage":0,"enemies":"Cultist and Chosen","floor":30,"turns":3},{"damage":18,"enemies":"Collector","floor":33,"turns":8},{"damage":14,"enemies":"3 Darklings","floor":35,"turns":3},{"damage":9,"enemies":"3 Shapes","floor":36,"turns":3},{"damage":32,"enemies":"Jaw Worm Horde","floor":39,"turns":3},{"damage":27,"enemies":"3 Darklings","floor":41,"turns":4},{"damage":24,"enemies":"Nemesis","floor":42,"turns":11}],"seed_played":"4919386093660104299","potions_obtained":[{"floor":2.0,"key":"SpeedPotion"},{"floor":4.0,"key":"Poison Potion"},{"floor":14,"key":"Energy Potion"},{"floor":20,"key":"Block Potion"},{"floor":23,"key":"Dexterity Potion"},{"floor":24,"key":"FearPotion"},{"floor":36,"key":"FocusPotion"},{"floor":41,"key":"LiquidBronze"}],"is_trial":false,"path_per_floor":["M","M","M","M","?","R","E","R","T","$","E","M","$","E","R","B",null,"M","?","M","$","?","E","M","E","T","M","R","E","M","$","R","B",null,"M","M","$","?","M","R","M","E"],"character_chosen":"DEFECT","items_purchased":["Glacier","Conserve Battery","Defragment","Apotheosis","Coolheaded","Self Repair","Lockon"],"campfire_rested":4,"item_purchase_floors":[10,10,13,21,21,31,31],"current_hp_per_floor":[55,43,43,32,32,32,24,45,45,45,45,45,45,52,52,34,67,56,56,55,55,55,52,52,40,40,36,59,32,32,32,55,47,70,56,47,47,47,15,38,21,0],"gold":104,"neow_bonus":"RANDOM_COMMON_RELIC","is_prod":false,"is_daily":false,"chose_seed":false,"campfire_upgraded":2,"win_rate":0,"timestamp":1546982924,"path_taken":["M","M","M","M","?","R","E","R","T","$","E","M","$","E","R","BOSS","M","?","?","$","?","E","?","E","T","M","R","E","M","$","R","BOSS","M","M","$","?","M","R","M","E"],"build_version":"2019-01-03v4","purchased_purges":4,"victory":false,"max_hp_per_floor":[71,71,71,71,71,71,71,71,71,71,71,71,71,78,78,78,78,78,78,78,78,78,78,78,78,78,78,78,78,78,78,78,78,78,78,78,78,78,78,78,78,78],"card_choices":[{"not_picked":["Redo","Compile Driver","Leap"],"picked":"SKIP","floor":1.0},{"not_picked":["Rebound","Coolheaded"],"picked":"Buffer","floor":2.0},{"not_picked":["Steam","Stack"],"picked":"Sweeping Beam","floor":3.0},{"not_picked":["Beam Cell","Recycle"],"picked":"Streamline","floor":4.0},{"not_picked":["Static Discharge","Redo"],"picked":"Conserve Battery","floor":7.0},{"not_picked":["Gash","Static Discharge"],"picked":"Electrodynamics","floor":11.0},{"not_picked":["Streamline","Beam Cell"],"picked":"Rebound","floor":12.0},{"not_picked":["All For One","Sweeping Beam","Hello World"],"picked":"SKIP","floor":14},{"not_picked":["Buffer","Electrodynamics"],"picked":"Seek","floor":16},{"not_picked":[],"picked":"Sweeping Beam+1","floor":18},{"not_picked":["Cold Snap"],"picked":"SKIP","floor":20},{"not_picked":["Heatsinks"],"picked":"SKIP","floor":23},{"not_picked":[],"picked":"Undo+1","floor":24},{"not_picked":["Reprogram"],"picked":"SKIP","floor":25},{"not_picked":[],"picked":"Coolheaded","floor":27},{"not_picked":["Leap"],"picked":"SKIP","floor":29},{"not_picked":["Steam"],"picked":"SKIP","floor":30},{"not_picked":[],"picked":"Electrodynamics","floor":33},{"not_picked":["Compile Driver"],"picked":"SKIP","floor":35},{"not_picked":["Beam Cell"],"picked":"SKIP","floor":36},{"not_picked":[],"picked":"Dark Shackles","floor":38},{"not_picked":["Cold Snap"],"picked":"SKIP","floor":39},{"not_picked":["Sweeping Beam"],"picked":"SKIP","floor":41}],"player_experience":1532764,"relics_obtained":[{"floor":7.0,"key":"Letter Opener"},{"floor":9.0,"key":"Tiny Chest"},{"floor":11.0,"key":"Bag of Preparation"},{"floor":14,"key":"Strawberry"},{"floor":23,"key":"Kunai"},{"floor":25,"key":"Matryoshka"},{"floor":26,"key":"Smiling Mask"},{"floor":26,"key":"Vajra"},{"floor":29,"key":"Whetstone"}],"event_choices":[{"damage_healed":0.0,"max_hp_gain":0.0,"max_hp_loss":0.0,"gold_gain":0.0,"event_name":"World of Goop","player_choice":"Left Gold","floor":5.0,"gold_loss":45.0,"damage_taken":0.0},{"damage_healed":0,"gold_gain":200,"player_choice":"Gold","damage_taken":0,"max_hp_gain":0,"max_hp_loss":0,"event_name":"Wheel of Change","floor":19,"gold_loss":0},{"damage_healed":0,"gold_gain":0,"player_choice":"Gave Potion","damage_taken":0,"relics_obtained":["Pen Nib"],"max_hp_gain":0,"max_hp_loss":0,"event_name":"WeMeetAgain","floor":22,"gold_loss":0},{"damage_healed":0,"gold_gain":0,"player_choice":"Memory 1","damage_taken":0,"max_hp_gain":0,"max_hp_loss":0,"event_name":"SensoryStone","floor":38,"gold_loss":0}],"is_beta":false,"boss_relics":[{"not_picked":["Coffee Dripper","Cursed Key"],"picked":"Busted Crown"},{"not_picked":["FrozenCore","Calling Bell"],"picked":"Pandora\u0027s Box"}],"items_purged_floors":[10,21,31,37],"is_endless":false,"potions_floor_spawned":[2,4,14,20,23,24,36,41],"killed_by":"Nemesis","ascension_level":20}