{"gold_per_floor":[114,33,52,52,67,67,67,94,119,119,132,165,183,201,201,277,277,291,291,291,311,99,99,14,14,85,10,38,38,55,87,87,163,163,176,276,289,289,239,239,273,273,273,273,306,206,220,248,248,248,248,248,248,195,224,224],"floor_reached":57,"playtime":4014,"items_purged":["Bite","Doubt"],"score":2918,"play_id":"0f9056fe-5b7d-453d-a698-0bd529e42b89","local_time":"20190217122438","is_ascension_mode":true,"campfire_choices":[{"data":"Skewer","floor":6.0,"key":"SMITH"},{"data":"Neutralize","floor":10.0,"key":"SMITH"},{"data":"Catalyst","floor":15.0,"key":"SMITH"},{"data":"Footwork","floor":23.0,"key":"SMITH"},{"data":"1","floor":25.0,"key":"LIFT"},{"data":"2","floor":29.0,"key":"LIFT"},{"data":"3","floor":32.0,"key":"LIFT"},{"floor":40.0,"key":"RECALL"},{"data":"Wraith Form v2","floor":42.0,"key":"SMITH"},{"data":"Acrobatics","floor":44.0,"key":"SMITH"},{"data":"Catalyst","floor":49.0,"key":"SMITH"},{"data":"Acrobatics","floor":53.0,"key":"SMITH"}],"neow_cost":"NONE","seed_source_timestamp":9120509825520,"circlet_count":0,"master_deck":["AscendersBane","Defend_G+1","Defend_G+1","Defend_G+1","Defend_G+1","Defend_G+1","Survivor","Neutralize+1","Skewer+1","Bullet Time","Riddle With Holes","Backflip","Envenom","Catalyst+1","Footwork+1","Corpse Explosion","Leg Sweep","Leg Sweep","Crippling Poison","Footwork+1","Acrobatics+1","Envenom","Bite","Bite","Bite","Bite","Acrobatics+1","Eviscerate","PiercingWail","Wraith Form v2+1","Backflip","PiercingWail","Bouncing Flask+1","Catalyst+1","Catalyst"],"special_seed":0,"relics":["Snecko Eye","Anchor","Strawberry","Kunai","Bag of Marbles","Orrery","OrangePellets","Girya","Mercury Hourglass","Ancient Tea Set","Bag of Preparation","Cursed Key","Unceasing Top","Prayer Wheel","Peace Pipe","Lantern","Boot"],"potions_floor_usage":[55,56],"damage_taken":[{"damage":13.0,"enemies":"Jaw Worm","floor":1.0,"turns":6.0},{"damage":0.0,"enemies":"Small Slimes","floor":3.0,"turns":3.0},{"damage":0.0,"enemies":"2 Louse","floor":5.0,"turns":2.0},{"damage":15.0,"enemies":"Lagavulin","floor":8.0,"turns":8.0},{"damage":0.0,"enemies":"Looter","floor":11.0,"turns":2.0},{"damage":0.0,"enemies":"3 Sentries","floor":12.0,"turns":6.0},{"damage":0.0,"enemies":"2 Fungi Beasts","floor":13.0,"turns":2.0},{"damage":0.0,"enemies":"Large Slime","floor":14.0,"turns":2.0},{"damage":39.0,"enemies":"Slime Boss","floor":16.0,"turns":8.0},{"damage":12.0,"enemies":"2 Thieves","floor":18.0,"turns":4.0},{"damage":0.0,"enemies":"3 Byrds","floor":21.0,"turns":3.0},{"damage":9.0,"enemies":"Gremlin Leader","floor":28.0,"turns":5.0},{"damage":0.0,"enemies":"Snecko","floor":30.0,"turns":2.0},{"damage":20.0,"enemies":"Book of Stabbing","floor":31.0,"turns":7.0},{"damage":1.0,"enemies":"Champ","floor":33.0,"turns":9.0},{"damage":0.0,"enemies":"3 Darklings","floor":35.0,"turns":2.0},{"damage":0.0,"enemies":"Mind Bloom Boss Battle","floor":36.0,"turns":2.0},{"damage":0.0,"enemies":"3 Shapes","floor":37.0,"turns":4.0},{"damage":13.0,"enemies":"Giant Head","floor":41.0,"turns":7.0},{"damage":0.0,"enemies":"Reptomancer","floor":45.0,"turns":5.0},{"damage":8.0,"enemies":"Sphere and 2 Shapes","floor":47.0,"turns":4.0},{"damage":3.0,"enemies":"Giant Head","floor":48.0,"turns":7.0},{"damage":24.0,"enemies":"Time Eater","floor":50.0,"turns":10.0},{"damage":30.0,"enemies":"Awakened One","floor":51.0,"turns":11.0},{"damage":0,"enemies":"Shield and Spear","floor":55,"turns":2},{"damage":41,"enemies":"The Heart","floor":56,"turns":8}],"seed_played":"-7957969423887822136","potions_obtained":[{"floor":1.0,"key":"FairyPotion"},{"floor":13.0,"key":"GamblersBrew"},{"floor":16.0,"key":"PowerPotion"},{"floor":18.0,"key":"GhostInAJar"},{"floor":37.0,"key":"Swift Potion"},{"floor":55,"key":"Strength Potion"}],"is_trial":false,"path_per_floor":["M","$","M","?","M","R","?","E","T","R","M","E","M","M","R","B",null,"M","?","?","M","$","R","?","R","T","$","E","R","M","E","R","B",null,"M","?","M","?","?","R","E","R","T","R","E","$","M","E","R","B","B",null,"R","$","E","B",null],"character_chosen":"THE_SILENT","items_purchased":["Skewer","OrangePellets","SkillPotion"],"campfire_rested":0,"item_purchase_floors":[2,22,54],"current_hp_per_floor":[46,46,46,28,28,28,35,20,20,20,22,24,26,28,28,7,57,47,47,47,51,51,51,51,51,51,51,52,52,58,48,48,71,73,73,73,73,69,69,69,66,66,66,66,69,69,65,68,68,55,45,63,63,63,65,36],"gold":224,"neow_bonus":"BOSS_RELIC","is_prod":false,"is_daily":false,"chose_seed":false,"campfire_upgraded":8,"win_rate":0,"timestamp":1550402678,"path_taken":["M","$","M","?","M","R","?","E","T","R","M","E","M","M","R","BOSS","M","?","?","M","$","R","?","R","T","$","E","R","M","E","R","BOSS","M","?","M","?","?","R","E","R","T","R","E","$","M","E","R","BOSS","BOSS","R","$","E","BOSS"],"build_version":"2019-02-06","purchased_purges":2,"victory":true,"max_hp_per_floor":[66,66,66,66,66,66,73,73,73,73,73,73,73,73,73,73,73,73,73,73,73,73,73,73,73,73,73,73,73,73,73,73,73,73,73,73,73,69,69,69,69,69,69,69,69,69,69,69,69,69,69,69,69,69,69,69],"card_choices":[{"not_picked":["All Out Attack","Flying Knee","Cloak And Dagger"],"picked":"SKIP","floor":1.0},{"not_picked":["All Out Attack","Flying Knee","Cloak And Dagger"],"picked":"SKIP","floor":1.0},{"not_picked":["All Out Attack","Flying Knee","Cloak And Dagger"],"picked":"SKIP","floor":1.0},{"not_picked":["Underhanded Strike","Deadly Poison","Prepared"],"picked":"SKIP","floor":3.0},{"not_picked":["Slice","Backflip"],"picked":"Bullet Time","floor":5.0},{"not_picked":["Slice","Reflex"],"picked":"Riddle With Holes","floor":8.0},{"not_picked":["Quick Slash","Tactician"],"picked":"Backflip","floor":11.0},{"not_picked":["Poisoned Stab","Noxious Fumes"],"picked":"Envenom","floor":12.0},{"not_picked":["Blade Dance","Deadly Poison"],"picked":"Catalyst","floor":13.0},{"not_picked":["Outmaneuver","Sucker Punch"],"picked":"Footwork","floor":14.0},{"not_picked":["Burst","Tools of the Trade"],"picked":"Corpse Explosion","floor":16.0},{"not_picked":["Quick Slash","Footwork"],"picked":"Leg Sweep","floor":17.0},{"not_picked":["Backflip","PiercingWail"],"picked":"Leg Sweep","floor":17.0},{"not_picked":["Outmaneuver","Dagger Throw"],"picked":"Crippling Poison","floor":17.0},{"not_picked":["Quick Slash","Backstab"],"picked":"Footwork","floor":17.0},{"not_picked":["PiercingWail","Poisoned Stab"],"picked":"Acrobatics","floor":17.0},{"not_picked":["Bane","Riddle With Holes"],"picked":"Envenom","floor":18.0},{"not_picked":["PiercingWail","Blade Dance"],"picked":"Acrobatics","floor":21.0},{"not_picked":["Underhanded Strike","Deadly Poison"],"picked":"Eviscerate","floor":28.0},{"not_picked":["Blade Dance","Slice","Accuracy"],"picked":"SKIP","floor":30.0},{"not_picked":["Deflect","Dodge and Roll"],"picked":"PiercingWail","floor":31.0},{"not_picked":["After Image","Corpse Explosion"],"picked":"Wraith Form v2","floor":33.0},{"not_picked":["Underhanded Strike","Prepared+1","Caltrops"],"picked":"SKIP","floor":35.0},{"not_picked":["Flying Knee+1","Cloak And Dagger"],"picked":"Backflip","floor":36.0},{"not_picked":["Backstab+1","Dagger Spray","Dagger Throw"],"picked":"SKIP","floor":37.0},{"not_picked":["Sucker Punch","Prepared"],"picked":"PiercingWail","floor":41.0},{"not_picked":["Slice","Venomology","Quick Slash"],"picked":"SKIP","floor":45.0},{"not_picked":["Flying Knee","Acrobatics"],"picked":"Bouncing Flask+1","floor":47.0},{"not_picked":["All Out Attack","PiercingWail","Dodge and Roll"],"picked":"SKIP","floor":47.0},{"not_picked":["Dagger Throw","Infinite Blades"],"picked":"Catalyst","floor":48.0},{"not_picked":["Calculated Gamble","Cloak And Dagger"],"picked":"Catalyst","floor":55}],"player_experience":1223247,"relics_obtained":[{"floor":8.0,"key":"Kunai"},{"floor":9.0,"key":"Blood Vial"},{"floor":12.0,"key":"Bag of Marbles"},{"floor":26.0,"key":"Mercury Hourglass"},{"floor":28.0,"key":"Ancient Tea Set"},{"floor":31.0,"key":"Bag of Preparation"},{"floor":36.0,"key":"Unceasing Top"},{"floor":41.0,"key":"Prayer Wheel"},{"floor":45.0,"key":"Peace Pipe"},{"floor":48.0,"key":"Lantern"},{"floor":55,"key":"Boot"}],"event_choices":[{"damage_healed":0.0,"max_hp_gain":0.0,"max_hp_loss":0.0,"gold_gain":0.0,"event_name":"Scrap Ooze","player_choice":"Success","floor":4.0,"gold_loss":0.0,"damage_taken":18.0,"relics_obtained":["Anchor"]},{"damage_healed":0.0,"max_hp_gain":0.0,"max_hp_loss":0.0,"gold_gain":0.0,"event_name":"Dead Adventurer","player_choice":"Searched \u00272\u0027 times","floor":7.0,"gold_loss":0.0,"damage_taken":0.0,"relics_obtained":["Strawberry"]},{"damage_healed":0.0,"max_hp_gain":0.0,"max_hp_loss":0.0,"gold_gain":0.0,"event_name":"Back to Basics","player_choice":"Simplicity","floor":19.0,"gold_loss":0.0,"damage_taken":0.0,"cards_upgraded":["Defend_G","Defend_G","Defend_G","Defend_G","Defend_G","Strike_G","Strike_G","Strike_G","Strike_G","Strike_G"]},{"damage_healed":0.0,"max_hp_gain":0.0,"max_hp_loss":0.0,"gold_gain":0.0,"event_name":"Vampires","player_choice":"Became a vampire (Vial)","floor":20.0,"relics_lost":["Blood Vial"],"gold_loss":0.0,"damage_taken":0.0,"cards_obtained":["Bite","Bite","Bite","Bite","Bite"]},{"damage_healed":0.0,"max_hp_gain":0.0,"max_hp_loss":0.0,"gold_gain":0.0,"event_name":"Addict","player_choice":"Obtained Relic","floor":24.0,"gold_loss":85.0,"damage_taken":0.0,"relics_obtained":["Girya"]},{"damage_healed":0.0,"max_hp_gain":0.0,"max_hp_loss":0.0,"gold_gain":0.0,"event_name":"MindBloom","player_choice":"Fight","floor":36.0,"gold_loss":0.0,"damage_taken":0.0},{"damage_healed":0.0,"max_hp_gain":0.0,"max_hp_loss":4.0,"gold_gain":0.0,"event_name":"Winding Halls","player_choice":"Max HP","floor":38.0,"gold_loss":0.0,"damage_taken":0.0},{"damage_healed":0.0,"max_hp_gain":0.0,"max_hp_loss":0.0,"gold_gain":0.0,"event_name":"Designer","player_choice":"Upgrade","floor":39.0,"gold_loss":50.0,"damage_taken":0.0,"cards_upgraded":["Footwork"]}],"is_beta":true,"boss_relics":[{"not_picked":["Lizard Tail","Black Star"],"picked":"Orrery"},{"not_picked":["Calling Bell","Pandora\u0027s Box"],"picked":"Cursed Key"}],"items_purged_floors":[27,46],"is_endless":false,"potions_floor_spawned":[1,13,16,18,36,37,48,55],"ascension_level":20}