{"gold_per_floor":[110,26,39,39,39,39,69,69,142,171,191,191,156,306,306,383,383,403,144,158,158,158,158,174,174,200,23,123,0,0],"floor_reached":30,"playtime":5154,"items_purged":["Doubt","Strike_G"],"score":464,"play_id":"ae57efe0-376b-455c-9987-5740ea649d54","local_time":"20190415204414","is_ascension_mode":true,"campfire_choices":[{"floor":6.0,"key":"REST"},{"floor":8.0,"key":"REST"},{"data":"Neutralize","floor":12.0,"key":"SMITH"},{"data":"After Image","floor":15.0,"key":"SMITH"},{"floor":23.0,"key":"REST"},{"floor":25.0,"key":"REST"}],"neow_cost":"PERCENT_DAMAGE","seed_source_timestamp":512472067051228,"circlet_count":0,"master_deck":["AscendersBane","Defend_G","Defend_G","Defend_G","Defend_G","Defend_G","Strike_G","Strike_G","Strike_G+1","Strike_G","Survivor+1","Neutralize+1","After Image+1","Choke","Endless Agony","Poisoned Stab","Quick Slash","Catalyst","Footwork+1","A Thousand Cuts+1","Catalyst","Footwork+1","Bandage Up","Prepared","Necronomicurse","Concentrate"],"special_seed":0,"relics":["Ring of the Snake","Blue Candle","Frozen Egg 2","Letter Opener","Runic Pyramid","Necronomicon","Lantern","The Specimen","Sundial"],"potions_floor_usage":[30],"damage_taken":[{"damage":1.0,"enemies":"Cultist","floor":1.0,"turns":4.0},{"damage":0.0,"enemies":"2 Louse","floor":3.0,"turns":3.0},{"damage":8.0,"enemies":"Lagavulin","floor":7.0,"turns":8.0},{"damage":26.0,"enemies":"3 Sentries","floor":10.0,"turns":10.0},{"damage":3.0,"enemies":"Jaw Worm","floor":11.0,"turns":3.0},{"damage":18.0,"enemies":"The Guardian","floor":16.0,"turns":20.0},{"damage":13.0,"enemies":"Spheric Guardian","floor":18.0,"turns":9.0},{"damage":0.0,"enemies":"Chosen","floor":20.0,"turns":6.0},{"damage":23.0,"enemies":"Snake Plant","floor":24.0,"turns":4.0},{"damage":23.0,"enemies":"Colosseum Slavers","floor":28.0,"turns":3.0},{"damage":18.0,"enemies":"Colosseum Nobs","floor":28.0,"turns":5.0},{"damage":12,"enemies":"Chosen and Byrds","floor":30,"turns":5}],"seed_played":"-3189786439363226172","potions_obtained":[{"floor":1.0,"key":"Poison Potion"},{"floor":7.0,"key":"Weak Potion"},{"floor":16.0,"key":"SteroidPotion"},{"floor":18.0,"key":"Weak Potion"},{"floor":22.0,"key":"EssenceOfSteel"},{"floor":22.0,"key":"Strength Potion"},{"floor":24.0,"key":"FearPotion"},{"floor":28.0,"key":"Fire Potion"}],"is_trial":false,"path_per_floor":["M","$","M","?","$","R","E","R","T","E","M","R","?","?","R","B",null,"M","$","M","?","?","R","M","R","T","$","?","?","M"],"character_chosen":"THE_SILENT","items_purchased":["Endless Agony","Footwork+1","Bandage Up","Concentrate"],"campfire_rested":4,"item_purchase_floors":[2,19,19,27],"current_hp_per_floor":[43,43,43,23,23,42,34,53,53,27,24,24,40,40,40,22,55,42,42,46,25,25,44,21,40,40,40,7,7,0],"gold":0,"neow_bonus":"THREE_RARE_CARDS","is_prod":false,"is_daily":false,"chose_seed":false,"campfire_upgraded":2,"win_rate":0,"timestamp":1555353854,"path_taken":["M","$","?","?","$","R","E","R","T","E","M","R","?","?","R","BOSS","M","$","M","?","?","R","?","R","T","$","?","?","M"],"build_version":"2019-01-23","purchased_purges":2,"victory":false,"max_hp_per_floor":[66,66,66,66,66,66,66,66,66,66,66,66,66,66,66,66,66,66,66,66,66,66,66,66,66,66,66,66,66,66],"card_choices":[{"not_picked":["Grand Finale","Unload"],"picked":"After Image","floor":0.0},{"not_picked":["Concentrate","Finisher"],"picked":"Choke","floor":1.0},{"not_picked":["Blur","Tactician"],"picked":"Poisoned Stab","floor":3.0},{"not_picked":["Dagger Throw","Expertise"],"picked":"Quick Slash","floor":7.0},{"not_picked":["Underhanded Strike","Distraction"],"picked":"Catalyst","floor":10.0},{"not_picked":["Bane","Acrobatics"],"picked":"Footwork+1","floor":11.0},{"not_picked":["Tools of the Trade+1","Adrenaline"],"picked":"A Thousand Cuts+1","floor":16.0},{"not_picked":["Dagger Throw","Riddle With Holes"],"picked":"Catalyst","floor":18.0},{"not_picked":["Finisher","Terror"],"picked":"Prepared","floor":20.0},{"not_picked":["Skewer","Slice","Poisoned Stab"],"picked":"SKIP","floor":24.0}],"player_experience":2491391,"relics_obtained":[{"floor":7.0,"key":"Blue Candle"},{"floor":9.0,"key":"Frozen Egg 2"},{"floor":10.0,"key":"Letter Opener"},{"floor":21.0,"key":"Necronomicon"},{"floor":26.0,"key":"Lantern"},{"floor":28.0,"key":"The Specimen"},{"floor":28.0,"key":"Sundial"}],"event_choices":[{"damage_healed":0.0,"max_hp_gain":0.0,"max_hp_loss":0.0,"gold_gain":0.0,"event_name":"Shining Light","player_choice":"Entered Light","floor":4.0,"gold_loss":0.0,"damage_taken":20.0,"cards_upgraded":["Strike_G","Survivor"]},{"damage_healed":16.0,"max_hp_gain":0.0,"max_hp_loss":0.0,"gold_gain":0.0,"event_name":"The Cleric","player_choice":"Healed","floor":13.0,"gold_loss":35.0,"damage_taken":0.0},{"damage_healed":0.0,"max_hp_gain":0.0,"max_hp_loss":0.0,"gold_gain":150.0,"event_name":"Liars Game","player_choice":"AGREE","floor":14.0,"gold_loss":0.0,"damage_taken":0.0,"cards_obtained":["Doubt"]},{"damage_healed":0.0,"max_hp_gain":0.0,"max_hp_loss":0.0,"gold_gain":0.0,"event_name":"Cursed Tome","player_choice":"Obtained Book","floor":21.0,"gold_loss":0.0,"damage_taken":21.0},{"damage_healed":0.0,"max_hp_gain":0.0,"max_hp_loss":0.0,"gold_gain":0.0,"event_name":"Lab","player_choice":"Got Potions","floor":22.0,"gold_loss":0.0,"damage_taken":0.0},{"damage_healed":0.0,"max_hp_gain":0.0,"max_hp_loss":0.0,"gold_gain":0.0,"event_name":"Colosseum","player_choice":"Fight","floor":28.0,"gold_loss":0.0,"damage_taken":0.0},{"damage_healed":0.0,"max_hp_gain":0.0,"max_hp_loss":0.0,"gold_gain":0.0,"event_name":"Colosseum","player_choice":"Fought Nobs","floor":28.0,"gold_loss":0.0,"damage_taken":0.0},{"damage_healed":0.0,"max_hp_gain":0.0,"max_hp_loss":0.0,"gold_gain":0.0,"event_name":"Masked Bandits","player_choice":"Paid Fearfully","floor":29.0,"gold_loss":123.0,"damage_taken":0.0}],"is_beta":false,"boss_relics":[{"not_picked":["Calling Bell","Cursed Key"],"picked":"Runic Pyramid"}],"items_purged_floors":[19,27],"is_endless":false,"potions_floor_spawned":[1,7,16,18,24,28],"killed_by":"Chosen and Byrds","ascension_level":20}