{"gold_per_floor":[117,32,49,99,17,17,17,45,97,97,122,122,122,135,135,231,231,249,249,249,133,48,73,73],"floor_reached":24,"playtime":969,"items_purged":[],"score":450,"play_id":"a2db1381-b34a-4158-a77b-e4408b4b257a","local_time":"20190317140436","is_ascension_mode":true,"campfire_choices":[{"data":"Bash","floor":6.0,"key":"SMITH"},{"data":"Twin Strike","floor":10.0,"key":"SMITH"},{"data":"Combust","floor":12.0,"key":"SMITH"},{"data":"Armaments","floor":15.0,"key":"SMITH"}],"neow_cost":"NONE","seed_source_timestamp":150672062807967,"circlet_count":0,"master_deck":["AscendersBane","Strike_R","Strike_R","Strike_R","Strike_R","Strike_R","Defend_R","Defend_R","Defend_R","Defend_R","Bash+1","Battle Trance","Inflame","Combust+1","Twin Strike+1","Shrug It Off","Reaper","Impervious","Armaments+1","Reaper","Sword Boomerang","Rupture","Flex","Whirlwind"],"special_seed":0,"relics":["Burning Blood","NeowsBlessing","Bronze Scales","Matryoshka","Oddly Smooth Stone","Anchor","Bag of Marbles","Golden Idol","Cursed Key","Nilry\u0027s Codex","Turnip"],"potions_floor_usage":[24],"damage_taken":[{"damage":0.0,"enemies":"2 Louse","floor":1.0,"turns":1.0},{"damage":0.0,"enemies":"Cultist","floor":3.0,"turns":1.0},{"damage":0.0,"enemies":"Gremlin Nob","floor":8.0,"turns":1.0},{"damage":30.0,"enemies":"3 Sentries","floor":11.0,"turns":7.0},{"damage":0.0,"enemies":"Jaw Worm","floor":14.0,"turns":2.0},{"damage":10.0,"enemies":"The Guardian","floor":16.0,"turns":11.0},{"damage":18.0,"enemies":"2 Thieves","floor":18.0,"turns":4.0},{"damage":36,"enemies":"Shell Parasite","floor":23,"turns":6},{"damage":72,"enemies":"Slavers","floor":24,"turns":4}],"seed_played":"5011746279832125566","potions_obtained":[{"floor":8.0,"key":"FearPotion"},{"floor":11.0,"key":"FearPotion"},{"floor":14.0,"key":"Dexterity Potion"}],"is_trial":false,"path_per_floor":["M","$","M","?","$","R","T","E","T","R","E","R","?","M","R","B",null,"M","?","?","$","?","M","E"],"character_chosen":"IRONCLAD","items_purchased":["Inflame","Twin Strike","Shrug It Off","Flex","Whirlwind"],"campfire_rested":0,"item_purchase_floors":[2,5,5,21,21],"current_hp_per_floor":[74,74,75,75,75,75,75,75,75,75,66,66,40,46,46,42,67,75,54,54,54,54,32,0],"gold":73,"neow_bonus":"THREE_ENEMY_KILL","is_prod":false,"is_daily":false,"chose_seed":false,"campfire_upgraded":4,"win_rate":0,"timestamp":1552827876,"path_taken":["M","$","M","?","?","R","?","E","T","R","E","R","?","M","R","BOSS","M","?","?","$","?","M","E"],"build_version":"2019-01-23","purchased_purges":0,"victory":false,"max_hp_per_floor":[75,75,75,75,75,75,75,75,75,75,75,75,75,75,75,75,75,75,75,75,75,75,75,75],"card_choices":[{"not_picked":["Wild Strike","Anger"],"picked":"Battle Trance","floor":1.0},{"not_picked":["Blood for Blood","Power Through"],"picked":"Combust","floor":3.0},{"not_picked":["Inflame","Uppercut"],"picked":"Reaper","floor":8.0},{"not_picked":["Power Through","Sentinel"],"picked":"Impervious","floor":11.0},{"not_picked":["Sword Boomerang","Headbutt"],"picked":"Armaments","floor":14.0},{"not_picked":["Exhume","Fiend Fire"],"picked":"Reaper","floor":16.0},{"not_picked":["Wild Strike","Shrug It Off"],"picked":"Sword Boomerang","floor":18.0},{"not_picked":["Bloodletting","Dropkick","Iron Wave"],"picked":"SKIP","floor":23}],"player_experience":2079656,"relics_obtained":[{"floor":7.0,"key":"Bronze Scales"},{"floor":8.0,"key":"Matryoshka"},{"floor":9.0,"key":"Oddly Smooth Stone"},{"floor":9.0,"key":"Anchor"},{"floor":11.0,"key":"Bag of Marbles"},{"floor":19.0,"key":"Nilry\u0027s Codex"}],"event_choices":[{"damage_healed":0.0,"max_hp_gain":0.0,"max_hp_loss":0.0,"gold_gain":50.0,"event_name":"Golden Shrine","player_choice":"Pray","floor":4.0,"gold_loss":0.0,"damage_taken":0.0},{"damage_healed":0.0,"max_hp_gain":0.0,"max_hp_loss":0.0,"gold_gain":0.0,"event_name":"Golden Idol","player_choice":"Take Damage","floor":13.0,"gold_loss":0.0,"damage_taken":26.0,"relics_obtained":["Golden Idol"]},{"damage_healed":0.0,"max_hp_gain":0.0,"max_hp_loss":0.0,"gold_gain":0.0,"event_name":"Cursed Tome","player_choice":"Obtained Book","floor":19.0,"gold_loss":0.0,"damage_taken":21.0},{"damage_healed":0,"gold_gain":0,"player_choice":"Read","damage_taken":0,"max_hp_gain":0,"max_hp_loss":0,"event_name":"The Library","floor":20,"gold_loss":0,"cards_obtained":["Rupture"]},{"damage_healed":0,"gold_gain":0,"player_choice":"Obtained Relic","damage_taken":0,"relics_obtained":["Turnip"],"max_hp_gain":0,"max_hp_loss":0,"event_name":"Addict","floor":22,"gold_loss":85}],"is_beta":false,"boss_relics":[{"not_picked":["Busted Crown","Tiny House"],"picked":"Cursed Key"}],"items_purged_floors":[],"is_endless":false,"potions_floor_spawned":[8,11,14],"killed_by":"Slavers","ascension_level":20}