{"gold_per_floor":[119,13,163,163,182,215,215,233,281,281,301,364,375,410,410,486,486,506,588,588,568,335,335],"floor_reached":23,"playtime":1013,"items_purged":["Strike_B"],"score":464,"play_id":"2e536e84-bc91-4c4e-9d71-b2aa26df9e74","local_time":"20190323151443","is_ascension_mode":true,"campfire_choices":[{"data":"Zap","floor":7,"key":"SMITH"},{"data":"Coolheaded","floor":15,"key":"SMITH"}],"neow_cost":"NONE","seed_source_timestamp":96312915793,"circlet_count":0,"master_deck":["AscendersBane","Strike_B","Strike_B","Strike_B","Defend_B","Defend_B","Defend_B","Defend_B","Zap+1","Dualcast","Beam Cell","Ball Lightning","Capacitor","Rebound","Ball Lightning","Leap","Coolheaded+1","Tempest","Conserve Battery","Reboot","Leap"],"relics":["Cracked Core","NeowsBlessing","Omamori","Sundial","Bag of Marbles","Tiny Chest","Matryoshka","White Beast Statue","Lantern","Letter Opener","Ancient Tea Set","Juzu Bracelet","DataDisk"],"potions_floor_usage":[12,14,16,23],"damage_taken":[{"damage":0,"enemies":"Jaw Worm","floor":1,"turns":1},{"damage":0,"enemies":"Small Slimes","floor":5,"turns":1},{"damage":0,"enemies":"Lagavulin","floor":6,"turns":1},{"damage":6,"enemies":"Cultist","floor":8,"turns":3},{"damage":0,"enemies":"Large Slime","floor":11,"turns":4},{"damage":8,"enemies":"3 Sentries","floor":12,"turns":5},{"damage":9,"enemies":"Red Slaver","floor":13,"turns":3},{"damage":8,"enemies":"Lagavulin","floor":14,"turns":6},{"damage":11,"enemies":"Slime Boss","floor":16,"turns":7},{"damage":19,"enemies":"2 Thieves","floor":18,"turns":4},{"damage":41,"enemies":"Book of Stabbing","floor":23,"turns":4}],"seed_played":"-1629069231610414389","potions_obtained":[{"floor":1,"key":"Swift Potion"},{"floor":6,"key":"PowerPotion"},{"floor":8,"key":"Block Potion"},{"floor":13,"key":"PowerPotion"},{"floor":18,"key":"SkillPotion"},{"floor":21,"key":"GamblersBrew"}],"is_trial":false,"path_per_floor":["M","$","?","?","M","E","R","M","T","?","M","E","M","E","R","B",null,"M","T","T","?","$","E"],"character_chosen":"DEFECT","items_purchased":["Ball Lightning","Capacitor","DataDisk"],"campfire_rested":0,"item_purchase_floors":[2,2,22],"current_hp_per_floor":[64,64,64,64,64,64,64,58,58,58,58,50,41,33,33,22,59,40,40,40,40,40,0],"gold":335,"neow_bonus":"THREE_ENEMY_KILL","is_prod":false,"is_daily":false,"chose_seed":false,"campfire_upgraded":2,"win_rate":0,"timestamp":1553350483,"path_taken":["M","$","?","?","?","E","R","M","T","?","?","E","M","E","R","BOSS","M","?","?","?","$","E"],"build_version":"2019-01-23","purchased_purges":1,"victory":false,"max_hp_per_floor":[71,71,71,71,71,71,71,71,71,71,71,71,71,71,71,71,71,71,71,71,71,71,71],"card_choices":[{"not_picked":["Capacitor","Leap"],"picked":"Beam Cell","floor":1},{"not_picked":["Barrage","Capacitor"],"picked":"Rebound","floor":5},{"not_picked":["Hyperbeam","Capacitor"],"picked":"Ball Lightning","floor":6},{"not_picked":["Storm","FTL"],"picked":"Leap","floor":8},{"not_picked":["Stack","Barrage"],"picked":"Coolheaded","floor":11},{"not_picked":["Consume","BootSequence"],"picked":"Tempest","floor":12},{"not_picked":["Chill","White Noise"],"picked":"Conserve Battery","floor":13},{"not_picked":["Redo","Reprogram","Force Field"],"picked":"SKIP","floor":14},{"not_picked":["Multi-Cast","Meteor Strike"],"picked":"Reboot","floor":16},{"not_picked":["Turbo","Tempest"],"picked":"Leap","floor":18}],"player_experience":2176363,"relics_obtained":[{"floor":6,"key":"Sundial"},{"floor":9,"key":"Bag of Marbles"},{"floor":12,"key":"Tiny Chest"},{"floor":14,"key":"Matryoshka"},{"floor":19,"key":"Lantern"},{"floor":19,"key":"Letter Opener"},{"floor":20,"key":"Ancient Tea Set"},{"floor":20,"key":"Juzu Bracelet"}],"event_choices":[{"damage_healed":0,"gold_gain":150,"player_choice":"AGREE","damage_taken":0,"max_hp_gain":0,"max_hp_loss":0,"event_name":"Liars Game","floor":3,"gold_loss":0,"cards_obtained":["Doubt"]},{"damage_healed":0,"gold_gain":0,"player_choice":"Gave Potion","damage_taken":0,"relics_obtained":["Omamori"],"max_hp_gain":0,"max_hp_loss":0,"event_name":"WeMeetAgain","floor":4,"gold_loss":0},{"cards_removed":["Doubt"],"damage_healed":0,"gold_gain":0,"player_choice":"Purged","damage_taken":0,"max_hp_gain":0,"max_hp_loss":0,"event_name":"Purifier","floor":10,"gold_loss":0},{"damage_healed":0,"gold_gain":0,"player_choice":"Bought 1 Potion","damage_taken":0,"max_hp_gain":0,"max_hp_loss":0,"event_name":"The Woman in Blue","floor":21,"gold_loss":0}],"is_beta":false,"boss_relics":[{"not_picked":["Orrery","Runic Pyramid"],"picked":"White Beast Statue"}],"items_purged_floors":[22],"is_endless":false,"potions_floor_spawned":[1,6,8,13,18],"killed_by":"Book of Stabbing","ascension_level":20}