{"gold_per_floor":[113,125,135,310,327,354,354,383,383,383],"floor_reached":10,"playtime":1313,"items_purged":[],"score":90,"play_id":"aac8fc26-d14f-4f21-b15c-7d663804af56","local_time":"20190517214811","is_ascension_mode":true,"campfire_choices":[{"data":"Entrench","floor":7.0,"key":"SMITH"}],"neow_cost":"NONE","seed_source_timestamp":185070919913123,"circlet_count":0,"master_deck":["Strike_R","Strike_R","Strike_R","Strike_R","Strike_R","Defend_R","Defend_R","Defend_R","Defend_R","Bash","Cleave","Whirlwind","Entrench+1","Doubt","True Grit","Immolate"],"special_seed":0,"relics":["Burning Blood","Bronze Scales","Juzu Bracelet","Art of War"],"potions_floor_usage":[],"damage_taken":[{"damage":5.0,"enemies":"Small Slimes","floor":1.0,"turns":4.0},{"damage":6.0,"enemies":"Cultist","floor":2.0,"turns":4.0},{"damage":6.0,"enemies":"Jaw Worm","floor":3.0,"turns":6.0},{"damage":12.0,"enemies":"Looter","floor":5.0,"turns":5.0},{"damage":50.0,"enemies":"Gremlin Nob","floor":6.0,"turns":6.0},{"damage":8.0,"enemies":"3 Sentries","floor":8.0,"turns":4.0},{"damage":48,"enemies":"Lagavulin","floor":10,"turns":5}],"seed_played":"669451043951744692","potions_obtained":[{"floor":2.0,"key":"EntropicBrew"}],"is_trial":false,"path_per_floor":["M","M","M","?","M","E","R","E","T","E"],"character_chosen":"IRONCLAD","items_purchased":[],"campfire_rested":0,"item_purchase_floors":[],"current_hp_per_floor":[88,88,88,88,82,38,38,36,36,0],"gold":383,"neow_bonus":"TEN_PERCENT_HP_BONUS","is_prod":false,"is_daily":false,"chose_seed":false,"campfire_upgraded":1,"win_rate":0,"timestamp":1558109891,"path_taken":["M","M","M","?","M","E","R","E","T","E"],"build_version":"2019-01-23","purchased_purges":0,"victory":false,"max_hp_per_floor":[88,88,88,88,88,88,88,88,88,88],"card_choices":[{"not_picked":["Iron Wave","Wild Strike"],"picked":"Cleave","floor":1.0},{"not_picked":["True Grit","Heavy Blade"],"picked":"Whirlwind","floor":2.0},{"not_picked":["Second Wind","Iron Wave"],"picked":"Entrench","floor":3.0},{"not_picked":["Clash","Havoc"],"picked":"True Grit","floor":5.0},{"not_picked":["Twin Strike","Sever Soul"],"picked":"Immolate","floor":6.0},{"not_picked":["Body Slam","Pommel Strike","Clothesline"],"picked":"SKIP","floor":8.0}],"player_experience":437127,"relics_obtained":[{"floor":6.0,"key":"Bronze Scales"},{"floor":8.0,"key":"Juzu Bracelet"},{"floor":9.0,"key":"Art of War"}],"event_choices":[{"damage_healed":0.0,"max_hp_gain":0.0,"max_hp_loss":0.0,"gold_gain":175.0,"event_name":"Liars Game","player_choice":"AGREE","floor":4.0,"gold_loss":0.0,"damage_taken":0.0,"cards_obtained":["Doubt"]}],"is_beta":false,"boss_relics":[],"items_purged_floors":[],"is_endless":false,"potions_floor_spawned":[2],"killed_by":"Lagavulin","ascension_level":3}