{"gold_per_floor":[119,66,77,227,227,260,279,28,28,62,62,83,154,172,172,268,268,284,27,27,27,27,27],"floor_reached":23,"playtime":830,"items_purged":["Doubt"],"score":564,"play_id":"1fce8b50-20e8-4acb-945c-f7cf866c4a01","local_time":"20190517220433","is_ascension_mode":true,"campfire_choices":[{"data":"Immolate","floor":15,"key":"SMITH"}],"neow_cost":"NONE","seed_source_timestamp":205263682961619,"circlet_count":0,"master_deck":["AscendersBane","Strike_R+1","Strike_R+1","Strike_R+1","Strike_R+1","Defend_R+1","Defend_R+1","Defend_R+1","Defend_R+1","Bash","Thunderclap","Clothesline","Rupture","Disarm","Immolate+1","Panacea","Exhume","Offering","Battle Trance","Headbutt","Inflame","Hemokinesis","Hemokinesis","Impervious"],"relics":["Burning Blood","NeowsBlessing","Mango","Blood Vial","Bloody Idol","Tiny Chest","Orrery","Membership Card"],"potions_floor_usage":[16,16,18],"damage_taken":[{"damage":0,"enemies":"Jaw Worm","floor":1,"turns":1},{"damage":0,"enemies":"Small Slimes","floor":3,"turns":1},{"damage":0,"enemies":"Lagavulin","floor":6,"turns":1},{"damage":16,"enemies":"Cultist","floor":7,"turns":5},{"damage":25,"enemies":"3 Sentries","floor":10,"turns":6},{"damage":0,"enemies":"Lots of Slimes","floor":12,"turns":1},{"damage":22,"enemies":"Gremlin Nob","floor":13,"turns":4},{"damage":6,"enemies":"Looter","floor":14,"turns":2},{"damage":0,"enemies":"Slime Boss","floor":16,"turns":6},{"damage":22,"enemies":"Chosen","floor":18,"turns":4},{"damage":68,"enemies":"Slavers","floor":23,"turns":4}],"seed_played":"-2927976169964009940","potions_obtained":[{"floor":7,"key":"AttackPotion"},{"floor":16,"key":"Block Potion"}],"is_trial":false,"path_per_floor":["M","$","M","?","?","E","M","$","T","E","?","M","E","M","R","B",null,"M","$","?","?","?","E"],"character_chosen":"IRONCLAD","items_purchased":["SteroidPotion","Immolate","Panacea","Membership Card","Impervious"],"campfire_rested":0,"item_purchase_floors":[2,8,8,19,19],"current_hp_per_floor":[74,74,75,75,75,89,79,79,79,60,60,68,54,56,56,64,77,63,63,63,63,63,0],"gold":27,"neow_bonus":"THREE_ENEMY_KILL","is_prod":false,"is_daily":false,"chose_seed":false,"campfire_upgraded":1,"win_rate":0,"timestamp":1558123473,"path_taken":["M","$","M","?","?","E","?","?","T","E","?","M","E","M","R","BOSS","M","$","?","?","?","E"],"build_version":"2019-01-23","purchased_purges":1,"victory":false,"max_hp_per_floor":[75,75,75,75,75,89,89,89,89,89,81,81,81,81,81,81,81,81,81,81,81,81,81],"card_choices":[{"not_picked":["Armaments","Rupture"],"picked":"Thunderclap","floor":1},{"not_picked":["Havoc","Clash"],"picked":"Clothesline","floor":3},{"not_picked":["Intimidate","Dropkick","Perfected Strike"],"picked":"SKIP","floor":6},{"not_picked":["Shockwave","Armaments"],"picked":"Disarm","floor":7},{"not_picked":["Twin Strike","Havoc"],"picked":"Exhume","floor":10},{"not_picked":["Sever Soul","Warcry","Pommel Strike"],"picked":"SKIP","floor":12},{"not_picked":["Flex","Dropkick","Seeing Red"],"picked":"SKIP","floor":13},{"not_picked":["Body Slam","Power Through","Clash"],"picked":"SKIP","floor":14},{"not_picked":["Impervious","Juggernaut"],"picked":"Offering","floor":16},{"not_picked":["Rage","Evolve"],"picked":"Battle Trance","floor":17},{"not_picked":["Armaments","Iron Wave"],"picked":"Headbutt","floor":17},{"not_picked":["Thunderclap","Ghostly Armor"],"picked":"Inflame","floor":17},{"not_picked":["Twin Strike","Clash"],"picked":"Hemokinesis","floor":17},{"not_picked":["Rage","Metallicize"],"picked":"Hemokinesis","floor":17},{"not_picked":["Thunderclap","Armaments","Headbutt"],"picked":"SKIP","floor":18}],"player_experience":2709144,"relics_obtained":[{"floor":6,"key":"Mango"},{"floor":10,"key":"Blood Vial"},{"floor":13,"key":"Tiny Chest"}],"event_choices":[{"damage_healed":0,"gold_gain":150,"player_choice":"AGREE","damage_taken":0,"max_hp_gain":0,"max_hp_loss":0,"event_name":"Liars Game","floor":4,"gold_loss":0,"cards_obtained":["Doubt"]},{"damage_healed":0,"gold_gain":0,"cards_transformed":["Strike_R"],"player_choice":"Transformed","damage_taken":0,"max_hp_gain":0,"max_hp_loss":0,"event_name":"Transmorgrifier","floor":5,"gold_loss":0,"cards_obtained":["Rupture"]},{"damage_healed":0,"gold_gain":0,"player_choice":"Lose Max HP","damage_taken":0,"relics_obtained":["Golden Idol"],"max_hp_gain":0,"max_hp_loss":8,"event_name":"Golden Idol","floor":11,"gold_loss":0},{"damage_healed":0,"gold_gain":0,"player_choice":"Simplicity","damage_taken":0,"max_hp_gain":0,"max_hp_loss":0,"event_name":"Back to Basics","floor":20,"gold_loss":0,"cards_upgraded":["Strike_R","Strike_R","Strike_R","Strike_R","Defend_R","Defend_R","Defend_R","Defend_R"]},{"damage_healed":0,"gold_gain":0,"player_choice":"Gave Idol","damage_taken":0,"relics_obtained":["Bloody Idol"],"max_hp_gain":0,"max_hp_loss":0,"event_name":"Forgotten Altar","floor":22,"relics_lost":["Golden Idol"],"gold_loss":0}],"is_beta":false,"boss_relics":[{"not_picked":["Mark of Pain","White Beast Statue"],"picked":"Orrery"}],"items_purged_floors":[8],"is_endless":false,"potions_floor_spawned":[7,10,13,14,16],"killed_by":"Slavers","ascension_level":20}