{"gold_per_floor":[111,111,6,6,17,49,49,81,106,136,147,16,16,30,30,105,105,124,124,139,139,39,39,71,71,96,114,145,157,179,210,222,234],"floor_reached":33,"playtime":2443,"items_purged":["Strike_B","Beam Cell"],"score":756,"play_id":"a3b82342-ac20-47f6-8e2f-6a54dc41096a","local_time":"20190120203212","is_ascension_mode":true,"campfire_choices":[{"floor":13,"key":"REST"},{"data":"Zap","floor":15,"key":"SMITH"},{"data":"Double Energy","floor":23,"key":"SMITH"},{"floor":29,"key":"REST"},{"data":"Defragment","floor":32,"key":"SMITH"}],"neow_cost":"NONE","seed_source_timestamp":157801410264218,"circlet_count":0,"master_deck":["AscendersBane","Zap+1","Dualcast","Conserve Battery","Genetic Algorithm","Sweeping Beam","Defragment","Reinforced Body","Rebound","Machine Learning","Ball Lightning","Conserve Battery","Electrodynamics","Auto Shields","Multi-Cast","Double Energy+1","Reprogram+1","Static Discharge","Ghostly","Ghostly+1","Ghostly","Ball Lightning","Defragment+1","Undo","Capacitor","Thunder Strike"],"relics":["Cracked Core","NeowsBlessing","Strawberry","Pocketwatch","Bag of Marbles","Potion Belt","Pandora\u0027s Box","Mummified Hand","War Paint","MawBank"],"potions_floor_usage":[11,19,28,33,33,33],"damage_taken":[{"damage":0,"enemies":"Jaw Worm","floor":1,"turns":1},{"damage":0,"enemies":"Cultist","floor":5,"turns":1},{"damage":0,"enemies":"3 Sentries","floor":6,"turns":1},{"damage":43,"enemies":"Gremlin Nob","floor":8,"turns":4},{"damage":0,"enemies":"Lagavulin","floor":10,"turns":7},{"damage":0,"enemies":"2 Louse","floor":11,"turns":1},{"damage":8,"enemies":"Looter","floor":14,"turns":3},{"damage":5,"enemies":"The Guardian","floor":16,"turns":10},{"damage":0,"enemies":"3 Byrds","floor":18,"turns":2},{"damage":1,"enemies":"Shell Parasite","floor":20,"turns":4},{"damage":0,"enemies":"Gremlin Leader","floor":24,"turns":4},{"damage":1,"enemies":"Centurion and Healer","floor":27,"turns":4},{"damage":18,"enemies":"Book of Stabbing","floor":28,"turns":5},{"damage":6,"enemies":"Chosen and Byrds","floor":30,"turns":6},{"damage":0,"enemies":"3 Cultists","floor":31,"turns":3},{"damage":71,"enemies":"Automaton","floor":33,"turns":6}],"seed_played":"-211716786233473026","potions_obtained":[{"floor":5,"key":"Explosive Potion"},{"floor":11,"key":"Strength Potion"},{"floor":16,"key":"Fire Potion"},{"floor":18,"key":"Fruit Juice"},{"floor":24,"key":"AttackPotion"},{"floor":31,"key":"Regen Potion"}],"is_trial":false,"path_per_floor":["M","?","$","?","M","E","?","E","T","E","M","$","R","M","R","B",null,"M","?","M","?","$","R","E","?","T","M","E","R","M","M","R","B"],"character_chosen":"DEFECT","items_purchased":["Genetic Algorithm","Sweeping Beam","Ball Lightning"],"campfire_rested":2,"item_purchase_floors":[3,3,12],"current_hp_per_floor":[64,43,43,43,43,50,50,7,7,7,7,7,30,22,22,17,63,63,44,43,43,43,43,43,43,43,42,24,37,31,31,31,0],"gold":234,"neow_bonus":"THREE_ENEMY_KILL","is_prod":false,"is_daily":false,"chose_seed":false,"campfire_upgraded":3,"win_rate":0,"timestamp":1548012732,"path_taken":["M","?","$","?","?","E","?","E","T","E","?","$","R","M","R","BOSS","M","?","M","?","$","R","E","?","T","M","E","R","M","M","R","BOSS"],"build_version":"2019-01-17v2","purchased_purges":2,"victory":false,"max_hp_per_floor":[71,71,71,71,71,78,78,78,78,78,78,78,78,78,78,78,78,78,44,44,44,44,44,44,44,44,44,44,44,44,44,44,44],"card_choices":[{"not_picked":["Turbo","Blizzard"],"picked":"Conserve Battery","floor":1},{"not_picked":["Force Field","Auto Shields","Sweeping Beam"],"picked":"SKIP","floor":5},{"not_picked":["Consume","Heatsinks"],"picked":"Defragment","floor":6},{"not_picked":["Turbo","Redo"],"picked":"Reinforced Body","floor":8},{"not_picked":["Stack","Beam Cell"],"picked":"Rebound","floor":10},{"not_picked":["Melter","Redo"],"picked":"Machine Learning","floor":11},{"not_picked":["Gash","Redo"],"picked":"Conserve Battery","floor":14},{"not_picked":["Creative AI","Hyperbeam"],"picked":"Electrodynamics","floor":16},{"not_picked":["Redo","Go for the Eyes"],"picked":"Static Discharge","floor":18},{"not_picked":["Rebound","Darkness"],"picked":"Ball Lightning","floor":20},{"not_picked":["Turbo","Steam Power"],"picked":"Undo","floor":24},{"not_picked":["Sweeping Beam","Ball Lightning"],"picked":"Capacitor","floor":27},{"not_picked":["Steam Power","Turbo","Doom and Gloom"],"picked":"SKIP","floor":28},{"not_picked":["Gash","Reprogram","Barrage"],"picked":"SKIP","floor":30},{"not_picked":["FTL","Conserve Battery"],"picked":"Thunder Strike","floor":31}],"player_experience":1568211,"relics_obtained":[{"floor":6,"key":"Strawberry"},{"floor":8,"key":"Pocketwatch"},{"floor":9,"key":"Bag of Marbles"},{"floor":10,"key":"Potion Belt"},{"floor":24,"key":"Mummified Hand"},{"floor":26,"key":"War Paint"},{"floor":28,"key":"MawBank"}],"event_choices":[{"damage_healed":0,"gold_gain":0,"player_choice":"Entered Light","damage_taken":21,"max_hp_gain":0,"max_hp_loss":0,"event_name":"Shining Light","floor":2,"gold_loss":0,"cards_upgraded":["Strike_B","Strike_B"]},{"cards_removed":["Strike_B"],"damage_healed":0,"gold_gain":0,"player_choice":"Offered Basic","damage_taken":0,"max_hp_gain":0,"max_hp_loss":0,"event_name":"Bonfire Elementals","floor":4,"gold_loss":0},{"cards_removed":["Defend_B"],"damage_healed":0,"gold_gain":0,"player_choice":"Purged","damage_taken":0,"max_hp_gain":0,"max_hp_loss":0,"event_name":"Purifier","floor":7,"gold_loss":0},{"damage_healed":0,"gold_gain":0,"player_choice":"Became a Ghost","damage_taken":0,"max_hp_gain":0,"max_hp_loss":39,"event_name":"Ghosts","floor":19,"gold_loss":0,"cards_obtained":["Ghostly","Ghostly","Ghostly"]},{"damage_healed":0,"gold_gain":0,"player_choice":"Read","damage_taken":0,"max_hp_gain":0,"max_hp_loss":0,"event_name":"The Library","floor":21,"gold_loss":0,"cards_obtained":["Defragment"]},{"damage_healed":0,"gold_gain":0,"player_choice":"Ignored","damage_taken":0,"max_hp_gain":0,"max_hp_loss":0,"event_name":"Cursed Tome","floor":25,"gold_loss":0}],"is_beta":false,"boss_relics":[{"not_picked":["Runic Pyramid","Fusion Hammer"],"picked":"Pandora\u0027s Box"}],"items_purged_floors":[12,22],"is_endless":false,"potions_floor_spawned":[5,11,16,18,24,31],"killed_by":"Automaton","ascension_level":20}