{"gold_per_floor":[109,120,120,139,159,190,190,69,116,116,146,296,331,341,341,418,418,428,528,24,24,24,53,53,13],"floor_reached":25,"playtime":1668,"items_purged":[],"score":473,"play_id":"57871e93-29e8-45b2-af93-b685bcd586ae","local_time":"20190310192026","is_ascension_mode":true,"campfire_choices":[{"data":"Envenom","floor":7.0,"key":"SMITH"},{"data":"Noxious Fumes","floor":10.0,"key":"SMITH"},{"data":"Skewer","floor":15.0,"key":"SMITH"},{"data":"Wraith Form v2","floor":24.0,"key":"SMITH"}],"neow_cost":"NONE","seed_source_timestamp":0,"circlet_count":0,"master_deck":["AscendersBane","Survivor","Neutralize","Prepared","Finisher","Footwork","Heel Hook","Leg Sweep","Calculated Gamble","PiercingWail","Underhanded Strike","Endless Agony","Deflect","Predator","Deadly Poison","Decay","Skewer+1","Envenom+1","Noxious Fumes+1","Bouncing Flask","Deflect","Footwork","Wraith Form v2+1","Deflect","Blur","Footwork","Backflip"],"special_seed":0,"relics":["Pandora\u0027s Box","Blue Candle","Vajra","Pen Nib","Bronze Scales","Sozu","Girya","Mummified Hand","Snake Skull","Chemical X","Spirit Poop","Dodecahedron"],"potions_floor_usage":[],"damage_taken":[{"damage":0.0,"enemies":"Jaw Worm","floor":1.0,"turns":3.0},{"damage":0.0,"enemies":"Cultist","floor":2.0,"turns":2.0},{"damage":0.0,"enemies":"2 Louse","floor":4.0,"turns":3.0},{"damage":2.0,"enemies":"Large Slime","floor":5.0,"turns":7.0},{"damage":15.0,"enemies":"3 Sentries","floor":6.0,"turns":8.0},{"damage":15.0,"enemies":"Gremlin Nob","floor":11.0,"turns":3.0},{"damage":12.0,"enemies":"3 Sentries","floor":13.0,"turns":6.0},{"damage":0.0,"enemies":"Looter","floor":14.0,"turns":1.0},{"damage":11.0,"enemies":"Slime Boss","floor":16.0,"turns":8.0},{"damage":0.0,"enemies":"Spheric Guardian","floor":18.0,"turns":1.0},{"damage":16.0,"enemies":"Colosseum Slavers","floor":19.0,"turns":4.0},{"damage":8.0,"enemies":"Colosseum Nobs","floor":19.0,"turns":4.0},{"damage":17.0,"enemies":"Book of Stabbing","floor":23.0,"turns":4.0},{"damage":17,"enemies":"2 Thieves","floor":25,"turns":1}],"seed_played":"9206627357020228734","potions_obtained":[{"floor":4.0,"key":"SkillPotion"},{"floor":6.0,"key":"Swift Potion"},{"floor":13.0,"key":"GamblersBrew"}],"is_trial":false,"path_per_floor":["M","M","?","M","M","E","R","$","T","R","E","?","E","M","R","B",null,"M","?","$","?","?","E","R","M"],"character_chosen":"THE_SILENT","items_purchased":["Noxious Fumes","Bouncing Flask","Snake Skull","Chemical X","Blur","Footwork"],"campfire_rested":0,"item_purchase_floors":[8,8,20,20,20,20],"current_hp_per_floor":[59,59,59,59,57,42,42,42,42,42,27,27,15,15,15,4,51,51,27,27,27,27,10,10,0],"gold":13,"neow_bonus":"BOSS_RELIC","is_prod":false,"is_daily":false,"chose_seed":false,"campfire_upgraded":4,"win_rate":0,"timestamp":1552242026,"path_taken":["M","M","?","?","M","E","R","?","T","R","E","?","E","M","R","BOSS","M","?","$","?","?","E","R","M"],"build_version":"2019-02-06","purchased_purges":0,"victory":false,"max_hp_per_floor":[66,66,66,66,66,66,66,66,66,66,66,66,66,66,66,66,66,66,66,66,66,66,66,66,66],"card_choices":[{"not_picked":["Underhanded Strike","Slice"],"picked":"Predator","floor":1.0},{"not_picked":["Sucker Punch","Caltrops"],"picked":"Deadly Poison","floor":2.0},{"not_picked":["Infinite Blades","Endless Agony","Reflex"],"picked":"SKIP","floor":4.0},{"not_picked":["Reflex","Prepared"],"picked":"Skewer","floor":5.0},{"not_picked":["Underhanded Strike","Slice"],"picked":"Envenom","floor":6.0},{"not_picked":["Outmaneuver","Bane"],"picked":"Deflect","floor":11.0},{"not_picked":["Accuracy","Deadly Poison","Prepared"],"picked":"SKIP","floor":13.0},{"not_picked":["Predator","Acrobatics"],"picked":"Footwork","floor":14.0},{"not_picked":["Malaise","Unload"],"picked":"Wraith Form v2","floor":16.0},{"not_picked":["Flying Knee","Tactician","Quick Slash+1"],"picked":"SKIP","floor":18.0},{"not_picked":["Underhanded Strike","Sucker Punch+1"],"picked":"Deflect","floor":19.0},{"not_picked":["Underhanded Strike","Sucker Punch"],"picked":"Backflip","floor":23.0}],"player_experience":1263381,"relics_obtained":[{"floor":6.0,"key":"Blue Candle"},{"floor":9.0,"key":"Vajra"},{"floor":11.0,"key":"Pen Nib"},{"floor":13.0,"key":"Bronze Scales"},{"floor":19.0,"key":"Girya"},{"floor":19.0,"key":"Mummified Hand"},{"floor":23.0,"key":"Dodecahedron"}],"event_choices":[{"damage_healed":0.0,"max_hp_gain":0.0,"max_hp_loss":0.0,"gold_gain":0.0,"event_name":"Wheel of Change","player_choice":"Cursed","floor":3.0,"gold_loss":0.0,"damage_taken":0.0,"cards_obtained":["Decay"]},{"damage_healed":0.0,"max_hp_gain":0.0,"max_hp_loss":0.0,"gold_gain":150.0,"event_name":"Liars Game","player_choice":"AGREE","floor":12.0,"gold_loss":0.0,"damage_taken":0.0,"cards_obtained":["Doubt"]},{"damage_healed":0.0,"max_hp_gain":0.0,"max_hp_loss":0.0,"gold_gain":0.0,"event_name":"Colosseum","player_choice":"Fight","floor":19.0,"gold_loss":0.0,"damage_taken":0.0},{"damage_healed":0.0,"max_hp_gain":0.0,"max_hp_loss":0.0,"gold_gain":0.0,"event_name":"Colosseum","player_choice":"Fought Nobs","floor":19.0,"gold_loss":0.0,"damage_taken":0.0},{"damage_healed":0.0,"max_hp_gain":0.0,"max_hp_loss":0.0,"gold_gain":0.0,"event_name":"Beggar","player_choice":"Ignored","floor":21.0,"gold_loss":0.0,"damage_taken":0.0},{"cards_removed":["Doubt"],"damage_healed":0.0,"max_hp_gain":0.0,"max_hp_loss":0.0,"gold_gain":0.0,"event_name":"Bonfire Elementals","player_choice":"Offered Curse","floor":22.0,"gold_loss":0.0,"damage_taken":0.0,"relics_obtained":["Spirit Poop"]}],"is_beta":true,"boss_relics":[{"not_picked":["Lizard Tail","Eternal Feather"],"picked":"Sozu"}],"items_purged_floors":[],"is_endless":false,"potions_floor_spawned":[4,6,13,18,23],"killed_by":"2 Thieves","ascension_level":20}