{"gold_per_floor":[115,265,190,265,265,308,331,366,366,385,385,385,428,444,444,539,539,557,557,757,776,801,801,801,413,464,464,477,477,510,182,182,275,275,298,312,337,361,386,386,422,422,446,446,479,514,291,307,307,307,307,307,307,3,3],"floor_reached":55,"playtime":6950,"items_purged":["Defend_B","Defend_B","Defend_B"],"score":2105,"play_id":"40bfd2ea-e3a9-437f-a30b-fc7df9963a1e","local_time":"20190123222820","is_ascension_mode":true,"campfire_choices":[{"data":"Zap","floor":11,"key":"SMITH"},{"data":"Buffer","floor":15,"key":"SMITH"},{"data":"Coolheaded","floor":23,"key":"SMITH"},{"data":"Defragment","floor":27,"key":"SMITH"},{"data":"Hologram","floor":29,"key":"SMITH"},{"floor":32,"key":"REST"},{"data":"Coolheaded","floor":40,"key":"SMITH"},{"floor":42,"key":"RECALL"},{"data":"Hologram","floor":44,"key":"SMITH"},{"data":"Conserve Battery","floor":49,"key":"SMITH"},{"data":"Conserve Battery","floor":53,"key":"SMITH"}],"neow_cost":"NONE","seed_source_timestamp":419460455905123,"circlet_count":0,"master_deck":["AscendersBane","Zap+1","Dualcast+1","Coolheaded+1","Doom and Gloom","Self Repair","Ball Lightning","Melter","Conserve Battery+1","Buffer+1","Core Surge","Defragment+1","Auto Shields+1","Storm+1","Conserve Battery+1","Genetic Algorithm+1","Aggregate","Coolheaded+1","Defragment+1","Hologram+1","Chaos+1","Electrodynamics","Coolheaded+1","Stack+1","Recycle","Hologram+1","Echo Form","Capacitor+1"],"relics":["Cracked Core","NeowsBlessing","Golden Idol","Orichalcum","Vajra","Question Card","Shuriken","Ancient Tea Set","Astrolabe","Boot","Happy Flower","Bronze Scales","FossilizedHelix","OrangePellets","Snecko Eye","Oddly Smooth Stone","MawBank","War Paint"],"potions_floor_usage":[16,22,30,30,33,37,46,46,50,51,55],"damage_taken":[{"damage":0,"enemies":"Jaw Worm","floor":1,"turns":1},{"damage":0,"enemies":"3 Sentries","floor":6,"turns":1},{"damage":0,"enemies":"Small Slimes","floor":7,"turns":1},{"damage":27,"enemies":"Gremlin Nob","floor":8,"turns":4},{"damage":0,"enemies":"Cultist","floor":10,"turns":3},{"damage":11,"enemies":"3 Sentries","floor":13,"turns":7},{"damage":0,"enemies":"3 Louse","floor":14,"turns":3},{"damage":0,"enemies":"Slime Boss","floor":16,"turns":6},{"damage":0,"enemies":"Chosen","floor":18,"turns":4},{"damage":14,"enemies":"Shell Parasite","floor":21,"turns":4},{"damage":16,"enemies":"Centurion and Healer","floor":22,"turns":6},{"damage":1,"enemies":"Sentry and Sphere","floor":28,"turns":4},{"damage":14,"enemies":"Gremlin Leader","floor":30,"turns":5},{"damage":16,"enemies":"Automaton","floor":33,"turns":10},{"damage":0,"enemies":"3 Darklings","floor":35,"turns":3},{"damage":0,"enemies":"Orb Walker","floor":36,"turns":3},{"damage":0,"enemies":"Sphere and 2 Shapes","floor":37,"turns":4},{"damage":11,"enemies":"4 Shapes","floor":38,"turns":5},{"damage":0,"enemies":"Writhing Mass","floor":39,"turns":6},{"damage":0,"enemies":"Nemesis","floor":41,"turns":9},{"damage":0,"enemies":"Reptomancer","floor":45,"turns":5},{"damage":10,"enemies":"Transient","floor":46,"turns":6},{"damage":0,"enemies":"3 Darklings","floor":48,"turns":3},{"damage":37,"enemies":"Awakened One","floor":50,"turns":22},{"damage":8,"enemies":"Time Eater","floor":51,"turns":28},{"damage":59,"enemies":"Shield and Spear","floor":55,"turns":8}],"seed_played":"4669291660686846574","potions_obtained":[{"floor":6,"key":"Energy Potion"},{"floor":8,"key":"Fire Potion"},{"floor":14,"key":"Explosive Potion"},{"floor":16,"key":"AttackPotion"},{"floor":30,"key":"SkillPotion"},{"floor":33,"key":"Weak Potion"},{"floor":35,"key":"Swift Potion"},{"floor":37,"key":"Swift Potion"},{"floor":38,"key":"Fire Potion"}],"is_trial":false,"path_per_floor":["M","?","?","?","?","E","M","E","T","M","R","T","E","M","R","B",null,"M","?","?","M","M","R","T","$","T","R","M","R","E","$","R","B",null,"M","M","M","M","M","R","E","R","T","R","E","M","$","M","R","B","B",null,"R","$","E"],"character_chosen":"DEFECT","items_purchased":["Defragment","Happy Flower","Hologram","Block Potion","OrangePellets","Block Potion","PowerPotion","FocusPotion","Block Potion","War Paint"],"campfire_rested":1,"item_purchase_floors":[25,25,25,25,31,47,47,54,54,54],"current_hp_per_floor":[64,64,64,53,53,53,53,33,33,40,40,40,36,43,43,50,61,64,64,64,57,48,48,48,48,48,48,54,54,47,47,64,55,62,64,64,64,60,64,64,64,64,64,64,64,61,61,61,61,31,30,56,56,56,0],"gold":3,"neow_bonus":"THREE_ENEMY_KILL","is_prod":false,"is_daily":false,"chose_seed":false,"campfire_upgraded":9,"win_rate":0,"timestamp":1548278900,"path_taken":["M","?","?","?","?","E","?","E","T","M","R","?","E","M","R","BOSS","M","?","?","M","?","R","?","$","T","R","M","R","E","$","R","BOSS","M","?","M","M","M","R","E","R","T","R","E","M","$","M","R","BOSS","BOSS","R","$","E"],"build_version":"2019-01-23","purchased_purges":3,"victory":false,"max_hp_per_floor":[71,71,71,71,64,64,64,64,64,64,64,64,64,64,64,64,64,64,64,64,64,64,64,64,64,64,64,64,64,64,64,64,64,64,64,64,64,64,64,64,64,64,64,64,64,64,64,64,64,64,64,64,64,64,64],"card_choices":[{"not_picked":["Redo","Hologram"],"picked":"Coolheaded","floor":1},{"not_picked":["Self Repair","Redo"],"picked":"Doom and Gloom","floor":6},{"not_picked":["Compile Driver","Reinforced Body"],"picked":"Self Repair","floor":7},{"not_picked":["Double Energy","Stack"],"picked":"Ball Lightning","floor":8},{"not_picked":["Barrage","Streamline","White Noise"],"picked":"Melter","floor":10},{"not_picked":["Self Repair","Reprogram","Rebound"],"picked":"Conserve Battery","floor":13},{"not_picked":["Barrage","Tempest","Rebound"],"picked":"Buffer","floor":14},{"not_picked":["Seek","Reboot","Thunder Strike"],"picked":"Core Surge","floor":16},{"not_picked":["Leap","Redo+1","Double Energy"],"picked":"Conserve Battery","floor":18},{"not_picked":["Darkness","Consume","Scrape"],"picked":"Coolheaded+1","floor":21},{"not_picked":["FTL","Compile Driver","Ball Lightning","Rebound+1"],"picked":"SKIP","floor":22},{"not_picked":["Compile Driver","Gash","Steam+1"],"picked":"Chaos+1","floor":28},{"not_picked":["Machine Learning","Conserve Battery","Rip and Tear","Gash"],"picked":"SKIP","floor":30},{"not_picked":["Rainbow","Buffer","Amplify"],"picked":"Electrodynamics","floor":33},{"not_picked":["Leap","Gash","Auto Shields"],"picked":"Coolheaded","floor":35},{"not_picked":["Aggregate","Blizzard","Conserve Battery"],"picked":"Stack+1","floor":36},{"not_picked":["Recycle","Static Discharge","Go for the Eyes","Genetic Algorithm+1"],"picked":"SKIP","floor":37},{"not_picked":["Static Discharge","Go for the Eyes","Genetic Algorithm+1"],"picked":"Recycle","floor":37},{"not_picked":["Conserve Battery","Beam Cell","Skim","Hello World"],"picked":"SKIP","floor":38},{"not_picked":["Rip and Tear","Steam","Darkness"],"picked":"Hologram","floor":39},{"not_picked":["Sweeping Beam","Aggregate","Undo","Rebound"],"picked":"SKIP","floor":41},{"not_picked":["Sweeping Beam","Conserve Battery","Lockon+1"],"picked":"Echo Form","floor":45},{"not_picked":["Leap","Beam Cell","Conserve Battery","Barrage"],"picked":"SKIP","floor":46},{"not_picked":["Streamline+1","Glacier","Leap"],"picked":"Capacitor+1","floor":48}],"player_experience":1574916,"relics_obtained":[{"floor":6,"key":"Orichalcum"},{"floor":8,"key":"Vajra"},{"floor":9,"key":"Question Card"},{"floor":12,"key":"Shuriken"},{"floor":13,"key":"Ancient Tea Set"},{"floor":24,"key":"Boot"},{"floor":26,"key":"Bronze Scales"},{"floor":30,"key":"FossilizedHelix"},{"floor":41,"key":"Oddly Smooth Stone"},{"floor":45,"key":"MawBank"}],"event_choices":[{"damage_healed":0,"gold_gain":150,"player_choice":"AGREE","damage_taken":0,"max_hp_gain":0,"max_hp_loss":0,"event_name":"Liars Game","floor":2,"gold_loss":0,"cards_obtained":["Doubt"]},{"cards_removed":["Doubt"],"damage_healed":0,"gold_gain":0,"player_choice":"Card Removal","damage_taken":0,"max_hp_gain":0,"max_hp_loss":0,"event_name":"The Cleric","floor":3,"gold_loss":75},{"damage_healed":0,"gold_gain":75,"player_choice":"Gather Gold","damage_taken":11,"max_hp_gain":0,"max_hp_loss":0,"event_name":"World of Goop","floor":4,"gold_loss":0},{"damage_healed":0,"gold_gain":0,"player_choice":"Lose Max HP","damage_taken":0,"relics_obtained":["Golden Idol"],"max_hp_gain":0,"max_hp_loss":7,"event_name":"Golden Idol","floor":5,"gold_loss":0},{"damage_healed":0,"gold_gain":0,"cards_transformed":["Strike_B","Defend_B"],"player_choice":"Became Test Subject","damage_taken":0,"max_hp_gain":0,"max_hp_loss":0,"event_name":"Drug Dealer","floor":19,"gold_loss":0,"cards_obtained":["Genetic Algorithm","Aggregate"]},{"damage_healed":0,"gold_gain":200,"player_choice":"Gold","damage_taken":0,"max_hp_gain":0,"max_hp_loss":0,"event_name":"Wheel of Change","floor":20,"gold_loss":0}],"is_beta":false,"boss_relics":[{"not_picked":["Velvet Choker","Runic Pyramid"],"picked":"Astrolabe"},{"not_picked":["Lizard Tail","Fusion Hammer"],"picked":"Snecko Eye"}],"items_purged_floors":[25,31,47],"is_endless":false,"potions_floor_spawned":[6,8,10,14,16,18,30,33,35,37,38,48],"killed_by":"Shield and Spear","ascension_level":20}