{"gold_per_floor":[117,117,117,33,58,208,283,283,334,118,156,176,176,19,19,115,115,130,55,74,74,98,98],"floor_reached":23,"playtime":1140,"items_purged":["Doubt"],"score":374,"play_id":"4dd0e378-100f-4679-b182-ec5cb3f05941","local_time":"20190406201359","is_ascension_mode":true,"campfire_choices":[{"floor":8,"key":"REST"},{"data":"Bouncing Flask","floor":15,"key":"SMITH"}],"neow_cost":"NONE","seed_source_timestamp":258979856214677,"circlet_count":0,"master_deck":["AscendersBane","Defend_G","Defend_G","Defend_G","Defend_G","Defend_G","Strike_G","Strike_G","Survivor","Neutralize","Bouncing Flask+1","Bane","PiercingWail","Footwork","Deadly Poison","Phantasmal Killer","Envenom","Noxious Fumes","Cloak And Dagger+1"],"relics":["Ring of the Snake","Golden Idol","Singing Bowl","Ancient Tea Set","Snake Skull","Fusion Hammer","Nloth\u0027s Gift"],"potions_floor_usage":[11,16,16,23],"damage_taken":[{"damage":1,"enemies":"Small Slimes","floor":1,"turns":4},{"damage":0,"enemies":"2 Louse","floor":5,"turns":3},{"damage":6,"enemies":"Lagavulin","floor":11,"turns":7},{"damage":0,"enemies":"Cultist","floor":12,"turns":4},{"damage":39,"enemies":"Slime Boss","floor":16,"turns":10},{"damage":18,"enemies":"Shell Parasite","floor":18,"turns":5},{"damage":0,"enemies":"Spheric Guardian","floor":20,"turns":3},{"damage":9,"enemies":"Snecko","floor":22,"turns":6},{"damage":31,"enemies":"Gremlin Leader","floor":23,"turns":3}],"seed_played":"-5578035890554583887","potions_obtained":[{"floor":11,"key":"Poison Potion"},{"floor":12,"key":"SteroidPotion"},{"floor":18,"key":"PowerPotion"}],"is_trial":false,"path_per_floor":["M","?","?","$","M","?","T","R","T","$","E","M","?","$","R","B",null,"M","?","M","?","M","E"],"character_chosen":"THE_SILENT","items_purchased":["Bane","PiercingWail","Footwork","AttackPotion","Snake Skull"],"campfire_rested":1,"item_purchase_floors":[4,4,10,10,14],"current_hp_per_floor":[58,51,28,28,28,28,28,47,47,47,41,43,43,43,43,4,52,34,34,34,34,27,0],"gold":98,"neow_bonus":"THREE_CARDS","is_prod":false,"is_daily":false,"chose_seed":false,"campfire_upgraded":1,"win_rate":0,"timestamp":1554574439,"path_taken":["M","?","?","$","M","?","?","R","T","?","E","M","?","$","R","BOSS","M","?","M","?","?","E"],"build_version":"2019-01-23","purchased_purges":1,"victory":false,"max_hp_per_floor":[66,66,66,66,66,66,66,66,66,66,66,68,68,68,68,68,68,68,68,68,68,70,70],"card_choices":[{"not_picked":["Bane","Prepared"],"picked":"Bouncing Flask","floor":0},{"not_picked":["Backflip","Dodge and Roll","Choke"],"picked":"SKIP","floor":1},{"not_picked":["Reflex","Choke","Riddle With Holes"],"picked":"SKIP","floor":5},{"not_picked":["Outmaneuver","Poisoned Stab"],"picked":"Deadly Poison","floor":11},{"not_picked":["Bouncing Flask","Backflip","Outmaneuver"],"picked":"Singing Bowl","floor":12},{"not_picked":["Grand Finale","Doppelganger"],"picked":"Envenom","floor":16},{"not_picked":["Dagger Spray","Dodge and Roll"],"picked":"Noxious Fumes","floor":18},{"not_picked":["Acrobatics","Predator"],"picked":"Cloak And Dagger+1","floor":20},{"not_picked":["Bouncing Flask","Underhanded Strike","Sucker Punch"],"picked":"Singing Bowl","floor":22}],"player_experience":2420489,"relics_obtained":[{"floor":7,"key":"Singing Bowl"},{"floor":9,"key":"Ancient Tea Set"},{"floor":11,"key":"Ornamental Fan"}],"event_choices":[{"cards_removed":["Strike_G"],"damage_healed":0,"gold_gain":0,"player_choice":"Card Removal","damage_taken":7,"max_hp_gain":0,"max_hp_loss":0,"event_name":"Golden Wing","floor":2,"gold_loss":0},{"damage_healed":0,"gold_gain":0,"player_choice":"Take Damage","damage_taken":23,"relics_obtained":["Golden Idol"],"max_hp_gain":0,"max_hp_loss":0,"event_name":"Golden Idol","floor":3,"gold_loss":0},{"damage_healed":0,"gold_gain":150,"player_choice":"AGREE","damage_taken":0,"max_hp_gain":0,"max_hp_loss":0,"event_name":"Liars Game","floor":6,"gold_loss":0,"cards_obtained":["Doubt"]},{"damage_healed":0,"gold_gain":0,"cards_transformed":["Strike_G"],"player_choice":"Transformed","damage_taken":0,"max_hp_gain":0,"max_hp_loss":0,"event_name":"Transmorgrifier","floor":13,"gold_loss":0,"cards_obtained":["Phantasmal Killer"]},{"cards_removed":["Strike_G"],"damage_healed":0,"gold_gain":0,"player_choice":"Gave Gold","damage_taken":0,"max_hp_gain":0,"max_hp_loss":0,"event_name":"Beggar","floor":19,"gold_loss":75},{"damage_healed":0,"gold_gain":0,"player_choice":"Traded Relic","damage_taken":0,"relics_obtained":["Nloth\u0027s Gift"],"max_hp_gain":0,"max_hp_loss":0,"event_name":"N\u0027loth","floor":21,"relics_lost":["Ornamental Fan"],"gold_loss":0}],"is_beta":false,"boss_relics":[{"not_picked":["WristBlade","Tiny House"],"picked":"Fusion Hammer"}],"items_purged_floors":[10],"is_endless":false,"potions_floor_spawned":[11,12,18],"killed_by":"Gremlin Leader","ascension_level":20}