{"gold_per_floor":[119,119,137,155,155,189,199,199,229,261,278,278,278,305,305,376,376,386,386,402,414,432,432,432,463,463,481,512,437,487,516,516,591,591,611,442,461,478,578,609,609,620,667,647,676,695,727,745,745,745],"floor_reached":50,"playtime":3590,"items_purged":["Regret"],"score":1485,"play_id":"1242795b-b877-471e-98e1-acf681393fc4","local_time":"20190417004043","is_ascension_mode":true,"campfire_choices":[{"floor":8.0,"key":"REST"},{"data":"Dark Shackles","floor":13.0,"key":"SMITH"},{"data":"Infernal Blade","floor":15.0,"key":"SMITH"},{"floor":32.0,"key":"REST"},{"floor":41.0,"key":"REST"},{"floor":49.0,"key":"REST"}],"neow_cost":"CURSE","seed_source_timestamp":34628329573096,"circlet_count":0,"master_deck":["AscendersBane","Defend_R","Defend_R","Bash","Dark Shackles+1","Swift Strike","Rage","Shrug It Off","Infernal Blade+1","Pommel Strike","Shrug It Off","Anger","Clothesline","Shrug It Off","Exhume+1","Shrug It Off","Madness","Swift Strike","Bandage Up","Carnage","Twin Strike+1","Bite","Bite","Bite","Bite","Bite","Carnage","Shrug It Off","Shrug It Off+1","Bludgeon","Ghostly Armor","Offering","True Grit+1","Shrug It Off+1","Shrug It Off","Impervious","Warcry+1","Metallicize","Ghostly Armor","Double Tap"],"special_seed":0,"relics":["Burning Blood","Pen Nib","Mercury Hourglass","Tiny Chest","Vajra","Boot","Gremlin Horn","Fusion Hammer","Orichalcum","FossilizedHelix","Darkstone Periapt","Letter Opener","Philosopher\u0027s Stone","War Paint","Incense Burner","Anchor","Oddly Smooth Stone","Peace Pipe"],"potions_floor_usage":[50],"damage_taken":[{"damage":6.0,"enemies":"Small Slimes","floor":1.0,"turns":6.0},{"damage":3.0,"enemies":"2 Louse","floor":3.0,"turns":3.0},{"damage":3.0,"enemies":"Jaw Worm","floor":4.0,"turns":4.0},{"damage":27.0,"enemies":"Gremlin Nob","floor":6.0,"turns":5.0},{"damage":0.0,"enemies":"2 Fungi Beasts","floor":7.0,"turns":3.0},{"damage":16.0,"enemies":"Lagavulin","floor":10.0,"turns":5.0},{"damage":0.0,"enemies":"Red Slaver","floor":11.0,"turns":2.0},{"damage":3.0,"enemies":"Gremlin Nob","floor":14.0,"turns":4.0},{"damage":2.0,"enemies":"Hexaghost","floor":16.0,"turns":8.0},{"damage":5.0,"enemies":"3 Byrds","floor":18.0,"turns":5.0},{"damage":1.0,"enemies":"Spheric Guardian","floor":20.0,"turns":4.0},{"damage":29.0,"enemies":"Snake Plant","floor":21.0,"turns":5.0},{"damage":2.0,"enemies":"Centurion and Healer","floor":22.0,"turns":5.0},{"damage":12.0,"enemies":"Slavers","floor":25.0,"turns":4.0},{"damage":0.0,"enemies":"Shelled Parasite and Fungi","floor":27.0,"turns":3.0},{"damage":0.0,"enemies":"Gremlin Leader","floor":28.0,"turns":5.0},{"damage":11.0,"enemies":"Book of Stabbing","floor":31.0,"turns":4.0},{"damage":54.0,"enemies":"Collector","floor":33.0,"turns":12.0},{"damage":1.0,"enemies":"3 Shapes","floor":35.0,"turns":5.0},{"damage":6.0,"enemies":"3 Darklings","floor":37.0,"turns":4.0},{"damage":0.0,"enemies":"Transient","floor":38.0,"turns":6.0},{"damage":6.0,"enemies":"Mind Bloom Boss Battle","floor":39.0,"turns":7.0},{"damage":8.0,"enemies":"Nemesis","floor":40.0,"turns":8.0},{"damage":12.0,"enemies":"Sphere and 2 Shapes","floor":42.0,"turns":4.0},{"damage":6.0,"enemies":"Reptomancer","floor":45.0,"turns":6.0},{"damage":0.0,"enemies":"Jaw Worm Horde","floor":46.0,"turns":5.0},{"damage":36.0,"enemies":"Giant Head","floor":47.0,"turns":10.0},{"damage":12.0,"enemies":"Maw","floor":48.0,"turns":7.0},{"damage":72,"enemies":"Donu and Deca","floor":50,"turns":11}],"seed_played":"-9061085637169206059","potions_obtained":[{"floor":6.0,"key":"AttackPotion"},{"floor":10.0,"key":"Block Potion"},{"floor":14.0,"key":"BloodPotion"},{"floor":16.0,"key":"PowerPotion"},{"floor":18.0,"key":"Dexterity Potion"},{"floor":21.0,"key":"Dexterity Potion"},{"floor":31.0,"key":"Swift Potion"},{"floor":33.0,"key":"LiquidBronze"},{"floor":37.0,"key":"Energy Potion"},{"floor":40.0,"key":"Fire Potion"},{"floor":47.0,"key":"EssenceOfSteel"}],"is_trial":false,"path_per_floor":["M","?","M","M","?","E","M","R","T","E","M","?","R","E","R","B",null,"M","?","M","M","M","?","?","E","T","M","E","$","?","E","R","B",null,"M","$","M","M","?","E","R","M","T","?","E","M","E","M","R","B"],"character_chosen":"IRONCLAD","items_purchased":["War Paint"],"campfire_rested":4,"item_purchase_floors":[36],"current_hp_per_floor":[68,68,71,74,63,42,48,70,70,60,66,66,66,69,69,73,75,75,47,63,44,56,52,52,52,52,52,52,52,52,47,52,22,45,52,52,52,52,52,52,52,46,46,46,52,52,26,38,52,0],"gold":745,"neow_bonus":"RANDOM_COLORLESS_2","is_prod":false,"is_daily":false,"chose_seed":false,"campfire_upgraded":2,"win_rate":0,"timestamp":1555486843,"path_taken":["M","?","M","M","?","E","M","R","T","E","?","?","R","E","R","BOSS","M","?","M","M","?","?","?","E","T","M","E","$","?","E","R","BOSS","M","$","M","?","?","E","R","M","T","?","E","M","E","?","R","BOSS"],"build_version":"2019-01-23","purchased_purges":1,"victory":false,"max_hp_per_floor":[75,75,75,75,75,75,75,75,75,75,75,75,75,75,75,75,75,75,75,75,75,75,52,52,52,52,52,52,52,52,52,52,52,52,52,52,52,52,52,52,52,52,52,52,52,52,52,52,52,52],"card_choices":[{"not_picked":["Carnage","Warcry"],"picked":"Rage","floor":1.0},{"not_picked":["Dropkick","Hemokinesis"],"picked":"Shrug It Off","floor":3.0},{"not_picked":["Wild Strike","Clash"],"picked":"Infernal Blade","floor":4.0},{"not_picked":["Wild Strike","Cleave"],"picked":"Pommel Strike","floor":6.0},{"not_picked":["Burning Pact","Disarm"],"picked":"Shrug It Off","floor":7.0},{"not_picked":["Clothesline","Armaments"],"picked":"Anger","floor":10.0},{"not_picked":["Berserk","Twin Strike"],"picked":"Clothesline","floor":11.0},{"not_picked":["Second Wind","Havoc"],"picked":"Shrug It Off","floor":14.0},{"not_picked":["Limit Break","Double Tap"],"picked":"Exhume","floor":16.0},{"not_picked":["Flex","Twin Strike"],"picked":"Shrug It Off","floor":18.0},{"not_picked":["Wild Strike","Havoc","Headbutt"],"picked":"SKIP","floor":20.0},{"not_picked":["Fire Breathing","Flex"],"picked":"Carnage","floor":21.0},{"not_picked":["Clash","Sword Boomerang"],"picked":"Twin Strike+1","floor":22.0},{"not_picked":["Perfected Strike","Impervious"],"picked":"Shrug It Off","floor":25.0},{"not_picked":["Reckless Charge+1","Blood for Blood","Clothesline"],"picked":"SKIP","floor":27.0},{"not_picked":["Havoc","Heavy Blade"],"picked":"Bludgeon","floor":28.0},{"not_picked":["Heavy Blade","Wild Strike"],"picked":"Ghostly Armor","floor":31.0},{"not_picked":["Barricade","Feed"],"picked":"Offering","floor":33.0},{"not_picked":["Thunderclap","Heavy Blade"],"picked":"True Grit+1","floor":35.0},{"not_picked":["Blood for Blood","Rampage"],"picked":"Shrug It Off+1","floor":37.0},{"not_picked":["Feel No Pain+1","Wild Strike","Entrench"],"picked":"SKIP","floor":38.0},{"not_picked":["True Grit","Headbutt"],"picked":"Shrug It Off","floor":39.0},{"not_picked":["Combust","Immolate"],"picked":"Impervious","floor":40.0},{"not_picked":["Body Slam","Perfected Strike"],"picked":"Warcry+1","floor":42.0},{"not_picked":["Rampage","Infernal Blade"],"picked":"Metallicize","floor":45.0},{"not_picked":["Disarm+1","Sword Boomerang"],"picked":"Ghostly Armor","floor":46.0},{"not_picked":["Havoc","True Grit"],"picked":"Double Tap","floor":47.0},{"not_picked":["Blood for Blood","True Grit","Combust"],"picked":"SKIP","floor":48.0}],"player_experience":718043,"relics_obtained":[{"floor":6.0,"key":"Mercury Hourglass"},{"floor":9.0,"key":"Tiny Chest"},{"floor":10.0,"key":"Vajra"},{"floor":14.0,"key":"Gremlin Horn"},{"floor":25.0,"key":"Orichalcum"},{"floor":26.0,"key":"FossilizedHelix"},{"floor":28.0,"key":"Darkstone Periapt"},{"floor":31.0,"key":"Letter Opener"},{"floor":39.0,"key":"Incense Burner"},{"floor":43.0,"key":"Anchor"},{"floor":45.0,"key":"Oddly Smooth Stone"},{"floor":47.0,"key":"Peace Pipe"}],"event_choices":[{"cards_removed":["Pain"],"damage_healed":0.0,"max_hp_gain":0.0,"max_hp_loss":0.0,"gold_gain":0.0,"event_name":"Living Wall","player_choice":"Forget","floor":2.0,"gold_loss":0.0,"damage_taken":0.0},{"damage_healed":0.0,"max_hp_gain":0.0,"max_hp_loss":0.0,"gold_gain":0.0,"event_name":"Scrap Ooze","player_choice":"Success","floor":5.0,"gold_loss":0.0,"damage_taken":11.0,"relics_obtained":["Pen Nib"]},{"damage_healed":0.0,"max_hp_gain":0.0,"max_hp_loss":0.0,"gold_gain":0.0,"event_name":"Big Fish","player_choice":"Box","floor":12.0,"gold_loss":0.0,"damage_taken":0.0,"relics_obtained":["Boot"],"cards_obtained":["Regret"]},{"damage_healed":0.0,"max_hp_gain":0.0,"max_hp_loss":0.0,"gold_gain":0.0,"event_name":"Knowing Skull","player_choice":"CARD CARD CARD ","floor":19.0,"potions_obtained":[],"gold_loss":0.0,"damage_taken":28.0,"cards_obtained":["Madness","Swift Strike","Bandage Up"]},{"damage_healed":0.0,"max_hp_gain":0.0,"max_hp_loss":23.0,"gold_gain":0.0,"event_name":"Vampires","player_choice":"Became a vampire","floor":23.0,"gold_loss":0.0,"damage_taken":0.0,"cards_obtained":["Bite","Bite","Bite","Bite","Bite"]},{"damage_healed":0.0,"max_hp_gain":0.0,"max_hp_loss":0.0,"gold_gain":0.0,"cards_transformed":["Defend_R","Defend_R"],"event_name":"Drug Dealer","player_choice":"Became Test Subject","floor":24.0,"gold_loss":0.0,"damage_taken":0.0,"cards_obtained":["Carnage","Shrug It Off"]},{"damage_healed":0.0,"max_hp_gain":0.0,"max_hp_loss":0.0,"gold_gain":50.0,"event_name":"Golden Shrine","player_choice":"Pray","floor":30.0,"gold_loss":0.0,"damage_taken":0.0},{"damage_healed":0.0,"max_hp_gain":0.0,"max_hp_loss":0.0,"gold_gain":0.0,"event_name":"MindBloom","player_choice":"Fight","floor":39.0,"gold_loss":0.0,"damage_taken":0.0},{"damage_healed":0.0,"max_hp_gain":0.0,"max_hp_loss":0.0,"gold_gain":0.0,"event_name":"The Woman in Blue","player_choice":"Bought 1 Potion","floor":44.0,"gold_loss":0.0,"damage_taken":0.0}],"is_beta":false,"boss_relics":[{"not_picked":["Pandora\u0027s Box","Runic Dome"],"picked":"Fusion Hammer"},{"not_picked":["Lizard Tail","Busted Crown"],"picked":"Philosopher\u0027s Stone"}],"items_purged_floors":[29],"is_endless":false,"potions_floor_spawned":[6,10,14,16,18,21,31,33,37,38,40,45,47],"killed_by":"Donu and Deca","ascension_level":17}