{"gold_per_floor":[10,10,20,33,44,77,77,90,90,117,28,39,39,74,74,146,146,157,38,57,57,71,71,71],"floor_reached":24,"playtime":1661,"items_purged":[],"score":586,"play_id":"90554fe1-6639-41e3-bd09-bc7df27949b9","local_time":"20190129223528","is_ascension_mode":true,"campfire_choices":[{"floor":7.0,"key":"REST"},{"floor":13.0,"key":"REST"},{"data":"Hologram","floor":15.0,"key":"SMITH"},{"data":"Zap","floor":23,"key":"SMITH"}],"neow_cost":"NO_GOLD","seed_source_timestamp":438640050841691,"circlet_count":0,"master_deck":["AscendersBane","Strike_B","Strike_B","Defend_B","Defend_B","Defend_B","Zap+1","Dualcast","Conserve Battery","Gash","Hologram+1","Rip and Tear","Melter","Defragment","Core Surge","Capacitor","Gash","Stack","All For One","Stack+1","Chill","Defragment","Defragment","Gash"],"special_seed":0,"relics":["Cracked Core","FossilizedHelix","Bottled Tornado","Pen Nib","Pocketwatch","Empty Cage"],"potions_floor_usage":[22,24],"damage_taken":[{"damage":10.0,"enemies":"Small Slimes","floor":1.0,"turns":4.0},{"damage":0.0,"enemies":"Cultist","floor":3.0,"turns":3.0},{"damage":0.0,"enemies":"2 Louse","floor":4.0,"turns":2.0},{"damage":0.0,"enemies":"2 Fungi Beasts","floor":5.0,"turns":4.0},{"damage":60.0,"enemies":"3 Sentries","floor":6.0,"turns":10.0},{"damage":28.0,"enemies":"Gremlin Gang","floor":8.0,"turns":6.0},{"damage":0.0,"enemies":"Gremlin Nob","floor":10.0,"turns":3.0},{"damage":0.0,"enemies":"Looter","floor":12.0,"turns":3.0},{"damage":15.0,"enemies":"Lagavulin","floor":14.0,"turns":6.0},{"damage":0.0,"enemies":"Hexaghost","floor":16.0,"turns":9.0},{"damage":21,"enemies":"2 Thieves","floor":18,"turns":5},{"damage":0,"enemies":"Spheric Guardian","floor":20,"turns":2},{"damage":0,"enemies":"Centurion and Healer","floor":22,"turns":8},{"damage":53,"enemies":"Book of Stabbing","floor":24,"turns":5}],"seed_played":"-5660872072205053850","potions_obtained":[{"floor":3.0,"key":"Weak Potion"},{"floor":6.0,"key":"EssenceOfSteel"},{"floor":10.0,"key":"EssenceOfSteel"},{"floor":14.0,"key":"SteroidPotion"},{"floor":16.0,"key":"PowerPotion"},{"floor":18,"key":"FocusPotion"}],"is_trial":false,"path_per_floor":["M","?","M","M","M","E","R","M","T","E","$","M","R","E","R","B",null,"M","$","M","?","M","R","E"],"character_chosen":"DEFECT","items_purchased":["Capacitor","Chill","Defragment"],"campfire_rested":2,"item_purchase_floors":[11,19,19],"current_hp_per_floor":[68,68,68,68,68,8,33,5,5,5,5,5,30,15,15,15,68,47,47,47,47,47,47,0],"gold":71,"neow_bonus":"TWENTY_PERCENT_HP_BONUS","is_prod":false,"is_daily":false,"chose_seed":false,"campfire_upgraded":2,"win_rate":0,"timestamp":1548797728,"path_taken":["M","?","M","M","M","E","R","?","T","E","$","M","R","E","R","BOSS","M","$","M","?","M","R","E"],"build_version":"2019-01-23","purchased_purges":0,"victory":false,"max_hp_per_floor":[85,85,85,85,85,85,85,85,85,85,85,85,85,85,85,85,85,85,85,85,85,85,85,85],"card_choices":[{"not_picked":["Compile Driver","Sweeping Beam"],"picked":"Conserve Battery","floor":1.0},{"not_picked":["Go for the Eyes","Conserve Battery"],"picked":"Gash","floor":3.0},{"not_picked":["White Noise","Coolheaded"],"picked":"Hologram","floor":4.0},{"not_picked":["Coolheaded","Fusion"],"picked":"Rip and Tear","floor":5.0},{"not_picked":["Barrage","Genetic Algorithm"],"picked":"Melter","floor":6.0},{"not_picked":["Darkness","Fusion"],"picked":"Defragment","floor":8.0},{"not_picked":["Gash","Undo"],"picked":"Core Surge","floor":10.0},{"not_picked":["Conserve Battery","Steam"],"picked":"Gash","floor":12.0},{"not_picked":["Cold Snap","Melter"],"picked":"Stack","floor":14.0},{"not_picked":["Hyperbeam","Meteor Strike"],"picked":"All For One","floor":16.0},{"not_picked":["Ball Lightning","Cold Snap"],"picked":"Stack+1","floor":18},{"not_picked":["Streamline","Reprogram"],"picked":"Defragment","floor":20},{"not_picked":["Darkness","Consume"],"picked":"Gash","floor":22}],"player_experience":1605086,"relics_obtained":[{"floor":6.0,"key":"FossilizedHelix"},{"floor":9.0,"key":"Bottled Tornado"},{"floor":10.0,"key":"Pen Nib"},{"floor":14.0,"key":"Pocketwatch"}],"event_choices":[{"cards_removed":["Defend_B"],"damage_healed":0.0,"max_hp_gain":0.0,"max_hp_loss":0.0,"gold_gain":0.0,"event_name":"Purifier","player_choice":"Purged","floor":2.0,"gold_loss":0.0,"damage_taken":0.0},{"damage_healed":0,"gold_gain":0,"player_choice":"Ignored","damage_taken":0,"max_hp_gain":0,"max_hp_loss":0,"event_name":"Vampires","floor":21,"gold_loss":0}],"is_beta":false,"boss_relics":[{"not_picked":["White Beast Statue","Fusion Hammer"],"picked":"Empty Cage"}],"items_purged_floors":[],"is_endless":false,"potions_floor_spawned":[3,6,10,14,16,18],"killed_by":"Book of Stabbing","ascension_level":20}