{"gold_per_floor":[118,43,59,74,86,115,115,149,173,189,203,203,268,283,283,354,354,368,368,568,583,128,128,158,158,185,185,185,217,230,9,9,9],"floor_reached":33,"playtime":2090,"items_purged":["Strike_R","Strike_R"],"score":590,"play_id":"f256bbf1-dffa-477e-b103-75d4ecd6b597","local_time":"20190429202506","is_ascension_mode":true,"campfire_choices":[{"data":"Carnage","floor":7,"key":"SMITH"},{"floor":12,"key":"REST"},{"data":"Double Tap","floor":15,"key":"SMITH"},{"floor":23,"key":"REST"},{"floor":25,"key":"REST"},{"floor":28,"key":"RECALL"},{"floor":32,"key":"REST"}],"neow_cost":"NONE","seed_source_timestamp":1724024015098758,"circlet_count":0,"master_deck":["AscendersBane","Strike_R","Strike_R+1","Strike_R","Defend_R","Defend_R","Defend_R","Defend_R+1","Bash+1","Cleave+1","Feel No Pain","Carnage+1","Shockwave+1","Thunderclap","Shrug It Off","Double Tap+1","Bloodletting","Juggernaut","Burning Pact","Necronomicurse","Demon Form","Shrug It Off+1","Flame Barrier+1","Metallicize+1"],"relics":["Burning Blood","Art of War","Whetstone","Regal Pillow","Centennial Puzzle","Fusion Hammer","Necronomicon","Toxic Egg 2","PreservedInsect","Potion Belt","Frozen Egg 2","Singing Bowl","War Paint"],"potions_floor_usage":[6,11,16,33,33],"damage_taken":[{"damage":7,"enemies":"Cultist","floor":1,"turns":4},{"damage":7,"enemies":"Small Slimes","floor":3,"turns":3},{"damage":7,"enemies":"Jaw Worm","floor":4,"turns":3},{"damage":11,"enemies":"Large Slime","floor":5,"turns":6},{"damage":26,"enemies":"Gremlin Nob","floor":6,"turns":4},{"damage":21,"enemies":"3 Sentries","floor":8,"turns":6},{"damage":7,"enemies":"2 Fungi Beasts","floor":10,"turns":3},{"damage":13,"enemies":"Exordium Wildlife","floor":11,"turns":4},{"damage":19,"enemies":"3 Sentries","floor":13,"turns":7},{"damage":3,"enemies":"Looter","floor":14,"turns":2},{"damage":24,"enemies":"Slime Boss","floor":16,"turns":5},{"damage":11,"enemies":"Spheric Guardian","floor":18,"turns":3},{"damage":0,"enemies":"Chosen","floor":21,"turns":2},{"damage":47,"enemies":"Slavers","floor":24,"turns":7},{"damage":19,"enemies":"Book of Stabbing","floor":29,"turns":3},{"damage":2,"enemies":"Centurion and Healer","floor":30,"turns":5},{"damage":88,"enemies":"Automaton","floor":33,"turns":8}],"seed_played":"-8472793863286586455","potions_obtained":[{"floor":3,"key":"SteroidPotion"},{"floor":5,"key":"LiquidBronze"},{"floor":8,"key":"Weak Potion"},{"floor":13,"key":"SkillPotion"},{"floor":16,"key":"SpeedPotion"}],"is_trial":false,"path_per_floor":["M","$","M","M","M","E","R","E","T","M","M","R","?","M","R","B",null,"M","?","?","M","$","R","E","R","T","T","R","E","M","$","R","B"],"character_chosen":"IRONCLAD","items_purchased":["Toxic Egg 2","Demon Form","War Paint","Block Potion"],"campfire_rested":4,"item_purchase_floors":[22,22,31,31],"current_hp_per_floor":[67,67,66,65,60,40,40,25,25,24,17,54,41,44,44,26,63,58,37,37,43,43,75,34,71,71,71,71,58,62,62,75,0],"gold":9,"neow_bonus":"UPGRADE_CARD","is_prod":false,"is_daily":false,"chose_seed":false,"campfire_upgraded":2,"win_rate":0,"timestamp":1556562306,"path_taken":["M","$","?","M","M","E","R","E","T","M","M","R","?","M","R","BOSS","M","?","?","?","$","R","E","R","T","?","R","E","M","$","R","BOSS"],"build_version":"2019-01-23","purchased_purges":2,"victory":false,"max_hp_per_floor":[75,75,75,75,75,75,75,75,75,75,75,75,75,75,75,75,75,75,75,75,75,75,75,75,75,75,75,75,75,75,75,75,75],"card_choices":[{"not_picked":["Thunderclap","Headbutt"],"picked":"Cleave","floor":1},{"not_picked":["Blood for Blood","Cleave"],"picked":"Feel No Pain","floor":3},{"not_picked":["Clothesline","Cleave"],"picked":"Carnage","floor":4},{"not_picked":["Perfected Strike","Clash"],"picked":"Shockwave","floor":5},{"not_picked":["Shrug It Off","Iron Wave"],"picked":"Thunderclap","floor":6},{"not_picked":["Clash","Juggernaut"],"picked":"Shrug It Off","floor":8},{"not_picked":["Pummel","Metallicize","Cleave"],"picked":"SKIP","floor":10},{"not_picked":["Wild Strike","Rampage","Sword Boomerang"],"picked":"SKIP","floor":11},{"not_picked":["Clothesline","Body Slam"],"picked":"Double Tap","floor":13},{"not_picked":["Hemokinesis","Sentinel"],"picked":"Bloodletting","floor":14},{"not_picked":["Berserk","Exhume"],"picked":"Juggernaut","floor":16},{"not_picked":["Warcry","Rampage+1"],"picked":"Burning Pact","floor":18},{"not_picked":["Perfected Strike","Havoc","Headbutt"],"picked":"SKIP","floor":21},{"not_picked":["Twin Strike","Fire Breathing"],"picked":"Shrug It Off+1","floor":24},{"not_picked":["Shrug It Off+1","Headbutt"],"picked":"Flame Barrier+1","floor":29},{"not_picked":["Body Slam","True Grit+1"],"picked":"Metallicize+1","floor":30}],"player_experience":2612802,"relics_obtained":[{"floor":6,"key":"Art of War"},{"floor":8,"key":"Whetstone"},{"floor":9,"key":"Regal Pillow"},{"floor":13,"key":"Centennial Puzzle"},{"floor":19,"key":"Necronomicon"},{"floor":24,"key":"PreservedInsect"},{"floor":26,"key":"Potion Belt"},{"floor":27,"key":"Frozen Egg 2"},{"floor":29,"key":"Singing Bowl"}],"event_choices":[{"damage_healed":0,"gold_gain":0,"player_choice":"Searched \u00272\u0027 times","damage_taken":0,"max_hp_gain":0,"max_hp_loss":0,"event_name":"Dead Adventurer","floor":13,"gold_loss":0},{"damage_healed":0,"gold_gain":0,"player_choice":"Obtained Book","damage_taken":21,"max_hp_gain":0,"max_hp_loss":0,"event_name":"Cursed Tome","floor":19,"gold_loss":0},{"damage_healed":0,"gold_gain":250,"player_choice":"Bet on Owner","damage_taken":0,"max_hp_gain":0,"max_hp_loss":0,"event_name":"The Joust","floor":20,"gold_loss":50}],"is_beta":false,"boss_relics":[{"not_picked":["Philosopher\u0027s Stone","Runic Cube"],"picked":"Fusion Hammer"}],"items_purged_floors":[2,22],"is_endless":false,"potions_floor_spawned":[3,5,8,13,16,24],"killed_by":"Automaton","ascension_level":20}