{"gold_per_floor":[110,60,80,98,98,131,131,162,162,162,196,196,211,238,238,238],"floor_reached":16,"playtime":1440,"items_purged":[],"score":256,"play_id":"481b0981-a5b9-4000-9887-457bf9b2bc69","local_time":"20190117211631","is_ascension_mode":true,"campfire_choices":[{"floor":7,"key":"REST"},{"floor":10,"key":"REST"},{"floor":12,"key":"REST"},{"data":"Defragment","floor":15,"key":"SMITH"}],"neow_cost":"NONE","seed_source_timestamp":679692997058296,"circlet_count":0,"master_deck":["AscendersBane","Strike_B","Strike_B","Strike_B","Strike_B","Defend_B","Defend_B","Defend_B","Defend_B","Zap","Dualcast","Ball Lightning","Gash","Defragment+1","Rip and Tear","Beam Cell","Coolheaded","Reboot","Chill","Steam","Seek"],"relics":["Cracked Core","Ancient Tea Set","Shovel","DataDisk","Pear","Dream Catcher","Kunai"],"potions_floor_usage":[6,11,14],"damage_taken":[{"damage":1,"enemies":"Cultist","floor":1,"turns":4},{"damage":1,"enemies":"2 Louse","floor":3,"turns":2},{"damage":2,"enemies":"Jaw Worm","floor":4,"turns":3},{"damage":19,"enemies":"3 Sentries","floor":6,"turns":6},{"damage":30,"enemies":"Lagavulin","floor":8,"turns":7},{"damage":15,"enemies":"3 Sentries","floor":11,"turns":5},{"damage":8,"enemies":"Large Slime","floor":13,"turns":4},{"damage":8,"enemies":"Gremlin Nob","floor":14,"turns":3},{"damage":42,"enemies":"Hexaghost","floor":16,"turns":9}],"seed_played":"8100195083587979651","potions_obtained":[{"floor":4,"key":"Dexterity Potion"},{"floor":6,"key":"Fire Potion"},{"floor":8,"key":"Strength Potion"},{"floor":14,"key":"Fire Potion"}],"is_trial":false,"path_per_floor":["M","$","M","M","?","E","R","E","T","R","E","R","M","E","R","B"],"character_chosen":"DEFECT","items_purchased":["Gash"],"campfire_rested":3,"item_purchase_floors":[2],"current_hp_per_floor":[70,70,69,67,32,13,36,6,16,42,27,53,45,37,37,0],"gold":238,"neow_bonus":"TEN_PERCENT_HP_BONUS","is_prod":false,"is_daily":false,"chose_seed":false,"campfire_upgraded":1,"win_rate":0,"timestamp":1547756191,"path_taken":["M","$","?","M","?","E","R","E","T","R","E","R","M","E","R","BOSS"],"build_version":"2019-01-10","purchased_purges":0,"victory":false,"max_hp_per_floor":[78,78,78,78,78,78,78,78,88,88,88,88,88,88,88,88],"card_choices":[{"not_picked":["Rebound","Static Discharge"],"picked":"Ball Lightning","floor":1},{"not_picked":["Turbo","Static Discharge"],"picked":"Defragment","floor":3},{"not_picked":["Leap","Double Energy"],"picked":"Rip and Tear","floor":4},{"not_picked":["Hello World","Steam"],"picked":"Beam Cell","floor":6},{"not_picked":["Rainbow","Barrage"],"picked":"Coolheaded","floor":8},{"not_picked":["Melter","Hologram"],"picked":"Reboot","floor":11},{"not_picked":["Self Repair","Conserve Battery"],"picked":"Chill","floor":12},{"not_picked":["Rebound","Steam Power"],"picked":"Steam","floor":13},{"not_picked":["Streamline","Consume"],"picked":"Seek","floor":14}],"player_experience":1561092,"relics_obtained":[{"floor":6,"key":"Shovel"},{"floor":8,"key":"DataDisk"},{"floor":9,"key":"Pear"},{"floor":11,"key":"Dream Catcher"},{"floor":14,"key":"Kunai"}],"event_choices":[{"damage_healed":0,"gold_gain":0,"player_choice":"Success","damage_taken":35,"relics_obtained":["Ancient Tea Set"],"max_hp_gain":0,"max_hp_loss":0,"event_name":"Scrap Ooze","floor":5,"gold_loss":0}],"is_beta":false,"boss_relics":[],"items_purged_floors":[],"is_endless":false,"potions_floor_spawned":[4,6,8,14],"killed_by":"Hexaghost","ascension_level":20}