{"gold_per_floor":[14,33,33,33,43,43,54,80,80,80],"floor_reached":10,"playtime":476,"items_purged":[],"score":136,"play_id":"8529bdd9-de84-414f-b01c-9d679aa8d7eb","local_time":"20181004233001","is_ascension_mode":true,"campfire_choices":[{"data":"Neutralize","floor":6.0,"key":"SMITH"}],"neow_cost":"NO_GOLD","seed_source_timestamp":30796467309378,"circlet_count":0,"master_deck":["Defend_G","Defend_G","Defend_G","Defend_G","Defend_G","Strike_G","Strike_G","Strike_G","Strike_G","Strike_G","Survivor","Neutralize+1","AscendersBane","Bullet Time","Sucker Punch","Well Laid Plans","Decay","Footwork","A Thousand Cuts","PiercingWail"],"special_seed":0,"relics":["Ring of the Snake","Tough Bandages","Pear"],"potions_floor_usage":[8,8],"damage_taken":[{"damage":1.0,"enemies":"Small Slimes","floor":1.0,"turns":3.0},{"damage":5.0,"enemies":"Cultist","floor":2.0,"turns":5.0},{"damage":3.0,"enemies":"2 Louse","floor":5.0,"turns":3.0},{"damage":14.0,"enemies":"Exordium Thugs","floor":7.0,"turns":13.0},{"damage":34,"enemies":"Gremlin Nob","floor":8,"turns":5},{"damage":13,"enemies":"Lots of Slimes","floor":10,"turns":2}],"seed_played":"-6988894269730685269","potions_obtained":[{"floor":2.0,"key":"GamblersBrew"},{"floor":7.0,"key":"GamblersBrew"}],"is_trial":false,"path_per_floor":["M","M","?","?","M","R","M","E","T"],"character_chosen":"THE_SILENT","items_purchased":[],"campfire_rested":0,"item_purchase_floors":[],"current_hp_per_floor":[58,53,53,53,50,50,36,2,12,0],"gold":80,"neow_bonus":"THREE_RARE_CARDS","is_prod":false,"is_daily":false,"chose_seed":false,"campfire_upgraded":1,"win_rate":0,"timestamp":1538688601,"path_taken":["M","M","?","?","?","R","M","E","T","M"],"build_version":"2018-10-04","purchased_purges":0,"victory":false,"max_hp_per_floor":[66,66,66,66,66,66,66,66,76,76],"card_choices":[{"not_picked":["Malaise","Venomology"],"picked":"Bullet Time","floor":0.0},{"not_picked":["Bane","Cloak And Dagger"],"picked":"Sucker Punch","floor":1.0},{"not_picked":["Choke","Bane"],"picked":"Well Laid Plans","floor":2.0},{"not_picked":["Expertise","Sucker Punch"],"picked":"Footwork","floor":5.0},{"not_picked":["Choke","Bane"],"picked":"A Thousand Cuts","floor":7.0},{"not_picked":["Distraction","Prepared"],"picked":"PiercingWail","floor":8}],"player_experience":996147,"relics_obtained":[{"floor":8,"key":"Tough Bandages"},{"floor":9,"key":"Pear"}],"event_choices":[{"event_name":"Liars Game","player_choice":"disagreed","floor":3.0,"damage_taken":0.0},{"event_name":"Wheel of Change","player_choice":"Curse","floor":4.0,"damage_taken":0.0}],"is_beta":true,"boss_relics":[],"items_purged_floors":[],"is_endless":false,"potions_floor_spawned":[2,7],"killed_by":"Lots of Slimes","ascension_level":20}