{"gold_per_floor":[111,111,111,130,130,170,95,130,200,200,200,213,244,264,264,357,357,357],"floor_reached":18,"playtime":618,"items_purged":["Regret"],"score":386,"play_id":"f1447a37-2931-4519-820b-7fbb16bf87e8","local_time":"20190515235304","is_ascension_mode":true,"campfire_choices":[{"floor":10.0,"key":"REST"},{"data":"Demon Form","floor":15.0,"key":"SMITH"}],"neow_cost":"NONE","seed_source_timestamp":0,"circlet_count":0,"master_deck":["AscendersBane","Strike_R","Strike_R","Strike_R","Strike_R","Defend_R","Defend_R","Defend_R","Defend_R","Bash","Thunderclap","Iron Wave","Battle Trance","Anger","Demon Form+1","Shrug It Off+1","Demon Form"],"special_seed":0,"relics":["Black Blood","NeowsBlessing","Golden Idol","Ancient Tea Set","Du-Vu Doll","Gremlin Horn","Toxic Egg 2","Dodecahedron","Juzu Bracelet"],"potions_floor_usage":[],"damage_taken":[{"damage":0.0,"enemies":"Small Slimes","floor":1.0,"turns":1.0},{"damage":0.0,"enemies":"2 Louse","floor":4.0,"turns":1.0},{"damage":0.0,"enemies":"Gremlin Nob","floor":6.0,"turns":1.0},{"damage":30.0,"enemies":"Lagavulin","floor":8.0,"turns":5.0},{"damage":0.0,"enemies":"Cultist","floor":12.0,"turns":2.0},{"damage":8.0,"enemies":"Gremlin Nob","floor":13.0,"turns":4.0},{"damage":0.0,"enemies":"Lots of Slimes","floor":14.0,"turns":2.0},{"damage":20.0,"enemies":"The Guardian","floor":16.0,"turns":10.0},{"damage":0,"enemies":"2 Thieves","floor":18,"turns":1}],"seed_played":"-4065277010718949534","potions_obtained":[{"floor":6.0,"key":"SteroidPotion"},{"floor":8.0,"key":"SkillPotion"},{"floor":13.0,"key":"Weak Potion"}],"is_trial":false,"path_per_floor":["M","?","?","M","?","E","$","E","T","R","T","M","E","M","R","B",null,"M"],"character_chosen":"IRONCLAD","items_purchased":[],"campfire_rested":1,"item_purchase_floors":[],"current_hp_per_floor":[74,67,41,47,47,53,53,29,29,51,51,57,55,61,61,47,68,68],"gold":357,"neow_bonus":"THREE_ENEMY_KILL","is_prod":false,"is_daily":false,"chose_seed":false,"campfire_upgraded":1,"win_rate":0,"timestamp":1557989584,"path_taken":["M","?","?","M","?","E","$","E","T","R","?","M","E","M","R","BOSS","M"],"build_version":"2019-01-23","purchased_purges":1,"victory":false,"max_hp_per_floor":[75,75,75,75,75,75,75,75,75,75,75,75,75,75,75,75,75,75],"card_choices":[{"not_picked":["Perfected Strike","Searing Blow"],"picked":"Thunderclap","floor":1.0},{"not_picked":["Cleave","Sword Boomerang"],"picked":"Iron Wave","floor":4.0},{"not_picked":["Rupture","Sword Boomerang","True Grit"],"picked":"SKIP","floor":6.0},{"not_picked":["Armaments","Spot Weakness"],"picked":"Battle Trance","floor":8.0},{"not_picked":["Carnage","Clothesline"],"picked":"Anger","floor":12.0},{"not_picked":["Thunderclap","Dual Wield+1"],"picked":"Demon Form","floor":13.0},{"not_picked":["Flex+1","Clash"],"picked":"Shrug It Off+1","floor":14.0},{"not_picked":["Immolate","Brutality"],"picked":"Demon Form","floor":16.0}],"player_experience":769721,"relics_obtained":[{"floor":6.0,"key":"Du-Vu Doll"},{"floor":8.0,"key":"Gremlin Horn"},{"floor":9.0,"key":"Toxic Egg 2"},{"floor":11.0,"key":"Dodecahedron"},{"floor":13.0,"key":"Juzu Bracelet"}],"event_choices":[{"cards_removed":["Strike_R"],"damage_healed":0.0,"max_hp_gain":0.0,"max_hp_loss":0.0,"gold_gain":0.0,"event_name":"Golden Wing","player_choice":"Card Removal","floor":2.0,"gold_loss":0.0,"damage_taken":7.0},{"damage_healed":0.0,"max_hp_gain":0.0,"max_hp_loss":0.0,"gold_gain":0.0,"event_name":"Golden Idol","player_choice":"Take Damage","floor":3.0,"gold_loss":0.0,"damage_taken":26.0,"relics_obtained":["Golden Idol"]},{"damage_healed":0.0,"max_hp_gain":0.0,"max_hp_loss":0.0,"gold_gain":0.0,"event_name":"Big Fish","player_choice":"Box","floor":5.0,"gold_loss":0.0,"damage_taken":0.0,"relics_obtained":["Ancient Tea Set"],"cards_obtained":["Regret"]}],"is_beta":false,"boss_relics":[{"not_picked":["Runic Pyramid","Black Star"],"picked":"Black Blood"}],"items_purged_floors":[7],"is_endless":false,"potions_floor_spawned":[6,8,13],"killed_by":"2 Thieves","ascension_level":18}