{"gold_per_floor":[111,111,186,200,200,200,236,236,309,344,359,380,380,395,395,490,490,410,410,410,19,19,19,19,19],"floor_reached":25,"playtime":1839,"items_purged":["Strike_G"],"score":512,"play_id":"f9cd0185-5f61-4df6-bfed-d719bb5e9f4e","local_time":"20190522173143","is_ascension_mode":true,"campfire_choices":[{"floor":6,"key":"REST"},{"data":"Dagger Spray","floor":8,"key":"SMITH"},{"floor":13,"key":"REST"},{"data":"Noxious Fumes","floor":15,"key":"SMITH"},{"floor":24,"key":"REST"}],"neow_cost":"NONE","seed_source_timestamp":619889225684030,"circlet_count":0,"master_deck":["AscendersBane","Defend_G","Defend_G","Defend_G","Defend_G","Defend_G","Strike_G","Strike_G","Strike_G","Strike_G","Survivor","Neutralize","PiercingWail","Well Laid Plans","Dagger Spray+1","Escape Plan","Predator+1","Riddle With Holes+1","Noxious Fumes+1","Grand Finale+1","Dagger Throw+1","Noxious Fumes","RitualDagger+1","Skewer+1","Grand Finale+1"],"relics":["Ring of the Snake","NeowsBlessing","Blood Vial","Golden Idol","Strawberry","Molten Egg 2","Ninja Scroll","Ectoplasm","ClockworkSouvenir","Shovel"],"potions_floor_usage":[10,16,18,23,23],"damage_taken":[{"damage":0,"enemies":"Cultist","floor":1,"turns":1},{"damage":0,"enemies":"2 Louse","floor":4,"turns":1},{"damage":0,"enemies":"Lagavulin","floor":7,"turns":1},{"damage":58,"enemies":"Gremlin Nob","floor":10,"turns":6},{"damage":0,"enemies":"Small Slimes","floor":11,"turns":3},{"damage":4,"enemies":"Exordium Wildlife","floor":12,"turns":4},{"damage":0,"enemies":"3 Louse","floor":14,"turns":3},{"damage":20,"enemies":"The Guardian","floor":16,"turns":11},{"damage":6,"enemies":"2 Thieves","floor":18,"turns":5},{"damage":6,"enemies":"Spheric Guardian","floor":19,"turns":4},{"damage":21,"enemies":"Shelled Parasite and Fungi","floor":22,"turns":5},{"damage":15,"enemies":"Gremlin Leader","floor":23,"turns":4},{"damage":36,"enemies":"Book of Stabbing","floor":25,"turns":3}],"seed_played":"2628370173284627837","potions_obtained":[{"floor":7,"key":"Regen Potion"},{"floor":10,"key":"Strength Potion"},{"floor":11,"key":"GhostInAJar"},{"floor":22,"key":"AttackPotion"}],"is_trial":false,"path_per_floor":["M","?","?","M","?","R","E","R","T","E","M","M","R","M","R","B",null,"M","M","?","$","M","E","R","E"],"character_chosen":"THE_SILENT","items_purchased":["ClockworkSouvenir","FearPotion","Skewer+1"],"campfire_rested":3,"item_purchase_floors":[21,21,21],"current_hp_per_floor":[59,54,43,45,22,41,50,50,50,9,11,9,30,32,32,14,58,54,50,44,44,25,12,33,0],"gold":19,"neow_bonus":"THREE_ENEMY_KILL","is_prod":false,"is_daily":false,"chose_seed":false,"campfire_upgraded":2,"win_rate":0,"timestamp":1558539103,"path_taken":["M","?","?","M","?","R","E","R","T","E","M","M","R","?","R","BOSS","M","M","?","$","M","E","R","E"],"build_version":"2019-01-23","purchased_purges":1,"victory":false,"max_hp_per_floor":[66,66,66,66,66,66,73,73,73,73,73,73,73,73,73,73,73,73,73,73,73,73,73,73,73],"card_choices":[{"not_picked":["Outmaneuver","Infinite Blades"],"picked":"PiercingWail","floor":1},{"not_picked":["Escape Plan","Prepared"],"picked":"Well Laid Plans","floor":4},{"not_picked":["Dodge and Roll","Heel Hook"],"picked":"Dagger Spray","floor":7},{"not_picked":["Deflect","Bane+1"],"picked":"Escape Plan","floor":10},{"not_picked":["Catalyst","Underhanded Strike+1"],"picked":"Predator+1","floor":11},{"not_picked":["Setup","Deflect"],"picked":"Riddle With Holes+1","floor":12},{"not_picked":["Underhanded Strike+1","Slice+1"],"picked":"Noxious Fumes","floor":14},{"not_picked":["Unload+1","Phantasmal Killer"],"picked":"Grand Finale+1","floor":16},{"not_picked":["Dagger Spray+1","Predator+1"],"picked":"Dagger Throw+1","floor":18},{"not_picked":["Bane+1","Sucker Punch+1"],"picked":"Noxious Fumes","floor":19},{"not_picked":["Dagger Throw+1","Poisoned Stab+1"],"picked":"Grand Finale+1","floor":22},{"not_picked":["Dodge and Roll","Distraction+1","Quick Slash+1"],"picked":"SKIP","floor":23}],"player_experience":2743335,"relics_obtained":[{"floor":7,"key":"Strawberry"},{"floor":9,"key":"Molten Egg 2"},{"floor":10,"key":"Ninja Scroll"},{"floor":23,"key":"Shovel"}],"event_choices":[{"damage_healed":0,"gold_gain":0,"player_choice":"Success","damage_taken":5,"relics_obtained":["Blood Vial"],"max_hp_gain":0,"max_hp_loss":0,"event_name":"Scrap Ooze","floor":2,"gold_loss":0},{"damage_healed":0,"gold_gain":75,"player_choice":"Gather Gold","damage_taken":11,"max_hp_gain":0,"max_hp_loss":0,"event_name":"World of Goop","floor":3,"gold_loss":0},{"damage_healed":0,"gold_gain":0,"player_choice":"Take Damage","damage_taken":23,"relics_obtained":["Golden Idol"],"max_hp_gain":0,"max_hp_loss":0,"event_name":"Golden Idol","floor":5,"gold_loss":0},{"damage_healed":0,"gold_gain":0,"player_choice":"Joined the Cult","damage_taken":6,"max_hp_gain":0,"max_hp_loss":0,"event_name":"Nest","floor":20,"gold_loss":0,"cards_obtained":["RitualDagger"]}],"is_beta":false,"boss_relics":[{"not_picked":["Black Star","Ring of the Serpent"],"picked":"Ectoplasm"}],"items_purged_floors":[21],"is_endless":false,"potions_floor_spawned":[7,10,11,14,22],"killed_by":"Book of Stabbing","ascension_level":20}