{"gold_per_floor":[219,219,1,76,94,121,121,156,156,49,69,89,89,100,100,172,172,189,189,189,200,24,57,69,111,147,187,210,222],"floor_reached":29,"playtime":1880,"items_purged":["Pain"],"score":582,"play_id":"201b5ab2-1295-40bb-b417-feaa3833ce18","local_time":"20190310142837","is_ascension_mode":true,"campfire_choices":[{"floor":7.0,"key":"REST"},{"floor":13.0,"key":"REST"},{"data":"Corruption","floor":15.0,"key":"SMITH"},{"floor":24.0,"key":"REST"}],"neow_cost":"NONE","seed_source_timestamp":76487209013573,"circlet_count":0,"master_deck":["AscendersBane","Strike_R","Strike_R","Strike_R","Strike_R","Strike_R","Defend_R","Defend_R","Defend_R","Defend_R","Bash","Uppercut+1","Combust","The Bomb","Rampage","Flame Barrier","Corruption+1","Feel No Pain","Headbutt","Exhume","Flex","Body Slam+1","PanicButton","Offering","Intimidate","Pommel Strike"],"special_seed":0,"relics":["Burning Blood","Sundial","Kunai","Pen Nib","Black Star","MutagenicStrength","WarpedTongs","MawBank","The Courier","Singing Bowl","Vajra","Centennial Puzzle","Mercury Hourglass","Shuriken"],"potions_floor_usage":[],"damage_taken":[{"damage":9.0,"enemies":"Jaw Worm","floor":1.0,"turns":4.0},{"damage":7.0,"enemies":"2 Louse","floor":5.0,"turns":3.0},{"damage":25.0,"enemies":"3 Sentries","floor":6.0,"turns":5.0},{"damage":13.0,"enemies":"Lagavulin","floor":8.0,"turns":7.0},{"damage":4.0,"enemies":"Cultist","floor":11.0,"turns":4.0},{"damage":30.0,"enemies":"Exordium Thugs","floor":12.0,"turns":5.0},{"damage":8.0,"enemies":"Looter","floor":14.0,"turns":4.0},{"damage":36.0,"enemies":"Slime Boss","floor":16.0,"turns":8.0},{"damage":7.0,"enemies":"3 Byrds","floor":18.0,"turns":4.0},{"damage":0.0,"enemies":"Chosen","floor":21.0,"turns":4.0},{"damage":35.0,"enemies":"Book of Stabbing","floor":23.0,"turns":4.0},{"damage":39.0,"enemies":"Slavers","floor":25.0,"turns":5.0},{"damage":22,"enemies":"Gremlin Leader","floor":27,"turns":5},{"damage":8,"enemies":"3 Cultists","floor":28,"turns":3},{"damage":11,"enemies":"Snake Plant","floor":29,"turns":1}],"seed_played":"-693297575328754114","potions_obtained":[{"floor":8.0,"key":"Fire Potion"},{"floor":11.0,"key":"GamblersBrew"},{"floor":12.0,"key":"PowerPotion"},{"floor":16.0,"key":"Fire Potion"},{"floor":23.0,"key":"Ancient Potion"}],"is_trial":false,"path_per_floor":["M","?","$","?","M","E","R","E","T","$","M","M","R","M","R","B",null,"M","?","?","M","$","E","R","E","T","E","M","M"],"character_chosen":"IRONCLAD","items_purchased":["Combust","The Bomb","Feel No Pain","Headbutt","PanicButton"],"campfire_rested":3,"item_purchase_floors":[3,3,10,10,22],"current_hp_per_floor":[65,65,65,54,53,34,56,49,49,49,51,27,49,47,47,17,61,60,60,60,66,66,37,59,26,26,12,10,0],"gold":222,"neow_bonus":"HUNDRED_GOLD","is_prod":false,"is_daily":false,"chose_seed":false,"campfire_upgraded":1,"win_rate":0,"timestamp":1552224517,"path_taken":["M","?","$","?","M","E","R","E","T","?","?","M","R","M","R","BOSS","M","?","?","?","$","E","R","E","T","E","M","M"],"build_version":"2019-01-23","purchased_purges":1,"victory":false,"max_hp_per_floor":[75,75,75,75,75,75,75,75,75,75,75,75,75,75,75,75,75,75,75,75,75,75,75,75,75,75,77,77,77],"card_choices":[{"not_picked":["Sword Boomerang","Anger"],"picked":"Uppercut","floor":1.0},{"not_picked":["Warcry","Body Slam"],"picked":"Rampage","floor":5.0},{"not_picked":["Armaments","Clothesline"],"picked":"Flame Barrier","floor":6.0},{"not_picked":["Limit Break","Evolve"],"picked":"Corruption","floor":8.0},{"not_picked":["Body Slam","Searing Blow","Headbutt"],"picked":"SKIP","floor":11.0},{"not_picked":["Dual Wield","Sever Soul","Wild Strike"],"picked":"SKIP","floor":12.0},{"not_picked":["Rampage","Wild Strike","Iron Wave"],"picked":"SKIP","floor":14.0},{"not_picked":["Brutality","Berserk"],"picked":"Exhume","floor":16.0},{"not_picked":["Thunderclap","Cleave"],"picked":"Flex","floor":18.0},{"not_picked":["True Grit","Warcry"],"picked":"Body Slam+1","floor":21.0},{"not_picked":["Clothesline","Hemokinesis"],"picked":"Offering","floor":23.0},{"not_picked":["Clash","Body Slam"],"picked":"Intimidate","floor":25.0},{"not_picked":["Cleave","Warcry","Barricade"],"picked":"Singing Bowl","floor":27},{"not_picked":["Flex+1","Heavy Blade"],"picked":"Pommel Strike","floor":28}],"player_experience":1982609,"relics_obtained":[{"floor":6.0,"key":"Sundial"},{"floor":8.0,"key":"Kunai"},{"floor":9.0,"key":"Pen Nib"},{"floor":23.0,"key":"MawBank"},{"floor":23.0,"key":"The Courier"},{"floor":25.0,"key":"Singing Bowl"},{"floor":25.0,"key":"Vajra"},{"floor":26.0,"key":"Centennial Puzzle"},{"floor":27,"key":"Mercury Hourglass"},{"floor":27,"key":"Shuriken"}],"event_choices":[{"damage_healed":0.0,"max_hp_gain":0.0,"max_hp_loss":0.0,"gold_gain":0.0,"event_name":"Living Wall","player_choice":"Grow","floor":2.0,"gold_loss":0.0,"damage_taken":0.0,"cards_upgraded":["Uppercut"]},{"damage_healed":0.0,"max_hp_gain":0.0,"max_hp_loss":0.0,"gold_gain":75.0,"event_name":"World of Goop","player_choice":"Gather Gold","floor":4.0,"gold_loss":0.0,"damage_taken":11.0},{"damage_healed":0.0,"max_hp_gain":0.0,"max_hp_loss":0.0,"gold_gain":0.0,"event_name":"Drug Dealer","player_choice":"Inject Mutagens","floor":19.0,"gold_loss":0.0,"damage_taken":0.0,"relics_obtained":["MutagenicStrength"]},{"damage_healed":0.0,"max_hp_gain":0.0,"max_hp_loss":0.0,"gold_gain":0.0,"event_name":"Accursed Blacksmith","player_choice":"Rummage","floor":20.0,"gold_loss":0.0,"damage_taken":0.0,"relics_obtained":["WarpedTongs"],"cards_obtained":["Pain"]}],"is_beta":false,"boss_relics":[{"not_picked":["Fusion Hammer","Tiny House"],"picked":"Black Star"}],"items_purged_floors":[22],"is_endless":false,"potions_floor_spawned":[8,11,12,14,16,18,23],"killed_by":"Snake Plant","ascension_level":20}