{"gold_per_floor":[19,34,52,72,89,89,120,120,146,146],"floor_reached":10,"playtime":5674,"items_purged":[],"score":140,"play_id":"a121768f-3ca0-4b9a-9153-1d9b8779e406","local_time":"20190301210632","is_ascension_mode":true,"campfire_choices":[{"data":"Neutralize","floor":6,"key":"SMITH"},{"floor":8,"key":"REST"}],"neow_cost":"NO_GOLD","seed_source_timestamp":856890607083916,"circlet_count":0,"master_deck":["AscendersBane","Defend_G","Defend_G","Defend_G","Defend_G","Defend_G","Strike_G","Strike_G","Strike_G","Strike_G","Strike_G","Survivor","Neutralize+1","Predator","Deadly Poison","Dagger Throw","Poisoned Stab","Well Laid Plans"],"relics":["Ring of the Snake","Bottled Flame","Smiling Mask"],"potions_floor_usage":[5,10,10],"damage_taken":[{"damage":0,"enemies":"Cultist","floor":1,"turns":4},{"damage":7,"enemies":"Small Slimes","floor":2,"turns":3},{"damage":13,"enemies":"Jaw Worm","floor":3,"turns":5},{"damage":1,"enemies":"Looter","floor":4,"turns":4},{"damage":7,"enemies":"Gremlin Gang","floor":5,"turns":5},{"damage":39,"enemies":"3 Sentries","floor":7,"turns":12},{"damage":47,"enemies":"Gremlin Nob","floor":10,"turns":4}],"seed_played":"-3363749148349736272","potions_obtained":[{"floor":3,"key":"EssenceOfSteel"},{"floor":4,"key":"Energy Potion"},{"floor":5,"key":"Regen Potion"}],"is_trial":false,"path_per_floor":["M","M","M","M","M","R","E","R","T","E"],"character_chosen":"THE_SILENT","items_purchased":[],"campfire_rested":1,"item_purchase_floors":[],"current_hp_per_floor":[71,64,51,50,43,43,4,27,27,0],"gold":146,"neow_bonus":"TWENTY_PERCENT_HP_BONUS","is_prod":false,"is_daily":false,"chose_seed":false,"campfire_upgraded":1,"win_rate":0,"timestamp":1551470792,"path_taken":["M","M","M","M","?","R","E","R","T","E"],"build_version":"2019-01-23","purchased_purges":0,"victory":false,"max_hp_per_floor":[78,78,78,78,78,78,78,78,78,78],"card_choices":[{"not_picked":["Quick Slash","Sucker Punch"],"picked":"Predator","floor":1},{"not_picked":["Distraction","Catalyst","Slice"],"picked":"SKIP","floor":2},{"not_picked":["Prepared","Acrobatics"],"picked":"Deadly Poison","floor":3},{"not_picked":["Reflex","Tactician"],"picked":"Dagger Throw","floor":4},{"not_picked":["Finisher","Setup"],"picked":"Poisoned Stab","floor":5},{"not_picked":["Poisoned Stab","Accuracy"],"picked":"Well Laid Plans","floor":7}],"player_experience":1842512,"relics_obtained":[{"floor":7,"key":"Bottled Flame"},{"floor":9,"key":"Smiling Mask"}],"event_choices":[],"is_beta":false,"boss_relics":[],"items_purged_floors":[],"is_endless":false,"potions_floor_spawned":[3,4,5],"killed_by":"Gremlin Nob","ascension_level":20}