{"gold_per_floor":[131,103,127,157,187,227,259,271,283,323,351,391,414,132,132,229,229,247,147,147,163,174,208,208,236,260,271,271,298,317,340,340,445,445,464,464,477,128,139,165,165,194,194,194,228,242,242,242,242,242,242,242,8,33,33],"floor_reached":56,"playtime":3876,"items_purged":["Strike_G","Strike_G","Strike_G"],"score":1417,"play_id":"08708de3-11ba-4502-a658-64e735ac6c3e","local_time":"20190525144846","is_ascension_mode":false,"campfire_choices":[{"data":"Neutralize","floor":8,"key":"SMITH"},{"data":"Deadly Poison","floor":15,"key":"SMITH"},{"data":"Skewer","floor":24,"key":"SMITH"},{"data":"Well Laid Plans","floor":28,"key":"SMITH"},{"data":"Leg Sweep","floor":32,"key":"SMITH"},{"data":"Burst","floor":41,"key":"SMITH"},{"data":"Noxious Fumes","floor":44,"key":"SMITH"},{"floor":49,"key":"RECALL"},{"data":"After Image","floor":52,"key":"SMITH"}],"neow_cost":"NONE","seed_source_timestamp":0,"circlet_count":0,"master_deck":["Defend_G","Defend_G","Defend_G","Defend_G","Defend_G","Strike_G+1","Strike_G","Survivor","Neutralize+1","Quick Slash+1","Deadly Poison+1","Caltrops","Backstab","Sucker Punch+1","Backflip","Glass Knife+1","Backflip+1","Well Laid Plans+1","Deflect+1","Deadly Poison","Leg Sweep+1","Burst+1","Noxious Fumes+1","After Image+1","Dodge and Roll+1","Escape Plan+1","Blur","Backflip+1","Wraith Form v2+1","Footwork+1","Crippling Poison","Dark Shackles","Backflip+1"],"special_seed":0,"relics":["Ring of the Snake","MawBank","Bottled Flame","Lantern","Blood Vial","Molten Egg 2","Art of War","Runic Dome","Matryoshka","Strawberry","Bag of Preparation","Centennial Puzzle","Ice Cream","Anchor","Happy Flower","Black Star","Membership Card","Mercury Hourglass","The Courier","Omamori","Letter Opener","PreservedInsect","Dream Catcher","Frozen Egg 2","TwistedFunnel","Whetstone","Turnip"],"potions_floor_usage":[10,10,10,12,16,25,48,55,55],"damage_taken":[{"damage":0.0,"enemies":"Jaw Worm","floor":1.0,"turns":5.0},{"damage":0.0,"enemies":"Cultist","floor":3.0,"turns":4.0},{"damage":0.0,"enemies":"Small Slimes","floor":4.0,"turns":3.0},{"damage":7.0,"enemies":"Exordium Wildlife","floor":5.0,"turns":7.0},{"damage":32.0,"enemies":"Lagavulin","floor":6.0,"turns":11.0},{"damage":3,"enemies":"2 Fungi Beasts","floor":7,"turns":3},{"damage":13,"enemies":"Gremlin Nob","floor":10,"turns":4},{"damage":0,"enemies":"Looter","floor":11,"turns":3},{"damage":8,"enemies":"Lagavulin","floor":12,"turns":5},{"damage":0,"enemies":"Blue Slaver","floor":13,"turns":2},{"damage":13,"enemies":"The Guardian","floor":16,"turns":11},{"damage":0,"enemies":"3 Byrds","floor":18,"turns":4},{"damage":9,"enemies":"2 Thieves","floor":21,"turns":3},{"damage":0,"enemies":"Centurion and Healer","floor":22,"turns":8},{"damage":1,"enemies":"Book of Stabbing","floor":23,"turns":5},{"damage":9,"enemies":"Gremlin Leader","floor":25,"turns":9},{"damage":1,"enemies":"Snecko","floor":27,"turns":4},{"damage":6,"enemies":"Slavers","floor":29,"turns":5},{"damage":0,"enemies":"Cultist and Chosen","floor":30,"turns":5},{"damage":31,"enemies":"Champ","floor":33,"turns":15},{"damage":0,"enemies":"3 Shapes","floor":35,"turns":7},{"damage":0,"enemies":"Orb Walker","floor":37,"turns":3},{"damage":0,"enemies":"Transient","floor":39,"turns":5},{"damage":0,"enemies":"Giant Head","floor":40,"turns":8},{"damage":10,"enemies":"Reptomancer","floor":42,"turns":9},{"damage":2,"enemies":"Nemesis","floor":45,"turns":7},{"damage":0,"enemies":"4 Shapes","floor":46,"turns":5},{"damage":0,"enemies":"Donu and Deca","floor":50,"turns":13},{"damage":6,"enemies":"Shield and Spear","floor":54,"turns":7},{"damage":10,"enemies":"The Heart","floor":55,"turns":13}],"seed_played":"4723914837313844936","potions_obtained":[{"floor":2.0,"key":"GamblersBrew"},{"floor":2.0,"key":"EntropicBrew"},{"floor":2.0,"key":"Swift Potion"},{"floor":3.0,"key":"GhostInAJar"},{"floor":4.0,"key":"LiquidBronze"},{"floor":7,"key":"Dexterity Potion"},{"floor":12,"key":"EssenceOfSteel"},{"floor":16,"key":"Regen Potion"},{"floor":22,"key":"SpeedPotion"},{"floor":29,"key":"FearPotion"},{"floor":33,"key":"Ancient Potion"},{"floor":46,"key":"Fruit Juice"}],"is_trial":false,"path_per_floor":["M","?","M","M","M","E","M","R","T","E","M","E","M","$","R","B",null,"M","$","?","M","M","E","R","E","T","M","R","E","M","T","R","B",null,"M","?","M","$","M","E","R","E","T","R","E","M","?","T","R","B",null,"R","$","E","B",null],"character_chosen":"THE_SILENT","items_purchased":["Backflip","Dexterity Potion","Art of War","Membership Card","After Image","Wraith Form v2+1","Footwork+1","TwistedFunnel","Crippling Poison","Dark Shackles"],"campfire_rested":0,"item_purchase_floors":[14,14,14,38,38,53,53,53,53,53],"current_hp_per_floor":[70,70,70,70,63,31,28,28,28,15,17,11,13,13,13,2,70,70,70,70,61,63,64,64,64,64,65,65,61,63,63,63,34,77,77,77,77,77,77,77,77,67,67,67,67,69,69,74,74,76,82,82,82,76,68],"gold":33,"neow_bonus":"RANDOM_COMMON_RELIC","is_prod":false,"is_daily":false,"chose_seed":true,"campfire_upgraded":8,"win_rate":0,"timestamp":1558788526,"path_taken":["M","?","?","M","M","E","M","R","T","E","M","E","M","?","R","BOSS","M","?","?","M","M","E","R","E","T","M","R","E","M","?","R","BOSS","M","?","M","$","M","E","R","E","T","R","E","M","?","?","R","BOSS","R","$","E","BOSS"],"build_version":"2019-01-23","purchased_purges":3,"victory":true,"max_hp_per_floor":[70,70,70,70,70,70,70,70,70,70,70,70,70,70,70,70,70,70,70,70,70,70,70,70,77,77,77,77,77,77,77,77,77,77,77,77,77,77,77,77,77,77,77,77,77,77,77,82,82,82,82,82,82,82,82],"card_choices":[{"not_picked":["Slice","Distraction","Eviscerate"],"picked":"SKIP","floor":1.0},{"not_picked":["Slice","Cloak And Dagger"],"picked":"Quick Slash","floor":3.0},{"not_picked":["Slice","Reflex"],"picked":"Skewer","floor":4.0},{"not_picked":["Backstab","Cloak And Dagger"],"picked":"Deadly Poison","floor":5.0},{"not_picked":["Outmaneuver","Slice"],"picked":"Caltrops","floor":6.0},{"not_picked":["Quick Slash","Reflex","Slice"],"picked":"SKIP","floor":7},{"not_picked":["Dagger Spray","Skewer"],"picked":"Backstab","floor":10},{"not_picked":["Dagger Spray","Slice","Blade Dance"],"picked":"SKIP","floor":11},{"not_picked":["Dagger Spray","Slice","Blade Dance"],"picked":"SKIP","floor":11},{"not_picked":["Tools of the Trade","Night Terror","Underhanded Strike"],"picked":"SKIP","floor":12},{"not_picked":["Quick Slash+1","Eviscerate+1"],"picked":"Sucker Punch+1","floor":13},{"not_picked":["Wraith Form v2","Phantasmal Killer"],"picked":"Glass Knife+1","floor":16},{"not_picked":["Slice+1","Dagger Throw+1","Underhanded Strike+1"],"picked":"SKIP","floor":18},{"not_picked":["Caltrops","Quick Slash+1"],"picked":"Backflip+1","floor":21},{"not_picked":["Reflex","Cloak And Dagger+1"],"picked":"Well Laid Plans","floor":22},{"not_picked":["Outmaneuver","Underhanded Strike+1"],"picked":"Deflect+1","floor":23},{"not_picked":["Dagger Throw+1","Cloak And Dagger","Calculated Gamble"],"picked":"SKIP","floor":25},{"not_picked":["Caltrops","Riddle With Holes+1"],"picked":"Deadly Poison","floor":27},{"not_picked":["Corpse Explosion","Dodge and Roll"],"picked":"Leg Sweep","floor":29},{"not_picked":["Quick Slash+1","Dagger Spray+1","Slice+1"],"picked":"SKIP","floor":30},{"not_picked":["Tools of the Trade","Night Terror"],"picked":"Burst","floor":33},{"not_picked":["Outmaneuver+1","Dagger Spray+1"],"picked":"Noxious Fumes","floor":35},{"not_picked":["Blade Dance","Deadly Poison+1","Backflip"],"picked":"SKIP","floor":37},{"not_picked":["Well Laid Plans","Outmaneuver+1","Flying Knee+1"],"picked":"SKIP","floor":39},{"not_picked":["Dagger Throw+1","All Out Attack+1"],"picked":"Dodge and Roll+1","floor":40},{"not_picked":["Skewer+1","Flying Knee+1"],"picked":"Escape Plan+1","floor":42},{"not_picked":["Bane+1","Riddle With Holes+1"],"picked":"Blur","floor":45},{"not_picked":["Blade Dance+1","Envenom"],"picked":"Backflip+1","floor":46},{"not_picked":["Slice+1","Underhanded Strike+1"],"picked":"Backflip+1","floor":54}],"player_experience":2067245,"relics_obtained":[{"floor":6.0,"key":"Bottled Flame"},{"floor":9,"key":"Lantern"},{"floor":10,"key":"Blood Vial"},{"floor":12,"key":"Molten Egg 2"},{"floor":23,"key":"Matryoshka"},{"floor":25,"key":"Strawberry"},{"floor":26,"key":"Bag of Preparation"},{"floor":26,"key":"Centennial Puzzle"},{"floor":29,"key":"Ice Cream"},{"floor":31,"key":"Anchor"},{"floor":31,"key":"Happy Flower"},{"floor":40,"key":"Mercury Hourglass"},{"floor":40,"key":"The Courier"},{"floor":42,"key":"Omamori"},{"floor":42,"key":"Letter Opener"},{"floor":45,"key":"PreservedInsect"},{"floor":45,"key":"Dream Catcher"},{"floor":48,"key":"Frozen Egg 2"},{"floor":54,"key":"Whetstone"},{"floor":54,"key":"Turnip"}],"event_choices":[{"damage_healed":0.0,"max_hp_gain":0.0,"max_hp_loss":0.0,"gold_gain":0.0,"event_name":"The Woman in Blue","player_choice":"Bought 3 Potions","floor":2.0,"gold_loss":0.0,"damage_taken":0.0},{"damage_healed":0,"gold_gain":0,"player_choice":"Ignored","damage_taken":0,"max_hp_gain":0,"max_hp_loss":0,"event_name":"Vampires","floor":20,"gold_loss":0},{"damage_healed":0,"gold_gain":0,"player_choice":"Ignored","damage_taken":0,"max_hp_gain":0,"max_hp_loss":0,"event_name":"Tomb of Lord Red Mask","floor":36,"gold_loss":0},{"cards_removed":["Skewer"],"damage_healed":0,"gold_gain":0,"player_choice":"Removed Attack","damage_taken":0,"max_hp_gain":0,"max_hp_loss":0,"event_name":"Falling","floor":47,"gold_loss":0}],"is_beta":false,"boss_relics":[{"not_picked":["Ring of the Serpent","Orrery"],"picked":"Runic Dome"},{"not_picked":["Pandora\u0027s Box","Busted Crown"],"picked":"Black Star"}],"items_purged_floors":[14,19,38],"is_endless":false,"potions_floor_spawned":[3,4,7,12,16,22,23,29,30,33,35,37,45,46],"ascension_level":0}