{"gold_per_floor":[114,128,128,138,158,193,193,204,231,231],"floor_reached":10,"playtime":606,"items_purged":[],"score":140,"play_id":"e7e1b34c-8c01-4572-9b57-bbddf5a3e85d","local_time":"20181120071746","is_ascension_mode":true,"campfire_choices":[{"data":"Neutralize","floor":7.0,"key":"SMITH"}],"neow_cost":"NONE","seed_source_timestamp":47070483814642,"circlet_count":0,"master_deck":["AscendersBane","Defend_G","Defend_G","Defend_G","Defend_G","Defend_G","Strike_G","Strike_G","Strike_G","Strike_G","Survivor","Neutralize+1","Flying Knee","Slice","Cloak And Dagger","Dagger Spray","Sucker Punch","All Out Attack"],"special_seed":0,"relics":["Eternal Feather","Bronze Scales","Juzu Bracelet"],"potions_floor_usage":[],"damage_taken":[{"damage":7.0,"enemies":"Jaw Worm","floor":1.0,"turns":4.0},{"damage":5.0,"enemies":"2 Louse","floor":2.0,"turns":4.0},{"damage":1.0,"enemies":"Small Slimes","floor":4.0,"turns":4.0},{"damage":1.0,"enemies":"Exordium Wildlife","floor":5.0,"turns":7.0},{"damage":3.0,"enemies":"Gremlin Nob","floor":6.0,"turns":3.0},{"damage":13.0,"enemies":"Gremlin Gang","floor":8.0,"turns":4.0},{"damage":38,"enemies":"Lagavulin","floor":10,"turns":10}],"seed_played":"1435612408613639362","potions_obtained":[{"floor":2.0,"key":"Explosive Potion"},{"floor":4.0,"key":"Fire Potion"},{"floor":5.0,"key":"FearPotion"}],"is_trial":false,"path_per_floor":["M","M","?","M","M","E","R","M","T","E"],"character_chosen":"THE_SILENT","items_purchased":[],"campfire_rested":0,"item_purchase_floors":[],"current_hp_per_floor":[52,47,40,39,38,35,44,31,31,0],"gold":231,"neow_bonus":"BOSS_RELIC","is_prod":false,"is_daily":false,"chose_seed":false,"campfire_upgraded":1,"win_rate":0,"timestamp":1542694666,"path_taken":["M","M","?","M","M","E","R","M","T","E"],"build_version":"2018-11-15","purchased_purges":0,"victory":false,"max_hp_per_floor":[66,66,66,66,66,66,66,66,66,66],"card_choices":[{"not_picked":["PiercingWail","Calculated Gamble"],"picked":"Flying Knee","floor":1.0},{"not_picked":["Poisoned Stab","Concentrate"],"picked":"Slice","floor":2.0},{"not_picked":["Backflip","Blade Dance"],"picked":"Cloak And Dagger","floor":4.0},{"not_picked":["Prepared","Bane"],"picked":"Dagger Spray","floor":5.0},{"not_picked":["Slice","Setup"],"picked":"Sucker Punch","floor":6.0},{"not_picked":["Masterful Stab","PiercingWail"],"picked":"All Out Attack","floor":8.0}],"player_experience":1072574,"relics_obtained":[{"floor":6.0,"key":"Bronze Scales"},{"floor":9.0,"key":"Juzu Bracelet"}],"event_choices":[{"cards_removed":["Strike_G"],"damage_healed":0.0,"max_hp_gain":0.0,"max_hp_loss":0.0,"gold_gain":0.0,"event_name":"Golden Wing","player_choice":"Card Removal","floor":3.0,"gold_loss":0.0,"damage_taken":7.0}],"is_beta":true,"boss_relics":[],"items_purged_floors":[],"is_endless":false,"potions_floor_spawned":[2,4,5],"killed_by":"Lagavulin","ascension_level":20}