{"gold_per_floor":[113,130,148,165,178,178,207,227,227,227,242,242,242,116,116,220,220,235,101,101,101,116,116,134,134,182,182,182,196,196,208,208,311,311,325,325,425,439,454,454,1,11,36,36,48,67,67,84,84,84],"floor_reached":50,"playtime":3276,"items_purged":["Strike_R","Strike_R"],"score":448,"play_id":"a5a598c7-bcf1-454b-a2a1-ab5832e7c63d","local_time":"20190524232726","is_ascension_mode":false,"campfire_choices":[{"data":"Whirlwind","floor":6.0,"key":"SMITH"},{"data":"Pommel Strike","floor":10.0,"key":"SMITH"},{"data":"Cleave","floor":13.0,"key":"SMITH"},{"floor":15.0,"key":"REST"},{"data":"Shrug It Off","floor":23.0,"key":"SMITH"},{"data":"Infernal Blade","floor":25.0,"key":"SMITH"},{"data":"Body Slam","floor":28.0,"key":"SMITH"},{"data":"Shrug It Off","floor":30.0,"key":"SMITH"},{"data":"Fiend Fire","floor":32.0,"key":"SMITH"},{"floor":40.0,"key":"REST"},{"floor":44.0,"key":"REST"},{"floor":49.0,"key":"REST"}],"neow_cost":"NONE","seed_source_timestamp":0,"circlet_count":0,"master_deck":["Defend_R","Defend_R","Defend_R","Defend_R","Bash+1","Body Slam+1","Pommel Strike+1","Flex","Twin Strike","Whirlwind+1","Cleave+1","Clash","Anger","Shrug It Off+1","Fiend Fire+1","Infernal Blade+1","Second Wind","RitualDagger+1","Twin Strike+1","Sword Boomerang+1","Iron Wave+1","Demon Form+1","Entrench+1","Limit Break+1","Dual Wield+1","Iron Wave+1","Ghostly Armor+1","Cleave+1","Thunderclap+1","Shrug It Off+1","Body Slam+1","Barricade+1","Sword Boomerang+1"],"special_seed":0,"relics":["Burning Blood","Whetstone","Frozen Egg 2","Thread and Needle","Sozu","Molten Egg 2","Anchor","Astrolabe","Torii","Mango","Boot","Red Skull"],"potions_floor_usage":[50],"damage_taken":[{"damage":5.0,"enemies":"Small Slimes","floor":1.0,"turns":3.0},{"damage":4.0,"enemies":"Cultist","floor":2.0,"turns":4.0},{"damage":2.0,"enemies":"2 Louse","floor":3.0,"turns":3.0},{"damage":22.0,"enemies":"Exordium Thugs","floor":4.0,"turns":5.0},{"damage":6.0,"enemies":"3 Louse","floor":5.0,"turns":4.0},{"damage":26.0,"enemies":"Lagavulin","floor":7.0,"turns":6.0},{"damage":7.0,"enemies":"2 Fungi Beasts","floor":8.0,"turns":3.0},{"damage":7.0,"enemies":"Large Slime","floor":11.0,"turns":3.0},{"damage":42.0,"enemies":"Slime Boss","floor":16.0,"turns":11.0},{"damage":19.0,"enemies":"Shell Parasite","floor":18.0,"turns":4.0},{"damage":10.0,"enemies":"2 Thieves","floor":22.0,"turns":3.0},{"damage":4.0,"enemies":"Snecko","floor":24.0,"turns":3.0},{"damage":0.0,"enemies":"Snake Plant","floor":29.0,"turns":2.0},{"damage":6.0,"enemies":"Centurion and Healer","floor":31.0,"turns":3.0},{"damage":47.0,"enemies":"Champ","floor":33.0,"turns":9.0},{"damage":13.0,"enemies":"3 Darklings","floor":35.0,"turns":5.0},{"damage":16.0,"enemies":"Mind Bloom Boss Battle","floor":37.0,"turns":7.0},{"damage":8.0,"enemies":"3 Shapes","floor":38.0,"turns":4.0},{"damage":23.0,"enemies":"Sphere and 2 Shapes","floor":39.0,"turns":6.0},{"damage":69.0,"enemies":"Writhing Mass","floor":42.0,"turns":8.0},{"damage":9.0,"enemies":"4 Shapes","floor":45.0,"turns":4.0},{"damage":10.0,"enemies":"Maw","floor":46.0,"turns":6.0},{"damage":1.0,"enemies":"Jaw Worm Horde","floor":48.0,"turns":3.0},{"damage":99,"enemies":"Donu and Deca","floor":50,"turns":6}],"seed_played":"4537303404175691472","potions_obtained":[{"floor":1.0,"key":"BloodPotion"},{"floor":5.0,"key":"SpeedPotion"},{"floor":8.0,"key":"PowerPotion"},{"floor":11.0,"key":"Fire Potion"}],"is_trial":false,"path_per_floor":["M","M","M","M","M","R","E","M","T","R","M","?","R","$","R","B",null,"M","$","T","?","M","R","M","R","T","?","R","M","R","M","R","B",null,"M","?","?","M","M","R","$","M","T","R","M","M","?","M","R","B"],"character_chosen":"IRONCLAD","items_purchased":["Shrug It Off","Second Wind","Mango","Boot"],"campfire_rested":4,"item_purchase_floors":[14,19,41,41],"current_hp_per_floor":[80,80,80,64,64,64,44,43,43,43,42,34,34,34,58,22,80,67,67,67,61,57,57,59,59,59,59,59,65,65,65,65,24,80,73,73,63,61,44,68,82,19,19,47,44,40,40,45,73,0],"gold":84,"neow_bonus":"RANDOM_COMMON_RELIC","is_prod":false,"is_daily":false,"chose_seed":false,"campfire_upgraded":8,"win_rate":0.0,"timestamp":1558754846,"path_taken":["M","M","M","M","M","R","E","M","T","R","M","?","R","$","R","BOSS","M","$","?","?","?","R","M","R","T","?","R","M","R","M","R","BOSS","M","?","?","M","M","R","$","M","T","R","M","M","?","M","R","BOSS"],"build_version":"2019-01-23","purchased_purges":2,"victory":false,"max_hp_per_floor":[80,80,80,80,80,80,80,80,80,80,80,80,80,80,80,80,80,80,80,80,80,80,80,80,80,80,80,80,80,80,80,80,80,80,80,80,80,80,80,80,94,94,94,94,94,94,94,94,94,94],"card_choices":[{"not_picked":["Bloodletting","Second Wind"],"picked":"Body Slam","floor":1.0},{"not_picked":["Armaments","Clothesline"],"picked":"Pommel Strike","floor":2.0},{"not_picked":["Metallicize","Spot Weakness"],"picked":"Flex","floor":3.0},{"not_picked":["Clothesline","Body Slam"],"picked":"Twin Strike","floor":4.0},{"not_picked":["Cleave","True Grit"],"picked":"Whirlwind","floor":5.0},{"not_picked":["Headbutt","Fiend Fire"],"picked":"Cleave","floor":7.0},{"not_picked":["Twin Strike","Uppercut"],"picked":"Clash","floor":8.0},{"not_picked":["Corruption+1","Pummel"],"picked":"Anger","floor":11.0},{"not_picked":["Brutality+1","Reaper"],"picked":"Fiend Fire","floor":16.0},{"not_picked":["Battle Trance+1","Entrench+1"],"picked":"Infernal Blade","floor":18.0},{"not_picked":["Blood for Blood+1","Flex"],"picked":"Shrug It Off","floor":22.0},{"not_picked":["Uppercut+1","True Grit+1"],"picked":"Twin Strike+1","floor":24.0},{"not_picked":["Twin Strike+1","Shrug It Off+1"],"picked":"Sword Boomerang+1","floor":29.0},{"not_picked":["Clothesline+1","Second Wind"],"picked":"Iron Wave+1","floor":31.0},{"not_picked":["Berserk+1","Reaper+1"],"picked":"Demon Form+1","floor":33.0},{"not_picked":["Flex","True Grit+1"],"picked":"Iron Wave+1","floor":35.0},{"not_picked":["Heavy Blade+1","Hemokinesis+1"],"picked":"Ghostly Armor+1","floor":37.0},{"not_picked":["Armaments","Corruption+1"],"picked":"Cleave+1","floor":38.0},{"not_picked":["True Grit+1","Battle Trance"],"picked":"Thunderclap+1","floor":39.0},{"not_picked":["Combust+1","Flex"],"picked":"Shrug It Off+1","floor":42.0},{"not_picked":["Warcry","Pommel Strike+1"],"picked":"Body Slam+1","floor":45.0},{"not_picked":["Clash+1","Sword Boomerang+1"],"picked":"Barricade+1","floor":46.0},{"not_picked":["Warcry+1","True Grit+1"],"picked":"Sword Boomerang+1","floor":48.0}],"player_experience":28535,"relics_obtained":[{"floor":7.0,"key":"Frozen Egg 2"},{"floor":9.0,"key":"Thread and Needle"},{"floor":20.0,"key":"Molten Egg 2"},{"floor":26.0,"key":"Anchor"},{"floor":37.0,"key":"Torii"},{"floor":43.0,"key":"Red Skull"}],"event_choices":[{"damage_healed":0.0,"max_hp_gain":0.0,"max_hp_loss":0.0,"gold_gain":0.0,"event_name":"Wheel of Change","player_choice":"Damaged","floor":12.0,"gold_loss":0.0,"damage_taken":8.0},{"damage_healed":0.0,"max_hp_gain":0.0,"max_hp_loss":0.0,"gold_gain":0.0,"event_name":"Nest","player_choice":"Joined the Cult","floor":21.0,"gold_loss":0.0,"damage_taken":6.0,"cards_obtained":["RitualDagger"]},{"damage_healed":0.0,"max_hp_gain":0.0,"max_hp_loss":0.0,"gold_gain":0.0,"event_name":"The Mausoleum","player_choice":"Ignored","floor":27.0,"gold_loss":0.0,"damage_taken":0.0},{"cards_removed":["Shrug It Off"],"damage_healed":0.0,"max_hp_gain":0.0,"max_hp_loss":0.0,"gold_gain":0.0,"event_name":"Falling","player_choice":"Removed Skill","floor":36.0,"gold_loss":0.0,"damage_taken":0.0},{"damage_healed":0.0,"max_hp_gain":0.0,"max_hp_loss":0.0,"gold_gain":0.0,"event_name":"MindBloom","player_choice":"Fight","floor":37.0,"gold_loss":0.0,"damage_taken":0.0},{"damage_healed":0.0,"max_hp_gain":0.0,"max_hp_loss":0.0,"gold_gain":0.0,"event_name":"Mysterious Sphere","player_choice":"Ignored","floor":47.0,"gold_loss":0.0,"damage_taken":0.0}],"is_beta":false,"boss_relics":[{"not_picked":["Calling Bell","Ectoplasm"],"picked":"Sozu"},{"not_picked":["Runic Dome","Runic Cube"],"picked":"Astrolabe"}],"items_purged_floors":[14,19],"is_endless":false,"potions_floor_spawned":[1,5,8,11,22,24,29,35,37,38],"killed_by":"Donu and Deca","ascension_level":0}