{"gold_per_floor":[112,112,132,132,144,144,179,179,228,242,242,139,170,182,182,255,255,268,268,183,29,29,54,71,71,95,108,143,143,154,209,209,285,285,296,45,69,82,129,129,160,160,205,220,195,214,247,247,247,247,247,247,247,39,69,69],"floor_reached":56,"playtime":14595,"items_purged":["Strike_B","Strike_B"],"score":2017,"play_id":"bab61441-156f-47a5-98b9-13a70ed1400f","local_time":"20190522220115","is_ascension_mode":true,"campfire_choices":[{"data":"Doom and Gloom","floor":6.0,"key":"SMITH"},{"data":"Self Repair","floor":8.0,"key":"SMITH"},{"data":"Double Energy","floor":11.0,"key":"SMITH"},{"data":"Dualcast","floor":15.0,"key":"SMITH"},{"data":"Hologram","floor":25.0,"key":"SMITH"},{"data":"Recycle","floor":29.0,"key":"SMITH"},{"data":"Capacitor","floor":32.0,"key":"SMITH"},{"data":"Coolheaded","floor":40.0,"key":"SMITH"},{"floor":42.0,"key":"RECALL"},{"data":"Hologram","floor":49.0,"key":"SMITH"},{"data":"Defend_B","floor":53.0,"key":"SMITH"}],"neow_cost":"NONE","seed_source_timestamp":623213438251273,"circlet_count":0,"master_deck":["AscendersBane","Strike_B+1","Strike_B+1","Defend_B+1","Defend_B","Defend_B+1","Defend_B","Zap+1","Dualcast+1","Rip and Tear","Doom and Gloom+1","Self Repair+1","Hologram+1","Double Energy+1","Beam Cell","Ball Lightning","Undo","Meteor Strike","Static Discharge+1","Meteor Strike","Gash","Recycle+1","Capacitor+1","Meteor Strike","Coolheaded+1","Purity+1","Double Energy+1","Hologram+1","Meteor Strike","Madness","Madness","Cold Snap","Recycle+1"],"special_seed":0,"relics":["Runic Pyramid","Bag of Marbles","Whetstone","Regal Pillow","Meat on the Bone","Coffee Dripper","Anchor","Unceasing Top","Oddly Smooth Stone","Du-Vu Doll","Tiny Chest","Runic Dome","Bronze Scales","War Paint","Centennial Puzzle","Kunai","Lantern","Cables"],"potions_floor_usage":[56,56],"damage_taken":[{"damage":7.0,"enemies":"2 Louse","floor":1.0,"turns":3.0},{"damage":0.0,"enemies":"Cultist","floor":3.0,"turns":3.0},{"damage":0.0,"enemies":"Jaw Worm","floor":5.0,"turns":1.0},{"damage":8.0,"enemies":"Gremlin Nob","floor":7.0,"turns":3.0},{"damage":1.0,"enemies":"2 Fungi Beasts","floor":10.0,"turns":2.0},{"damage":10.0,"enemies":"3 Sentries","floor":13.0,"turns":4.0},{"damage":0.0,"enemies":"3 Louse","floor":14.0,"turns":1.0},{"damage":14.0,"enemies":"Slime Boss","floor":16.0,"turns":7.0},{"damage":0.0,"enemies":"Spheric Guardian","floor":18.0,"turns":3.0},{"damage":23.0,"enemies":"Gremlin Leader","floor":23.0,"turns":7.0},{"damage":0.0,"enemies":"Shell Parasite","floor":24.0,"turns":2.0},{"damage":10.0,"enemies":"Snake Plant","floor":27.0,"turns":3.0},{"damage":9.0,"enemies":"Slavers","floor":28.0,"turns":4.0},{"damage":12.0,"enemies":"Snecko","floor":30.0,"turns":4.0},{"damage":20.0,"enemies":"Book of Stabbing","floor":31.0,"turns":3.0},{"damage":9.0,"enemies":"Collector","floor":33.0,"turns":4.0},{"damage":48.0,"enemies":"3 Darklings","floor":35.0,"turns":4.0},{"damage":9.0,"enemies":"3 Shapes","floor":38.0,"turns":5.0},{"damage":19.0,"enemies":"Reptomancer","floor":41.0,"turns":5.0},{"damage":0.0,"enemies":"Jaw Worm Horde","floor":44.0,"turns":2.0},{"damage":0.0,"enemies":"Spire Growth","floor":46.0,"turns":3.0},{"damage":0.0,"enemies":"Nemesis","floor":47.0,"turns":1.0},{"damage":41.0,"enemies":"Time Eater","floor":50.0,"turns":7.0},{"damage":6.0,"enemies":"Awakened One","floor":51.0,"turns":4.0},{"damage":32.0,"enemies":"Shield and Spear","floor":55.0,"turns":5.0},{"damage":57,"enemies":"The Heart","floor":56,"turns":2}],"seed_played":"7744543287224976784","potions_obtained":[{"floor":1.0,"key":"Explosive Potion"},{"floor":5.0,"key":"Ancient Potion"},{"floor":10.0,"key":"GamblersBrew"},{"floor":16.0,"key":"AttackPotion"},{"floor":18.0,"key":"Poison Potion"},{"floor":24.0,"key":"Swift Potion"},{"floor":30.0,"key":"GamblersBrew"},{"floor":31.0,"key":"PowerPotion"},{"floor":35.0,"key":"Strength Potion"},{"floor":44.0,"key":"Dexterity Potion"}],"is_trial":false,"path_per_floor":["M","?","M","T","M","R","E","R","T","M","R","$","E","M","R","B",null,"M","?","?","$","$","E","M","R","T","M","E","R","M","E","R","B",null,"M","$","T","M","T","R","E","R","T","M","$","M","E","?","R","B","B",null,"R","$","E","B"],"character_chosen":"DEFECT","items_purchased":["Beam Cell","Meteor Strike","Coolheaded","Purity","Hologram","Cold Snap","Lantern"],"campfire_rested":0,"item_purchase_floors":[12,21,36,36,45,54,54],"current_hp_per_floor":[57,57,57,57,57,57,56,56,56,55,55,55,55,55,55,51,66,66,66,66,66,66,53,53,53,53,53,54,54,52,54,54,55,67,31,31,31,44,44,44,47,47,47,57,57,67,71,58,58,39,55,67,67,67,57,0],"gold":69,"neow_bonus":"BOSS_RELIC","is_prod":false,"is_daily":false,"chose_seed":false,"campfire_upgraded":10,"win_rate":0,"timestamp":1558555275,"path_taken":["M","?","?","?","M","R","E","R","T","M","R","?","E","M","R","BOSS","M","?","?","?","$","E","M","R","T","M","E","R","M","E","R","BOSS","M","$","?","M","?","R","E","R","T","?","$","M","E","?","R","BOSS","BOSS","R","$","E","BOSS"],"build_version":"2019-01-23","purchased_purges":2,"victory":false,"max_hp_per_floor":[71,71,71,71,71,71,71,71,71,71,71,71,71,71,71,71,71,71,71,71,71,71,71,71,71,71,71,71,71,71,71,71,71,71,71,71,71,71,71,71,71,71,71,71,71,71,71,71,71,71,71,71,71,71,71,71],"card_choices":[{"not_picked":["Rebound","Compile Driver"],"picked":"Rip and Tear","floor":1.0},{"not_picked":["Redo","Go for the Eyes"],"picked":"Doom and Gloom","floor":3.0},{"not_picked":["Fusion","Conserve Battery"],"picked":"Self Repair","floor":5.0},{"not_picked":["Multi-Cast","Beam Cell"],"picked":"Hologram","floor":7.0},{"not_picked":["Ball Lightning","Static Discharge"],"picked":"Double Energy","floor":10.0},{"not_picked":["Streamline","BootSequence"],"picked":"Ball Lightning","floor":13.0},{"not_picked":["White Noise","Darkness"],"picked":"Undo","floor":14.0},{"not_picked":["Biased Cognition","Fission"],"picked":"Meteor Strike","floor":16.0},{"not_picked":["Stack","Turbo"],"picked":"Static Discharge+1","floor":18.0},{"not_picked":["Ball Lightning","BootSequence"],"picked":"Gash","floor":23.0},{"not_picked":["Storm","Rebound+1","Steam Power"],"picked":"SKIP","floor":24.0},{"not_picked":["Sweeping Beam","Ball Lightning"],"picked":"Recycle","floor":27.0},{"not_picked":["Beam Cell","White Noise","Redo"],"picked":"SKIP","floor":28.0},{"not_picked":["Doom and Gloom","Force Field","BootSequence+1"],"picked":"SKIP","floor":30.0},{"not_picked":["Amplify","Hello World"],"picked":"Capacitor","floor":31.0},{"not_picked":["Multi-Cast","Electrodynamics"],"picked":"Meteor Strike","floor":33.0},{"not_picked":["Sunder","Barrage","Steam+1"],"picked":"SKIP","floor":35.0},{"not_picked":["Steam","Ball Lightning","Stack"],"picked":"SKIP","floor":38.0},{"not_picked":["Compile Driver","Ball Lightning"],"picked":"Double Energy+1","floor":41.0},{"not_picked":["Turbo","Sweeping Beam","Beam Cell+1"],"picked":"SKIP","floor":44.0},{"not_picked":["Ball Lightning","Streamline+1"],"picked":"Meteor Strike","floor":46.0},{"not_picked":["Gash+1","Redo","Rebound"],"picked":"SKIP","floor":47.0},{"not_picked":["Hologram","Streamline"],"picked":"Recycle+1","floor":55.0}],"player_experience":2745174,"relics_obtained":[{"floor":4.0,"key":"Bag of Marbles"},{"floor":7.0,"key":"Whetstone"},{"floor":9.0,"key":"Regal Pillow"},{"floor":13.0,"key":"Meat on the Bone"},{"floor":23.0,"key":"Unceasing Top"},{"floor":26.0,"key":"Oddly Smooth Stone"},{"floor":28.0,"key":"Du-Vu Doll"},{"floor":31.0,"key":"Tiny Chest"},{"floor":37.0,"key":"Bronze Scales"},{"floor":41.0,"key":"War Paint"},{"floor":43.0,"key":"Centennial Puzzle"},{"floor":47.0,"key":"Kunai"},{"floor":55.0,"key":"Cables"}],"event_choices":[{"damage_healed":0.0,"max_hp_gain":0.0,"max_hp_loss":0.0,"gold_gain":0.0,"event_name":"Upgrade Shrine","player_choice":"Upgraded","floor":2.0,"gold_loss":0.0,"damage_taken":0.0,"cards_upgraded":["Zap"]},{"damage_healed":0.0,"max_hp_gain":0.0,"max_hp_loss":0.0,"gold_gain":0.0,"event_name":"Vampires","player_choice":"Ignored","floor":19.0,"gold_loss":0.0,"damage_taken":0.0},{"damage_healed":0.0,"max_hp_gain":0.0,"max_hp_loss":0.0,"gold_gain":0.0,"event_name":"Addict","player_choice":"Obtained Relic","floor":20.0,"gold_loss":85.0,"damage_taken":0.0,"relics_obtained":["Anchor"]},{"damage_healed":0.0,"max_hp_gain":0.0,"max_hp_loss":0.0,"gold_gain":0.0,"event_name":"Winding Halls","player_choice":"Embrace Madness","floor":48.0,"gold_loss":0.0,"damage_taken":13.0,"cards_obtained":["Madness","Madness"]}],"is_beta":false,"boss_relics":[{"not_picked":["Ectoplasm","Fusion Hammer"],"picked":"Coffee Dripper"},{"not_picked":["Lizard Tail","Astrolabe"],"picked":"Runic Dome"}],"items_purged_floors":[12,36],"is_endless":false,"potions_floor_spawned":[1,5,10,16,18,24,30,31,35,44],"killed_by":"The Heart","ascension_level":20}