{"gold_per_floor":[14,25,40,51,70,105,105,124,124,124],"floor_reached":10,"playtime":1673,"items_purged":[],"score":83,"play_id":"a6723fe5-2b0a-4e88-856b-80be07660c3a","local_time":"20190517080753","is_ascension_mode":true,"campfire_choices":[{"data":"Dualcast","floor":7,"key":"SMITH"}],"neow_cost":"NO_GOLD","seed_source_timestamp":135938544952532,"circlet_count":0,"master_deck":["Strike_B","Strike_B","Strike_B","Strike_B","Defend_B","Defend_B","Defend_B","Defend_B","Zap","Dualcast+1","Ball Lightning","All For One","Cold Snap","Melter","Self Repair"],"special_seed":0,"relics":["Cracked Core","Bird Faced Urn","Omamori","Centennial Puzzle"],"potions_floor_usage":[6,10],"damage_taken":[{"damage":0.0,"enemies":"Cultist","floor":1.0,"turns":3.0},{"damage":0.0,"enemies":"2 Louse","floor":2.0,"turns":2.0},{"damage":3.0,"enemies":"Small Slimes","floor":3.0,"turns":3.0},{"damage":7.0,"enemies":"Exordium Thugs","floor":4.0,"turns":3.0},{"damage":17.0,"enemies":"Lots of Slimes","floor":5.0,"turns":4.0},{"damage":26,"enemies":"Gremlin Nob","floor":6,"turns":4},{"damage":9,"enemies":"2 Fungi Beasts","floor":8,"turns":3},{"damage":13,"enemies":"3 Sentries","floor":10,"turns":2}],"seed_played":"-3364782680494506057","potions_obtained":[{"floor":1.0,"key":"Fire Potion"},{"floor":3.0,"key":"Block Potion"},{"floor":4.0,"key":"GamblersBrew"},{"floor":8,"key":"AttackPotion"}],"is_trial":false,"path_per_floor":["M","M","M","M","M","E","R","M","T","E"],"character_chosen":"DEFECT","items_purchased":[],"campfire_rested":0,"item_purchase_floors":[],"current_hp_per_floor":[75,75,72,65,48,22,22,13,13,0],"gold":124,"neow_bonus":"ONE_RARE_RELIC","is_prod":false,"is_daily":false,"chose_seed":false,"campfire_upgraded":1,"win_rate":0,"timestamp":1558060673,"path_taken":["M","M","M","M","M","E","R","M","T","E"],"build_version":"2019-01-23","purchased_purges":0,"victory":false,"max_hp_per_floor":[75,75,75,75,75,75,75,75,75,75],"card_choices":[{"not_picked":["Sweeping Beam","Fusion"],"picked":"Ball Lightning","floor":1.0},{"not_picked":["Compile Driver","Rebound","Beam Cell"],"picked":"SKIP","floor":2.0},{"not_picked":["Leap","Stack"],"picked":"All For One","floor":3.0},{"not_picked":["Go for the Eyes","Hologram"],"picked":"Cold Snap","floor":4.0},{"not_picked":["Beam Cell","Force Field","Blizzard"],"picked":"SKIP","floor":5.0},{"not_picked":["Meteor Strike","Steam"],"picked":"Melter","floor":6},{"not_picked":["Tempest","Beam Cell"],"picked":"Self Repair","floor":8}],"player_experience":409857,"relics_obtained":[{"floor":6,"key":"Omamori"},{"floor":9,"key":"Centennial Puzzle"}],"event_choices":[],"is_beta":false,"boss_relics":[],"items_purged_floors":[],"is_endless":false,"potions_floor_spawned":[1,3,4,8],"killed_by":"3 Sentries","ascension_level":3}