{"gold_per_floor":[117,117,117,129,141,141,159,159,211,239,264,276,323,335,347,452,464,497,524,63,76,76,76,91,126,126,139,139,169,183,21,21,95,95,114,114,1113,1162,902,927,939,956,956,968,560,585,595,241,241,241,241,241,241,32,63,63],"floor_reached":57,"playtime":5416,"items_purged":["Strike_G","Strike_G","Normality","Normality","Defend_G"],"score":2924,"play_id":"47f602f7-d8fa-4399-8c22-bff82f8e97e2","local_time":"20190204155235","is_ascension_mode":true,"campfire_choices":[{"data":"Neutralize","floor":6.0,"key":"SMITH"},{"data":"Dash","floor":8.0,"key":"SMITH"},{"data":"Skewer","floor":15.0,"key":"SMITH"},{"data":"Backflip","floor":23.0,"key":"SMITH"},{"data":"Survivor","floor":28.0,"key":"SMITH"},{"data":"Footwork","floor":32.0,"key":"SMITH"},{"floor":49.0,"key":"RECALL"},{"data":"Deadly Poison","floor":53,"key":"SMITH"}],"neow_cost":"NONE","seed_source_timestamp":0,"circlet_count":0,"master_deck":["AscendersBane","Defend_G","Defend_G","Defend_G","Defend_G","Survivor+1","Neutralize+1","Deadly Poison+1","Dash+1","Backflip+1","Skewer+1","Bullet Time","Bouncing Flask+1","Crippling Poison+1","Crippling Poison+1","Heel Hook","Well Laid Plans","Predator","Acrobatics+1","Footwork+1","Burst+1","Dash","Leg Sweep+1","Predator","Acrobatics+1","Catalyst+1","Blur+1","Secret Technique+1","PiercingWail+1"],"special_seed":0,"relics":["Runic Dome","Happy Flower","Centennial Puzzle","MawBank","Bloody Idol","Dodecahedron","CultistMask","Astrolabe","Membership Card","Singing Bowl","Thread and Needle","Toxic Egg 2","Shuriken","Snecko Eye","Pocketwatch","Meat on the Bone","Pantograph","ClockworkSouvenir","Bag of Marbles","Pear","Orichalcum","Oddly Smooth Stone","Du-Vu Doll","TwistedFunnel","Art of War"],"potions_floor_usage":[56],"damage_taken":[{"damage":1.0,"enemies":"Small Slimes","floor":1.0,"turns":5.0},{"damage":0.0,"enemies":"2 Louse","floor":4.0,"turns":4.0},{"damage":3.0,"enemies":"Cultist","floor":5.0,"turns":4.0},{"damage":5.0,"enemies":"3 Louse","floor":7.0,"turns":3.0},{"damage":4.0,"enemies":"3 Sentries","floor":10.0,"turns":7.0},{"damage":12.0,"enemies":"Gremlin Gang","floor":11.0,"turns":5.0},{"damage":11.0,"enemies":"Lagavulin","floor":13.0,"turns":8.0},{"damage":11.0,"enemies":"The Guardian","floor":16.0,"turns":10.0},{"damage":5.0,"enemies":"3 Byrds","floor":18.0,"turns":3.0},{"damage":0.0,"enemies":"Spheric Guardian","floor":19.0,"turns":3.0},{"damage":5.0,"enemies":"Snake Plant","floor":21.0,"turns":3.0},{"damage":5.0,"enemies":"Shelled Parasite and Fungi","floor":24.0,"turns":3.0},{"damage":16.0,"enemies":"Book of Stabbing","floor":25.0,"turns":5.0},{"damage":0.0,"enemies":"Snecko","floor":27.0,"turns":4.0},{"damage":12.0,"enemies":"Slavers","floor":29.0,"turns":5.0},{"damage":0.0,"enemies":"3 Cultists","floor":30.0,"turns":4.0},{"damage":11.0,"enemies":"Champ","floor":33.0,"turns":10.0},{"damage":0.0,"enemies":"Orb Walker","floor":35.0,"turns":3.0},{"damage":21.0,"enemies":"2 Orb Walkers","floor":38.0,"turns":4.0},{"damage":31.0,"enemies":"Nemesis","floor":40.0,"turns":7.0},{"damage":0.0,"enemies":"3 Shapes","floor":41.0,"turns":2.0},{"damage":26.0,"enemies":"Jaw Worm Horde","floor":42.0,"turns":4.0},{"damage":0.0,"enemies":"4 Shapes","floor":44.0,"turns":3.0},{"damage":0.0,"enemies":"Reptomancer","floor":46.0,"turns":6.0},{"damage":0.0,"enemies":"Writhing Mass","floor":47.0,"turns":3.0},{"damage":0.0,"enemies":"Time Eater","floor":50.0,"turns":4.0},{"damage":8.0,"enemies":"Donu and Deca","floor":51.0,"turns":9.0},{"damage":23,"enemies":"Shield and Spear","floor":55,"turns":5},{"damage":54,"enemies":"The Heart","floor":56,"turns":6}],"seed_played":"3826639422087222960","potions_obtained":[{"floor":3.0,"key":"Fire Potion"},{"floor":3.0,"key":"AttackPotion"},{"floor":4.0,"key":"GhostInAJar"},{"floor":11.0,"key":"GamblersBrew"},{"floor":16.0,"key":"GamblersBrew"},{"floor":19.0,"key":"Dexterity Potion"},{"floor":44.0,"key":"GhostInAJar"}],"is_trial":false,"path_per_floor":["M","?","?","M","M","R","M","R","T","E","M","?","E","?","R","B",null,"M","M","$","M","?","R","M","E","T","M","R","E","M","$","R","B",null,"M","?","?","?","$","E","M","M","T","M","$","E","M","$","R","B","B",null,"R","$","E","B",null],"character_chosen":"THE_SILENT","items_purchased":["Membership Card","GhostInAJar","Singing Bowl","Well Laid Plans","Fruit Juice","FairyPotion","Dash","Leg Sweep+1","Meat on the Bone","ClockworkSouvenir","Bag of Marbles","Pear","Oddly Smooth Stone","Blur+1","Du-Vu Doll","TwistedFunnel","Secret Technique+1"],"campfire_rested":0,"item_purchase_floors":[20,20,20,20,31,31,39,39,39,45,45,45,48,48,48,54,54],"current_hp_per_floor":[58,47,47,47,44,44,39,39,39,35,23,23,12,12,12,1,45,40,40,40,37,37,37,39,28,28,33,33,28,33,38,38,32,61,68,68,73,59,59,47,52,43,43,50,60,67,72,72,72,91,83,89,89,89,71,49],"gold":63,"neow_bonus":"BOSS_RELIC","is_prod":false,"is_daily":false,"chose_seed":false,"campfire_upgraded":7,"win_rate":0,"timestamp":1549291955,"path_taken":["M","?","?","M","M","R","?","R","T","E","M","?","E","?","R","BOSS","M","?","$","M","?","R","M","E","T","M","R","E","M","$","R","BOSS","M","?","?","?","$","E","M","M","T","M","$","E","M","$","R","BOSS","BOSS","R","$","E","BOSS"],"build_version":"2019-01-23","purchased_purges":5,"victory":true,"max_hp_per_floor":[66,66,66,66,66,66,66,66,66,66,66,60,60,60,60,60,60,60,60,60,62,62,62,64,64,64,64,64,66,66,71,71,71,71,73,73,73,75,75,77,77,77,77,79,89,91,91,91,91,91,91,91,91,91,91,91],"card_choices":[{"not_picked":["Deflect","Dagger Throw"],"picked":"Deadly Poison","floor":1.0},{"not_picked":["Slice","Deadly Poison"],"picked":"Dash","floor":4.0},{"not_picked":["Flechettes","Bane","Dodge and Roll"],"picked":"SKIP","floor":5.0},{"not_picked":["Flechettes","Bane","Dodge and Roll"],"picked":"SKIP","floor":5.0},{"not_picked":["Dodge and Roll","Dagger Throw"],"picked":"Backflip","floor":7.0},{"not_picked":["Caltrops","Blade Dance","Endless Agony"],"picked":"SKIP","floor":10.0},{"not_picked":["Dagger Spray","Underhanded Strike","Blur"],"picked":"SKIP","floor":11.0},{"not_picked":["Dagger Spray","Underhanded Strike","Blur"],"picked":"SKIP","floor":11.0},{"not_picked":["Dagger Spray","Poisoned Stab"],"picked":"Skewer","floor":13.0},{"not_picked":["A Thousand Cuts","Storm of Steel"],"picked":"Bullet Time","floor":16.0},{"not_picked":["Accuracy","Cloak And Dagger"],"picked":"Heel Hook","floor":18.0},{"not_picked":["Distraction","Tactician","Quick Slash+1"],"picked":"SKIP","floor":19.0},{"not_picked":["Cloak And Dagger","Noxious Fumes","Slice"],"picked":"Singing Bowl","floor":21.0},{"not_picked":["Bane","Blade Dance","Finisher"],"picked":"Singing Bowl","floor":24.0},{"not_picked":["Flechettes","Distraction"],"picked":"Predator","floor":25.0},{"not_picked":["Outmaneuver+1","Escape Plan+1"],"picked":"Acrobatics+1","floor":27.0},{"not_picked":["Dodge and Roll+1","Outmaneuver+1","Escape Plan+1"],"picked":"Singing Bowl","floor":29.0},{"not_picked":["Deflect+1","Accuracy"],"picked":"Footwork","floor":30.0},{"not_picked":["Adrenaline+1","Grand Finale"],"picked":"Burst+1","floor":33.0},{"not_picked":["Skewer","Flechettes","Cloak And Dagger+1"],"picked":"Singing Bowl","floor":35.0},{"not_picked":["Noxious Fumes","Flying Knee","Masterful Stab"],"picked":"Singing Bowl","floor":38.0},{"not_picked":["Flying Knee","Deflect+1","Sucker Punch"],"picked":"Singing Bowl","floor":40.0},{"not_picked":["Dagger Throw","Dagger Spray"],"picked":"Predator","floor":41.0},{"not_picked":["Choke","Blur+1"],"picked":"Acrobatics+1","floor":42.0},{"not_picked":["Slice","Caltrops","Dagger Throw"],"picked":"Singing Bowl","floor":44.0},{"not_picked":["Masterful Stab","Envenom","Flying Knee"],"picked":"Singing Bowl","floor":46.0},{"not_picked":["Cloak And Dagger+1","Finisher+1"],"picked":"Catalyst+1","floor":47.0},{"not_picked":["Bane+1","Infinite Blades"],"picked":"PiercingWail+1","floor":55}],"player_experience":1191318,"relics_obtained":[{"floor":9.0,"key":"Centennial Puzzle"},{"floor":10.0,"key":"MawBank"},{"floor":13.0,"key":"Dodecahedron"},{"floor":25.0,"key":"Thread and Needle"},{"floor":26.0,"key":"Toxic Egg 2"},{"floor":29.0,"key":"Shuriken"},{"floor":38.0,"key":"Pocketwatch"},{"floor":40.0,"key":"Pantograph"},{"floor":46.0,"key":"Orichalcum"},{"floor":55,"key":"Art of War"}],"event_choices":[{"damage_healed":0.0,"max_hp_gain":0.0,"max_hp_loss":0.0,"gold_gain":0.0,"event_name":"Scrap Ooze","player_choice":"Success","floor":2.0,"gold_loss":0.0,"damage_taken":11.0,"relics_obtained":["Happy Flower"]},{"damage_healed":0.0,"max_hp_gain":0.0,"max_hp_loss":0.0,"gold_gain":0.0,"event_name":"Lab","player_choice":"Got Potions","floor":3.0,"gold_loss":0.0,"damage_taken":0.0},{"damage_healed":0.0,"max_hp_gain":0.0,"max_hp_loss":6.0,"gold_gain":0.0,"event_name":"Golden Idol","player_choice":"Lose Max HP","floor":12.0,"gold_loss":0.0,"damage_taken":0.0,"relics_obtained":["Golden Idol"]},{"damage_healed":0.0,"max_hp_gain":0.0,"max_hp_loss":0.0,"gold_gain":0.0,"event_name":"FaceTrader","player_choice":"Trade","floor":14.0,"gold_loss":0.0,"damage_taken":0.0,"relics_obtained":["CultistMask"]},{"damage_healed":0.0,"max_hp_gain":0.0,"max_hp_loss":0.0,"gold_gain":0.0,"event_name":"Forgotten Altar","player_choice":"Gave Idol","floor":22.0,"relics_lost":["Golden Idol"],"gold_loss":0.0,"damage_taken":0.0,"relics_obtained":["Bloody Idol"]},{"damage_healed":0.0,"max_hp_gain":0.0,"max_hp_loss":0.0,"gold_gain":0.0,"event_name":"Tomb of Lord Red Mask","player_choice":"Ignored","floor":36.0,"gold_loss":0.0,"damage_taken":0.0},{"damage_healed":0.0,"max_hp_gain":0.0,"max_hp_loss":0.0,"gold_gain":999.0,"event_name":"MindBloom","player_choice":"Gold","floor":37.0,"gold_loss":0.0,"damage_taken":0.0,"cards_obtained":["Normality","Normality"]},{"damage_healed":0.0,"max_hp_gain":0.0,"max_hp_loss":0.0,"gold_gain":0.0,"event_name":"Mysterious Sphere","player_choice":"Fight","floor":38.0,"gold_loss":0.0,"damage_taken":0.0}],"is_beta":true,"boss_relics":[{"not_picked":["Empty Cage","Black Star"],"picked":"Astrolabe"},{"not_picked":["HoveringKite","Tiny House"],"picked":"Snecko Eye"}],"items_purged_floors":[20,31,39,45,48],"is_endless":false,"potions_floor_spawned":[4,7,11,16,19,29,30,33,38,40,44,46],"ascension_level":20}