{"gold_per_floor":[119,119,84,84,109,135,91,126,126,151,165,165,8,57,57,136,136,146,146,146,157,168,168,201,214,214,13,13,25,59,59,59,133,133,153,153,166,23,42,42,91,91,91,91,118,135,155,173,173,173],"floor_reached":50,"playtime":3375,"items_purged":[],"score":1227,"play_id":"1aa92574-6f5c-4d97-89d7-915801d165f9","local_time":"20190315223638","is_ascension_mode":true,"campfire_choices":[{"data":"Zap","floor":12.0,"key":"SMITH"},{"data":"Loop","floor":15.0,"key":"SMITH"},{"floor":23.0,"key":"REST"},{"floor":28.0,"key":"REST"},{"floor":32.0,"key":"RECALL"},{"floor":40,"key":"REST"},{"floor":42,"key":"REST"},{"floor":49,"key":"REST"}],"neow_cost":"NONE","seed_source_timestamp":6157987371194,"circlet_count":0,"master_deck":["AscendersBane","Defend_B","Defend_B","Defend_B","Zap+1","Dualcast+1","Reinforced Body+1","Heatsinks","Biased Cognition","Gash+1","Loop+1","Amplify","Steam","Bite","Bite+1","Bite","Bite","Recycle","Conserve Battery+1","Beam Cell","Panache","Recycle+1","Seek","Go for the Eyes+1","Panacea","Finesse","Ball Lightning","Conserve Battery","Trip","Chill","Chill","Reinforced Body","Creative AI","Redo+1","Redo+1"],"special_seed":0,"relics":["Cracked Core","NeowsBlessing","Happy Flower","PreservedInsect","Blue Candle","Unceasing Top","Du-Vu Doll","War Paint","Vajra","Fusion Hammer","Whetstone","Letter Opener","Sundial","Empty Cage","Prayer Wheel","Ancient Tea Set"],"potions_floor_usage":[33,41,41,50],"damage_taken":[{"damage":0.0,"enemies":"2 Louse","floor":1.0,"turns":1.0},{"damage":0.0,"enemies":"Lagavulin","floor":6.0,"turns":1.0},{"damage":0.0,"enemies":"Gremlin Nob","floor":8.0,"turns":1.0},{"damage":16.0,"enemies":"Lagavulin","floor":10.0,"turns":6.0},{"damage":4.0,"enemies":"Small Slimes","floor":11.0,"turns":3.0},{"damage":22.0,"enemies":"The Guardian","floor":16.0,"turns":11.0},{"damage":24.0,"enemies":"2 Thieves","floor":18.0,"turns":4.0},{"damage":7.0,"enemies":"Chosen","floor":21.0,"turns":3.0},{"damage":9.0,"enemies":"Snake Plant","floor":22.0,"turns":4.0},{"damage":30.0,"enemies":"Slavers","floor":24.0,"turns":3.0},{"damage":9.0,"enemies":"Snecko","floor":25.0,"turns":5.0},{"damage":0.0,"enemies":"Centurion and Healer","floor":29.0,"turns":4.0},{"damage":31.0,"enemies":"Gremlin Leader","floor":30.0,"turns":5.0},{"damage":6,"enemies":"Champ","floor":33,"turns":10},{"damage":36,"enemies":"3 Darklings","floor":35,"turns":3},{"damage":1,"enemies":"Orb Walker","floor":37,"turns":3},{"damage":13,"enemies":"Maw","floor":39,"turns":6},{"damage":15,"enemies":"2 Orb Walkers","floor":41,"turns":4},{"damage":10,"enemies":"Reptomancer","floor":45,"turns":4},{"damage":5,"enemies":"4 Shapes","floor":46,"turns":4},{"damage":4,"enemies":"Writhing Mass","floor":47,"turns":5},{"damage":13,"enemies":"3 Darklings","floor":48,"turns":3},{"damage":84,"enemies":"Awakened One","floor":50,"turns":10}],"seed_played":"9095396168489477025","potions_obtained":[{"floor":1.0,"key":"Block Potion"},{"floor":8.0,"key":"Weak Potion"},{"floor":20.0,"key":"Poison Potion"},{"floor":20.0,"key":"AttackPotion"},{"floor":22.0,"key":"SteroidPotion"},{"floor":30.0,"key":"Block Potion"},{"floor":35,"key":"Dexterity Potion"},{"floor":46,"key":"SkillPotion"}],"is_trial":false,"path_per_floor":["M","?","?","?","T","E","?","E","T","E","M","R","$","T","R","B",null,"M","?","?","M","M","R","E","M","T","$","R","M","E","?","R","B",null,"M","?","M","$","M","R","?","R","T","?","E","M","M","M","R","B"],"character_chosen":"DEFECT","items_purchased":["War Paint","Panache","Conserve Battery","Trip"],"campfire_rested":5,"item_purchase_floors":[13,27,38,38],"current_hp_per_floor":[64,53,70,49,49,49,49,49,49,33,31,31,31,31,31,11,56,34,34,34,37,36,57,33,42,42,42,63,71,55,55,55,71,71,44,39,47,47,48,69,61,71,71,71,65,69,71,58,71,0],"gold":173,"neow_bonus":"THREE_ENEMY_KILL","is_prod":false,"is_daily":false,"chose_seed":false,"campfire_upgraded":2,"win_rate":0,"timestamp":1552685798,"path_taken":["M","?","?","?","?","E","?","E","T","E","?","R","?","?","R","BOSS","M","?","?","M","M","R","E","M","T","$","R","?","E","?","R","BOSS","M","?","M","$","M","R","?","R","T","?","E","M","?","M","R","BOSS"],"build_version":"2019-01-23","purchased_purges":0,"victory":false,"max_hp_per_floor":[71,71,71,71,71,71,71,71,71,71,71,71,71,71,71,71,71,71,71,71,71,71,71,71,71,71,71,71,71,71,71,71,71,71,71,71,71,71,71,71,71,71,71,71,71,71,71,71,71,71],"card_choices":[{"not_picked":["White Noise","Barrage"],"picked":"Reinforced Body","floor":1.0},{"not_picked":["Lockon","Capacitor"],"picked":"Heatsinks","floor":6.0},{"not_picked":["Beam Cell","BootSequence"],"picked":"Biased Cognition","floor":8.0},{"not_picked":["Rebound","Compile Driver"],"picked":"Gash","floor":10.0},{"not_picked":["White Noise","Coolheaded"],"picked":"Loop","floor":11.0},{"not_picked":["Reboot","Multi-Cast"],"picked":"Amplify","floor":16.0},{"not_picked":["White Noise","Streamline"],"picked":"Steam","floor":18.0},{"not_picked":["Sweeping Beam","Stack","Rip and Tear"],"picked":"SKIP","floor":21.0},{"not_picked":["Compile Driver","Leap+1"],"picked":"Recycle","floor":22.0},{"not_picked":["Rip and Tear","Streamline"],"picked":"Conserve Battery+1","floor":24.0},{"not_picked":["Sweeping Beam","Turbo"],"picked":"Beam Cell","floor":25.0},{"not_picked":["Streamline","Beam Cell"],"picked":"Recycle+1","floor":29.0},{"not_picked":["Stack","Compile Driver+1","Coolheaded+1"],"picked":"SKIP","floor":30.0},{"not_picked":["Rainbow","Machine Learning"],"picked":"Seek","floor":33},{"not_picked":["Cold Snap","Conserve Battery"],"picked":"Go for the Eyes+1","floor":35},{"not_picked":["Dark Shackles","Blind"],"picked":"Panacea","floor":36},{"not_picked":["Purity","Thinking Ahead"],"picked":"Finesse","floor":36},{"not_picked":["Beam Cell","Consume"],"picked":"Ball Lightning","floor":37},{"not_picked":["Beam Cell","Steam"],"picked":"Chill","floor":39},{"not_picked":["Blizzard","Go for the Eyes+1"],"picked":"Chill","floor":41},{"not_picked":["Barrage","Chaos","Reinforced Body"],"picked":"SKIP","floor":45},{"not_picked":["Barrage","Chaos"],"picked":"Reinforced Body","floor":45},{"not_picked":["Ball Lightning+1","Melter","Hologram"],"picked":"SKIP","floor":46},{"not_picked":["Storm","Blizzard+1","Hologram"],"picked":"SKIP","floor":46},{"not_picked":["Tempest","Capacitor"],"picked":"Creative AI","floor":47},{"not_picked":["Turbo+1","BootSequence","Force Field"],"picked":"SKIP","floor":47},{"not_picked":["Static Discharge","Turbo"],"picked":"Redo+1","floor":48},{"not_picked":["Rebound","Darkness"],"picked":"Redo+1","floor":48}],"player_experience":2056157,"relics_obtained":[{"floor":5.0,"key":"PreservedInsect"},{"floor":6.0,"key":"Blue Candle"},{"floor":8.0,"key":"Unceasing Top"},{"floor":9.0,"key":"Du-Vu Doll"},{"floor":10.0,"key":"Blood Vial"},{"floor":14.0,"key":"Vajra"},{"floor":24.0,"key":"Whetstone"},{"floor":26.0,"key":"Letter Opener"},{"floor":30.0,"key":"Sundial"},{"floor":41,"key":"Prayer Wheel"},{"floor":45,"key":"Ancient Tea Set"}],"event_choices":[{"damage_healed":0.0,"max_hp_gain":0.0,"max_hp_loss":0.0,"gold_gain":0.0,"event_name":"Scrap Ooze","player_choice":"Success","floor":2.0,"gold_loss":0.0,"damage_taken":11.0,"relics_obtained":["Happy Flower"]},{"damage_healed":17.0,"max_hp_gain":0.0,"max_hp_loss":0.0,"gold_gain":0.0,"event_name":"The Cleric","player_choice":"Healed","floor":3.0,"gold_loss":35.0,"damage_taken":0.0},{"damage_healed":0.0,"max_hp_gain":0.0,"max_hp_loss":0.0,"gold_gain":0.0,"event_name":"Shining Light","player_choice":"Entered Light","floor":4.0,"gold_loss":0.0,"damage_taken":21.0,"cards_upgraded":["Strike_B","Strike_B"]},{"damage_healed":0.0,"max_hp_gain":0.0,"max_hp_loss":0.0,"gold_gain":0.0,"event_name":"World of Goop","player_choice":"Left Gold","floor":7.0,"gold_loss":44.0,"damage_taken":0.0},{"damage_healed":0.0,"max_hp_gain":0.0,"max_hp_loss":0.0,"gold_gain":0.0,"event_name":"Vampires","player_choice":"Became a vampire (Vial)","floor":19.0,"relics_lost":["Blood Vial"],"gold_loss":0.0,"damage_taken":0.0,"cards_obtained":["Bite","Bite","Bite","Bite","Bite"]},{"damage_healed":0.0,"max_hp_gain":0.0,"max_hp_loss":0.0,"gold_gain":0.0,"event_name":"Lab","player_choice":"Got Potions","floor":20.0,"gold_loss":0.0,"damage_taken":0.0},{"damage_healed":0.0,"max_hp_gain":0.0,"max_hp_loss":0.0,"gold_gain":0.0,"event_name":"Ghosts","player_choice":"Ignored","floor":31.0,"gold_loss":0.0,"damage_taken":0.0},{"damage_healed":0,"gold_gain":0,"player_choice":"Memory 2","damage_taken":5,"max_hp_gain":0,"max_hp_loss":0,"event_name":"SensoryStone","floor":36,"gold_loss":0},{"damage_healed":0,"gold_gain":0,"player_choice":"Fight","damage_taken":0,"max_hp_gain":0,"max_hp_loss":0,"event_name":"Mysterious Sphere","floor":41,"gold_loss":0},{"damage_healed":0,"gold_gain":0,"player_choice":"Full Heal","damage_taken":0,"max_hp_gain":0,"max_hp_loss":0,"event_name":"Wheel of Change","floor":44,"gold_loss":0}],"is_beta":false,"boss_relics":[{"not_picked":["Busted Crown","Orrery"],"picked":"Fusion Hammer"},{"not_picked":["Velvet Choker","Runic Pyramid"],"picked":"Empty Cage"}],"items_purged_floors":[],"is_endless":false,"potions_floor_spawned":[1,8,22,30,35,39,46],"killed_by":"Awakened One","ascension_level":20}