{"gold_per_floor":[117,117,217,227,244,244,272,24,24,24,24,24,39,95,95,167,167,177,177,92,10,10,10,10,10,58,58,58],"floor_reached":28,"playtime":3014,"items_purged":[],"score":440,"play_id":"6e31ad2e-4688-499d-9a20-a7c914cc9790","local_time":"20190322185706","is_ascension_mode":true,"campfire_choices":[{"data":"Neutralize","floor":6,"key":"SMITH"},{"floor":10,"key":"REST"},{"floor":12,"key":"REST"},{"floor":15,"key":"REST"},{"data":"Blade Dance","floor":23,"key":"SMITH"},{"data":"Footwork","floor":25,"key":"SMITH"}],"neow_cost":"NONE","seed_source_timestamp":598241021457119,"circlet_count":0,"master_deck":["AscendersBane","Defend_G+1","Defend_G+1","Defend_G+1","Defend_G+1","Defend_G+1","Strike_G+1","Strike_G+1","Strike_G+1","Strike_G+1","Survivor","Neutralize+1","Dagger Throw","PiercingWail","Crippling Poison","Poisoned Stab","Footwork+1","Glass Knife","A Thousand Cuts","Blade Dance+1","Ghostly","Ghostly","Ghostly","Poisoned Stab","Deadly Poison"],"relics":["Ring of the Snake","NeowsBlessing","Calipers","Art of War","Kunai","Shuriken","Tiny Chest","Runic Pyramid","Question Card","PreservedInsect"],"potions_floor_usage":[7,14,16],"damage_taken":[{"damage":0,"enemies":"Jaw Worm","floor":1,"turns":1},{"damage":0,"enemies":"Small Slimes","floor":4,"turns":1},{"damage":0,"enemies":"Cultist","floor":5,"turns":1},{"damage":43,"enemies":"Gremlin Nob","floor":7,"turns":5},{"damage":5,"enemies":"3 Louse","floor":13,"turns":3},{"damage":12,"enemies":"Lagavulin","floor":14,"turns":6},{"damage":18,"enemies":"The Guardian","floor":16,"turns":19},{"damage":5,"enemies":"Spheric Guardian","floor":18,"turns":8},{"damage":34,"enemies":"Book of Stabbing","floor":28,"turns":7}],"seed_played":"-6337189490656731571","potions_obtained":[{"floor":5,"key":"Strength Potion"},{"floor":13,"key":"Poison Potion"},{"floor":14,"key":"SkillPotion"}],"is_trial":false,"path_per_floor":["M","?","?","M","M","R","E","$","T","R","?","R","M","E","R","B",null,"M","?","?","$","?","R","?","R","T","$","E"],"character_chosen":"THE_SILENT","items_purchased":["Art of War","Footwork","Poisoned Stab","Deadly Poison"],"campfire_rested":3,"item_purchase_floors":[8,8,21,21],"current_hp_per_floor":[59,52,52,52,52,52,9,9,9,28,10,29,24,12,31,13,53,48,33,33,33,33,33,33,33,33,33,0],"gold":58,"neow_bonus":"THREE_ENEMY_KILL","is_prod":false,"is_daily":false,"chose_seed":false,"campfire_upgraded":3,"win_rate":0,"timestamp":1553277426,"path_taken":["M","?","?","M","?","R","E","$","T","R","?","R","M","E","R","BOSS","M","?","?","$","?","R","?","R","T","$","E"],"build_version":"2019-01-23","purchased_purges":0,"victory":false,"max_hp_per_floor":[66,66,66,66,66,66,66,66,66,66,66,66,66,66,66,66,66,66,33,33,33,33,33,33,33,33,33,33],"card_choices":[{"not_picked":["Prepared","Masterful Stab"],"picked":"Dagger Throw","floor":1},{"not_picked":["Cloak And Dagger","Bane"],"picked":"PiercingWail","floor":4},{"not_picked":["Infinite Blades","PiercingWail"],"picked":"Crippling Poison","floor":5},{"not_picked":["Slice","Flying Knee"],"picked":"Poisoned Stab","floor":7},{"not_picked":["Bouncing Flask","Prepared"],"picked":"Glass Knife","floor":13},{"not_picked":["Riddle With Holes","Dagger Throw","Underhanded Strike"],"picked":"SKIP","floor":14},{"not_picked":["Unload","Night Terror"],"picked":"A Thousand Cuts","floor":16},{"not_picked":["Dodge and Roll","Flying Knee"],"picked":"Blade Dance","floor":18}],"player_experience":2165658,"relics_obtained":[{"floor":7,"key":"Calipers"},{"floor":9,"key":"Kunai"},{"floor":14,"key":"Tiny Chest"},{"floor":26,"key":"PreservedInsect"}],"event_choices":[{"cards_removed":["Strike_G"],"damage_healed":0,"gold_gain":0,"player_choice":"Card Removal","damage_taken":7,"max_hp_gain":0,"max_hp_loss":0,"event_name":"Golden Wing","floor":2,"gold_loss":0},{"damage_healed":0,"gold_gain":100,"player_choice":"Gold","damage_taken":0,"max_hp_gain":0,"max_hp_loss":0,"event_name":"Wheel of Change","floor":3,"gold_loss":0},{"damage_healed":0,"gold_gain":0,"player_choice":"Success","damage_taken":18,"relics_obtained":["Shuriken"],"max_hp_gain":0,"max_hp_loss":0,"event_name":"Scrap Ooze","floor":11,"gold_loss":0},{"damage_healed":0,"gold_gain":0,"player_choice":"Became a Ghost","damage_taken":0,"max_hp_gain":0,"max_hp_loss":33,"event_name":"Ghosts","floor":19,"gold_loss":0,"cards_obtained":["Ghostly","Ghostly","Ghostly"]},{"damage_healed":0,"gold_gain":0,"player_choice":"Obtained Relic","damage_taken":0,"relics_obtained":["Question Card"],"max_hp_gain":0,"max_hp_loss":0,"event_name":"Addict","floor":20,"gold_loss":85},{"damage_healed":0,"gold_gain":0,"player_choice":"Simplicity","damage_taken":0,"max_hp_gain":0,"max_hp_loss":0,"event_name":"Back to Basics","floor":22,"gold_loss":0,"cards_upgraded":["Defend_G","Defend_G","Defend_G","Defend_G","Defend_G","Strike_G","Strike_G","Strike_G","Strike_G"]},{"damage_healed":0,"gold_gain":0,"player_choice":"Ignored","damage_taken":0,"max_hp_gain":0,"max_hp_loss":0,"event_name":"Vampires","floor":24,"gold_loss":0}],"is_beta":false,"boss_relics":[{"not_picked":["Busted Crown","Empty Cage"],"picked":"Runic Pyramid"}],"items_purged_floors":[],"is_endless":false,"potions_floor_spawned":[5,13,14],"killed_by":"Book of Stabbing","ascension_level":20}