{"gold_per_floor":[110,110,120,85,96,96,123,123,192,192,192,227,1,34,34,111,111,82,93,18,36,36,36,65,75,75,75,75,88,113,129,129,203,203,218,235,215,226,246,246,294,324,324,337,354,368,98,110,110,110],"floor_reached":51,"playtime":4794,"items_purged":["Shame"],"score":1463,"play_id":"62c001d1-4756-4b4b-8f55-ce95f1a715dc","local_time":"20190419155500","is_ascension_mode":true,"campfire_choices":[{"data":"Neutralize","floor":6.0,"key":"SMITH"},{"data":"Footwork","floor":8.0,"key":"SMITH"},{"floor":11.0,"key":"REST"},{"data":"Cloak And Dagger","floor":15.0,"key":"SMITH"},{"floor":23.0,"key":"REST"},{"floor":28.0,"key":"REST"},{"floor":32.0,"key":"REST"},{"data":"Tools of the Trade","floor":40,"key":"SMITH"},{"data":"Footwork","floor":49,"key":"SMITH"}],"neow_cost":"NONE","seed_source_timestamp":11185098686227,"circlet_count":0,"master_deck":["AscendersBane","Defend_G","Defend_G+1","Defend_G+1","Defend_G","Strike_G+1","Survivor","Neutralize+1","Sucker Punch","Escape Plan","Heel Hook","Backflip+1","Footwork+1","Well Laid Plans","Caltrops","Cloak And Dagger+1","Tools of the Trade+1","Noxious Fumes","Leg Sweep","Quick Slash+1","Prepared+1","Deflect","Escape Plan","Writhe","Venomology","Sucker Punch+1","Slice","Predator+1","Deflect","Deflect","Poisoned Stab+1","Noxious Fumes","Clumsy","Dagger Throw","Dagger Throw+1","Dodge and Roll+1","Deflect","Footwork+1"],"special_seed":0,"relics":["Ring of the Snake","Dream Catcher","Question Card","War Paint","Medical Kit","Du-Vu Doll","Cursed Key","Bag of Preparation","Lantern","Bird Faced Urn","Anchor","Empty Cage","Ancient Tea Set","Letter Opener","Happy Flower","Bronze Scales"],"potions_floor_usage":[38,42,44,45,46,50,50,50],"damage_taken":[{"damage":7.0,"enemies":"2 Louse","floor":1.0,"turns":3.0},{"damage":0.0,"enemies":"Small Slimes","floor":3.0,"turns":4.0},{"damage":4.0,"enemies":"Jaw Worm","floor":5.0,"turns":5.0},{"damage":12.0,"enemies":"Gremlin Nob","floor":7.0,"turns":5.0},{"damage":0.0,"enemies":"Lagavulin","floor":12.0,"turns":10.0},{"damage":1.0,"enemies":"3 Sentries","floor":14.0,"turns":12.0},{"damage":26.0,"enemies":"Slime Boss","floor":16.0,"turns":10.0},{"damage":8.0,"enemies":"2 Thieves","floor":18.0,"turns":4.0},{"damage":3.0,"enemies":"Chosen","floor":19.0,"turns":5.0},{"damage":6.0,"enemies":"3 Cultists","floor":21.0,"turns":7.0},{"damage":15.0,"enemies":"Gremlin Leader","floor":24.0,"turns":9.0},{"damage":11.0,"enemies":"Snecko","floor":25.0,"turns":8.0},{"damage":35.0,"enemies":"Cultist and Chosen","floor":29.0,"turns":8.0},{"damage":12.0,"enemies":"Slavers","floor":30.0,"turns":7.0},{"damage":15.0,"enemies":"Sentry and Sphere","floor":31.0,"turns":6.0},{"damage":30.0,"enemies":"Automaton","floor":33.0,"turns":12.0},{"damage":3.0,"enemies":"3 Darklings","floor":35.0,"turns":7.0},{"damage":0.0,"enemies":"Orb Walker","floor":36.0,"turns":3.0},{"damage":4,"enemies":"Sphere and 2 Shapes","floor":38,"turns":8},{"damage":0,"enemies":"Jaw Worm Horde","floor":39,"turns":5},{"damage":2,"enemies":"Nemesis","floor":42,"turns":9},{"damage":0,"enemies":"4 Shapes","floor":44,"turns":6},{"damage":0,"enemies":"Writhing Mass","floor":45,"turns":7},{"damage":6,"enemies":"Maw","floor":46,"turns":7},{"damage":0,"enemies":"Sphere and 2 Shapes","floor":48,"turns":5},{"damage":0,"enemies":"Awakened One","floor":50,"turns":19}],"seed_played":"-8528461652434072434","potions_obtained":[{"floor":1.0,"key":"SpeedPotion"},{"floor":7.0,"key":"GamblersBrew"},{"floor":14.0,"key":"Strength Potion"},{"floor":16.0,"key":"SteroidPotion"},{"floor":18.0,"key":"Strength Potion"},{"floor":19.0,"key":"SpeedPotion"},{"floor":25.0,"key":"Poison Potion"},{"floor":29.0,"key":"EssenceOfSteel"},{"floor":39,"key":"GhostInAJar"},{"floor":46,"key":"Dexterity Potion"}],"is_trial":false,"path_per_floor":["M","?","M","?","M","R","E","R","T","?","R","E","$","E","R","B",null,"M","M","?","M","?","R","E","M","T","?","R","M","E","M","R","B",null,"M","M","?","M","M","R","T","E","T","M","M","M","$","M","R","B",null],"character_chosen":"THE_SILENT","items_purchased":["Medical Kit","Deflect","Bronze Scales"],"campfire_rested":4,"item_purchase_floors":[13,47,47],"current_hp_per_floor":[52,32,32,48,44,44,32,32,32,25,44,44,44,43,43,17,54,46,43,43,37,31,50,35,24,24,24,43,18,16,9,28,8,52,57,63,63,66,66,66,66,64,64,66,66,60,60,66,66,66],"gold":110,"neow_bonus":"TRANSFORM_CARD","is_prod":false,"is_daily":false,"chose_seed":false,"campfire_upgraded":5,"win_rate":0,"timestamp":1555714500,"path_taken":["M","?","M","?","M","R","E","R","T","?","R","E","$","E","R","BOSS","M","M","?","M","?","R","E","M","T","?","R","M","E","?","R","BOSS","M","M","?","M","?","R","?","E","T","?","?","?","$","M","R","BOSS"],"build_version":"2019-01-23","purchased_purges":1,"victory":true,"max_hp_per_floor":[66,66,66,66,66,66,66,66,66,66,66,66,66,66,66,66,66,66,66,66,66,66,66,66,66,66,66,66,66,66,66,66,66,66,66,66,66,66,66,66,66,66,66,66,66,66,66,66,66,66],"card_choices":[{"not_picked":["Skewer","Prepared"],"picked":"Escape Plan","floor":1.0},{"not_picked":["Sucker Punch","Blade Dance"],"picked":"Heel Hook","floor":3.0},{"not_picked":["Acrobatics","Outmaneuver"],"picked":"Backflip","floor":5.0},{"not_picked":["Masterful Stab","Wraith Form v2"],"picked":"Footwork","floor":7.0},{"not_picked":["Riddle With Holes","Distraction","Backstab"],"picked":"Well Laid Plans","floor":11.0},{"not_picked":["PiercingWail","Prepared","Dagger Throw"],"picked":"Caltrops","floor":12.0},{"not_picked":["Quick Slash","Backflip","Tactician"],"picked":"Cloak And Dagger","floor":14.0},{"not_picked":["A Thousand Cuts","Grand Finale","Burst"],"picked":"Tools of the Trade","floor":16.0},{"not_picked":["Quick Slash","Dash","Sucker Punch"],"picked":"Noxious Fumes","floor":18.0},{"not_picked":["Choke","Dagger Throw","Accuracy"],"picked":"Leg Sweep","floor":19.0},{"not_picked":["Underhanded Strike","Reflex","Bouncing Flask+1"],"picked":"Quick Slash+1","floor":21.0},{"not_picked":["Sucker Punch","Glass Knife","Flying Knee"],"picked":"Prepared+1","floor":23.0},{"not_picked":["Choke","Prepared+1","Underhanded Strike"],"picked":"Deflect","floor":24.0},{"not_picked":["Bane","Leg Sweep","Predator"],"picked":"Escape Plan","floor":25.0},{"not_picked":["Catalyst","Dagger Spray","Poisoned Stab"],"picked":"Venomology","floor":28.0},{"not_picked":["Poisoned Stab","Blade Dance","Storm of Steel"],"picked":"Sucker Punch+1","floor":29.0},{"not_picked":["Blade Dance","Eviscerate+1","Tactician","Riddle With Holes"],"picked":"SKIP","floor":30.0},{"not_picked":["Tactician","Bane","Blade Dance"],"picked":"Slice","floor":31.0},{"not_picked":["Backflip","Dagger Throw","Catalyst"],"picked":"Predator+1","floor":32.0},{"not_picked":["Backflip","Setup+1","Bane"],"picked":"Deflect","floor":35.0},{"not_picked":["Accuracy","Prepared","Dagger Throw"],"picked":"Deflect","floor":36.0},{"not_picked":["Poisoned Stab","Quick Slash","Bane","Acrobatics"],"picked":"SKIP","floor":38},{"not_picked":["Corpse Explosion","Leg Sweep","Blade Dance"],"picked":"Poisoned Stab+1","floor":39},{"not_picked":["Outmaneuver","Deflect","Sucker Punch+1"],"picked":"Noxious Fumes","floor":42},{"not_picked":["Finisher","Leg Sweep","Skewer"],"picked":"Dagger Throw","floor":44},{"not_picked":["Bullet Time","Quick Slash","Tactician"],"picked":"Dagger Throw+1","floor":45},{"not_picked":["Prepared","Blade Dance","Finisher"],"picked":"Dodge and Roll+1","floor":46},{"not_picked":["Prepared","Blur","Blade Dance+1"],"picked":"Footwork","floor":48}],"player_experience":725824,"relics_obtained":[{"floor":7.0,"key":"Dream Catcher"},{"floor":9.0,"key":"Question Card"},{"floor":12.0,"key":"War Paint"},{"floor":14.0,"key":"Du-Vu Doll"},{"floor":24.0,"key":"Bag of Preparation"},{"floor":26.0,"key":"Lantern"},{"floor":30.0,"key":"Anchor"},{"floor":41,"key":"Ancient Tea Set"},{"floor":42,"key":"Letter Opener"},{"floor":43,"key":"Happy Flower"}],"event_choices":[{"damage_healed":0.0,"max_hp_gain":0.0,"max_hp_loss":0.0,"gold_gain":0.0,"event_name":"Shining Light","player_choice":"Entered Light","floor":2.0,"gold_loss":0.0,"damage_taken":20.0,"cards_upgraded":["Strike_G","Defend_G"]},{"damage_healed":16.0,"max_hp_gain":0.0,"max_hp_loss":0.0,"gold_gain":0.0,"event_name":"The Cleric","player_choice":"Healed","floor":4.0,"gold_loss":35.0,"damage_taken":0.0},{"cards_removed":["Strike_G"],"damage_healed":0.0,"max_hp_gain":0.0,"max_hp_loss":0.0,"gold_gain":0.0,"event_name":"Golden Wing","player_choice":"Card Removal","floor":10.0,"gold_loss":0.0,"damage_taken":7.0},{"cards_removed":["Strike_G"],"damage_healed":0.0,"max_hp_gain":0.0,"max_hp_loss":0.0,"gold_gain":0.0,"event_name":"Beggar","player_choice":"Gave Gold","floor":20.0,"gold_loss":75.0,"damage_taken":0.0},{"damage_healed":0.0,"max_hp_gain":0.0,"max_hp_loss":0.0,"gold_gain":0.0,"event_name":"Nest","player_choice":"Joined the Cult","floor":22.0,"gold_loss":0.0,"damage_taken":6.0,"cards_obtained":["RitualDagger"]},{"cards_removed":["RitualDagger"],"damage_healed":0.0,"max_hp_gain":0.0,"max_hp_loss":0.0,"gold_gain":0.0,"event_name":"WeMeetAgain","player_choice":"Gave Card","floor":27.0,"gold_loss":0.0,"damage_taken":0.0,"relics_obtained":["Bird Faced Urn"]},{"damage_healed":0.0,"max_hp_gain":0.0,"max_hp_loss":0.0,"gold_gain":0.0,"event_name":"The Woman in Blue","player_choice":"Bought 1 Potion","floor":37.0,"gold_loss":0.0,"damage_taken":0.0}],"is_beta":false,"boss_relics":[{"not_picked":["Busted Crown","Lizard Tail"],"picked":"Cursed Key"},{"not_picked":["Coffee Dripper","Pandora\u0027s Box"],"picked":"Empty Cage"}],"items_purged_floors":[47],"is_endless":false,"potions_floor_spawned":[1,7,14,16,18,19,25,29,36,39,44,46,48],"ascension_level":17}