{"gold_per_floor":[367,14,14,24,0,34,34,63,63,63,119,139,139],"floor_reached":13,"playtime":1094,"items_purged":[],"score":182,"play_id":"f24c4cc2-e0b3-4c1a-ba90-278006aa554e","local_time":"20190118230721","is_ascension_mode":true,"campfire_choices":[{"floor":7.0,"key":"REST"},{"floor":10.0,"key":"REST"}],"neow_cost":"PERCENT_DAMAGE","seed_source_timestamp":5530082346180,"circlet_count":0,"master_deck":["AscendersBane","Strike_B","Strike_B","Strike_B","Strike_B","Defend_B","Defend_B","Defend_B","Defend_B","Zap+1","Dualcast","Ball Lightning","Streamline","Conserve Battery","Sweeping Beam","Chill"],"special_seed":0,"relics":["Cracked Core","Kunai","Shovel","Emotion Chip","WingedGreaves","Incense Burner"],"potions_floor_usage":[13],"damage_taken":[{"damage":7.0,"enemies":"Cultist","floor":1.0,"turns":4.0},{"damage":0.0,"enemies":"2 Louse","floor":4.0,"turns":2.0},{"damage":20.0,"enemies":"Lagavulin","floor":6.0,"turns":6.0},{"damage":30.0,"enemies":"Gremlin Nob","floor":8.0,"turns":4.0},{"damage":23.0,"enemies":"Lagavulin Event","floor":11.0,"turns":6.0},{"damage":7.0,"enemies":"Jaw Worm","floor":12.0,"turns":2.0},{"damage":10,"enemies":"3 Sentries","floor":13,"turns":6}],"seed_played":"-540960706571608714","potions_obtained":[{"floor":4.0,"key":"FearPotion"},{"floor":11.0,"key":"PowerPotion"},{"floor":12.0,"key":"PowerPotion"}],"is_trial":false,"path_per_floor":["M","$","?","M","?","E","R","E","T","R","?","M","E"],"character_chosen":"DEFECT","items_purchased":["Kunai","Streamline","Conserve Battery"],"campfire_rested":2,"item_purchase_floors":[2,2,2],"current_hp_per_floor":[39,39,39,39,39,19,40,10,10,31,8,1,0],"gold":139,"neow_bonus":"TWO_FIFTY_GOLD","is_prod":false,"is_daily":false,"chose_seed":false,"campfire_upgraded":0,"win_rate":0,"timestamp":1547849241,"path_taken":["M","$","?","M","?","E","R","E","T","R","?","M","E"],"build_version":"2019-01-17v2","purchased_purges":0,"victory":false,"max_hp_per_floor":[71,71,71,71,71,71,71,71,71,71,71,71,71],"card_choices":[{"not_picked":["Cold Snap","Leap"],"picked":"Ball Lightning","floor":1.0},{"not_picked":["Streamline","Capacitor","Compile Driver"],"picked":"SKIP","floor":4.0},{"not_picked":["Force Field","Tempest"],"picked":"Sweeping Beam","floor":6.0},{"not_picked":["Rebound","Auto Shields"],"picked":"Chill","floor":8.0},{"not_picked":["Blizzard","Recycle","Force Field"],"picked":"SKIP","floor":12.0}],"player_experience":1562532,"relics_obtained":[{"floor":6.0,"key":"Shovel"},{"floor":8.0,"key":"Emotion Chip"},{"floor":9.0,"key":"WingedGreaves"},{"floor":11.0,"key":"Incense Burner"}],"event_choices":[{"damage_healed":0.0,"max_hp_gain":0.0,"max_hp_loss":0.0,"gold_gain":0.0,"event_name":"Living Wall","player_choice":"Grow","floor":3.0,"gold_loss":0.0,"damage_taken":0.0,"cards_upgraded":["Zap"]},{"damage_healed":0.0,"max_hp_gain":0.0,"max_hp_loss":0.0,"gold_gain":0.0,"event_name":"World of Goop","player_choice":"Left Gold","floor":5.0,"gold_loss":24.0,"damage_taken":0.0},{"damage_healed":0.0,"max_hp_gain":0.0,"max_hp_loss":0.0,"gold_gain":0.0,"event_name":"Dead Adventurer","player_choice":"Searched \u00272\u0027 times","floor":11.0,"gold_loss":0.0,"damage_taken":0.0}],"is_beta":false,"boss_relics":[],"items_purged_floors":[],"is_endless":false,"potions_floor_spawned":[4,11,12],"killed_by":"3 Sentries","ascension_level":20}