{"gold_per_floor":[109,109,109,120,45,45,80,90,159,172,190,224,251,279,279,355,355,366,366,384,395,36,36,53,87,87,87,87,87,58,78,78,78],"floor_reached":33,"playtime":2028,"items_purged":["Strike_R"],"score":620,"play_id":"655675e0-dfd9-4982-8369-a003a59219ee","local_time":"20190412000505","is_ascension_mode":true,"campfire_choices":[{"data":"Bash","floor":6.0,"key":"SMITH"},{"data":"Heavy Blade","floor":15.0,"key":"SMITH"},{"data":"Flex","floor":23.0,"key":"SMITH"},{"floor":29.0,"key":"REST"},{"floor":32,"key":"REST"}],"neow_cost":"NONE","seed_source_timestamp":171550654215181,"circlet_count":0,"master_deck":["AscendersBane","Strike_R","Strike_R","Strike_R+1","Strike_R+1","Defend_R","Defend_R","Defend_R","Defend_R","Bash+1","Flex+1","Reaper","Battle Trance+1","Spot Weakness+1","Twin Strike","Thunderclap","Reaper","Heavy Blade+1","Feel No Pain","Juggernaut","Twin Strike+1"],"special_seed":0,"relics":["Burning Blood","NeowsBlessing","Ancient Tea Set","Bag of Preparation","Pear","Whetstone","War Paint","Sozu","Nloth\u0027s Gift","Gremlin Horn","Happy Flower","Molten Egg 2","MutagenicStrength"],"potions_floor_usage":[33],"damage_taken":[{"damage":0.0,"enemies":"Small Slimes","floor":1.0,"turns":2.0},{"damage":0.0,"enemies":"2 Louse","floor":4.0,"turns":2.0},{"damage":0.0,"enemies":"3 Sentries","floor":7.0,"turns":2.0},{"damage":6.0,"enemies":"Cultist","floor":8.0,"turns":3.0},{"damage":26.0,"enemies":"Gremlin Gang","floor":10.0,"turns":4.0},{"damage":24.0,"enemies":"Exordium Thugs","floor":11.0,"turns":4.0},{"damage":8.0,"enemies":"Gremlin Nob","floor":12.0,"turns":3.0},{"damage":50.0,"enemies":"3 Sentries","floor":14.0,"turns":6.0},{"damage":59.0,"enemies":"Slime Boss","floor":16.0,"turns":9.0},{"damage":7.0,"enemies":"Chosen","floor":18.0,"turns":3.0},{"damage":30.0,"enemies":"Shell Parasite","floor":20.0,"turns":3.0},{"damage":12.0,"enemies":"Centurion and Healer","floor":21.0,"turns":8.0},{"damage":42.0,"enemies":"Snake Plant","floor":24.0,"turns":4.0},{"damage":61.0,"enemies":"Slavers","floor":25.0,"turns":6.0},{"damage":44,"enemies":"Snecko","floor":31,"turns":6},{"damage":90,"enemies":"Automaton","floor":33,"turns":8}],"seed_played":"9202408050010613516","potions_obtained":[{"floor":1.0,"key":"PowerPotion"},{"floor":4.0,"key":"Weak Potion"},{"floor":14.0,"key":"Energy Potion"}],"is_trial":false,"path_per_floor":["M","?","?","M","$","R","E","M","T","M","M","E","T","E","R","B",null,"M","?","M","M","$","R","M","E","T","?","?","R","$","M","R","B"],"character_chosen":"IRONCLAD","items_purchased":["Spot Weakness","Gremlin Horn","Twin Strike+1"],"campfire_rested":2,"item_purchase_floors":[5,22,30],"current_hp_per_floor":[74,48,48,55,55,55,64,74,84,65,75,82,82,63,63,64,80,85,85,75,85,85,85,53,35,35,35,35,60,60,36,61,0],"gold":78,"neow_bonus":"THREE_ENEMY_KILL","is_prod":false,"is_daily":false,"chose_seed":false,"campfire_upgraded":3,"win_rate":0,"timestamp":1555020305,"path_taken":["M","?","?","M","$","R","E","?","T","?","M","E","?","E","R","BOSS","M","?","?","M","$","R","?","E","T","?","?","R","?","M","R","BOSS"],"build_version":"2019-01-23","purchased_purges":1,"victory":false,"max_hp_per_floor":[75,75,75,75,75,75,75,75,85,85,85,85,85,85,85,85,85,85,85,85,85,85,85,85,85,85,85,85,85,85,85,85,85],"card_choices":[{"not_picked":["Bloodletting","Metallicize"],"picked":"Flex","floor":1.0},{"not_picked":["Shrug It Off","Havoc"],"picked":"Battle Trance","floor":4.0},{"not_picked":["Seeing Red","Sever Soul"],"picked":"Twin Strike","floor":7.0},{"not_picked":["True Grit","Flex"],"picked":"Thunderclap","floor":8.0},{"not_picked":["Feel No Pain","Shrug It Off"],"picked":"Reaper","floor":10.0},{"not_picked":["Thunderclap","True Grit"],"picked":"Heavy Blade","floor":11.0},{"not_picked":["Berserk","Power Through","Body Slam"],"picked":"SKIP","floor":12.0},{"not_picked":["Warcry","Ghostly Armor","Armaments"],"picked":"SKIP","floor":14.0},{"not_picked":["Reckless Charge","Clash+1","Sentinel"],"picked":"SKIP","floor":18.0},{"not_picked":["True Grit","Dark Embrace"],"picked":"Feel No Pain","floor":20.0},{"not_picked":["Evolve","Heavy Blade","Flex"],"picked":"SKIP","floor":21.0},{"not_picked":["Rage","Clash","Dark Embrace"],"picked":"SKIP","floor":24.0},{"not_picked":["Sentinel","Flex"],"picked":"Juggernaut","floor":25.0},{"not_picked":["Thunderclap+1","Body Slam+1","Wild Strike+1"],"picked":"SKIP","floor":31}],"player_experience":2477684,"relics_obtained":[{"floor":7.0,"key":"Bag of Preparation"},{"floor":9.0,"key":"Pear"},{"floor":12.0,"key":"Whetstone"},{"floor":13.0,"key":"War Paint"},{"floor":14.0,"key":"Dream Catcher"},{"floor":25.0,"key":"Happy Flower"},{"floor":26.0,"key":"Molten Egg 2"}],"event_choices":[{"damage_healed":0.0,"max_hp_gain":0.0,"max_hp_loss":0.0,"gold_gain":0.0,"event_name":"Scrap Ooze","player_choice":"Success","floor":2.0,"gold_loss":0.0,"damage_taken":26.0,"relics_obtained":["Ancient Tea Set"]},{"damage_healed":0.0,"max_hp_gain":0.0,"max_hp_loss":0.0,"gold_gain":0.0,"event_name":"Match and Keep!","player_choice":"1 cards matched","floor":3.0,"gold_loss":0.0,"damage_taken":0.0,"cards_obtained":["Reaper"]},{"damage_healed":0.0,"max_hp_gain":0.0,"max_hp_loss":0.0,"gold_gain":0.0,"event_name":"N\u0027loth","player_choice":"Traded Relic","floor":19.0,"relics_lost":["Dream Catcher"],"gold_loss":0.0,"damage_taken":0.0,"relics_obtained":["Nloth\u0027s Gift"]},{"damage_healed":0.0,"max_hp_gain":0.0,"max_hp_loss":0.0,"gold_gain":0.0,"event_name":"The Mausoleum","player_choice":"Ignored","floor":27.0,"gold_loss":0.0,"damage_taken":0.0},{"damage_healed":0.0,"max_hp_gain":0.0,"max_hp_loss":0.0,"gold_gain":0.0,"event_name":"Drug Dealer","player_choice":"Inject Mutagens","floor":28.0,"gold_loss":0.0,"damage_taken":0.0,"relics_obtained":["MutagenicStrength"]}],"is_beta":false,"boss_relics":[{"not_picked":["Mark of Pain","Lizard Tail"],"picked":"Sozu"}],"items_purged_floors":[22],"is_endless":false,"potions_floor_spawned":[1,4,8,14,18,21,24,31],"killed_by":"Automaton","ascension_level":20}