{"gold_per_floor":[113,113,38,58,75,75,107,107,107,117,117,132,132,151,151,151],"floor_reached":16,"playtime":1481,"items_purged":["Strike_R"],"score":204,"play_id":"22078120-c023-4869-a3b8-45414d71c088","local_time":"20190401202045","is_ascension_mode":true,"campfire_choices":[{"data":"Whirlwind","floor":6,"key":"SMITH"},{"data":"Bash","floor":8,"key":"SMITH"},{"data":"Twin Strike","floor":11,"key":"SMITH"},{"data":"Battle Trance","floor":13,"key":"SMITH"},{"data":"Defend_R","floor":15,"key":"SMITH"}],"neow_cost":"NONE","seed_source_timestamp":684760888397205,"circlet_count":0,"master_deck":["AscendersBane","Strike_R","Strike_R","Strike_R","Strike_R","Defend_R+1","Defend_R+1","Defend_R+1","Defend_R","Bash+1","Whirlwind+1","Battle Trance+1","Twin Strike+1","Reaper","Heavy Blade"],"relics":["Burning Blood","NeowsBlessing","Sundial","Blood Vial"],"potions_floor_usage":[10,10,14],"damage_taken":[{"damage":0,"enemies":"2 Louse","floor":1,"turns":1},{"damage":0,"enemies":"Jaw Worm","floor":4,"turns":1},{"damage":0,"enemies":"Cultist","floor":5,"turns":1},{"damage":44,"enemies":"Lagavulin","floor":7,"turns":8},{"damage":12,"enemies":"Exordium Wildlife","floor":10,"turns":3},{"damage":0,"enemies":"Blue Slaver","floor":12,"turns":3},{"damage":10,"enemies":"Exordium Thugs","floor":14,"turns":3},{"damage":44,"enemies":"Hexaghost","floor":16,"turns":9}],"seed_played":"7881979942319858655","potions_obtained":[{"floor":1,"key":"Explosive Potion"},{"floor":7,"key":"FearPotion"},{"floor":12,"key":"SkillPotion"}],"is_trial":false,"path_per_floor":["M","?","$","M","M","R","E","R","T","M","R","M","R","M","R","B"],"character_chosen":"IRONCLAD","items_purchased":[],"campfire_rested":0,"item_purchase_floors":[],"current_hp_per_floor":[74,51,51,57,63,63,25,25,25,21,21,29,29,33,33,0],"gold":151,"neow_bonus":"THREE_ENEMY_KILL","is_prod":false,"is_daily":false,"chose_seed":false,"campfire_upgraded":5,"win_rate":0,"timestamp":1554142845,"path_taken":["M","?","?","M","?","R","E","R","T","M","R","M","R","M","R","BOSS"],"build_version":"2019-01-23","purchased_purges":1,"victory":false,"max_hp_per_floor":[75,75,75,75,75,75,75,75,75,75,75,75,75,75,75,75],"card_choices":[{"not_picked":["Pommel Strike","Ghostly Armor"],"picked":"Whirlwind","floor":1},{"not_picked":["Heavy Blade","Sword Boomerang"],"picked":"Battle Trance","floor":4},{"not_picked":["Infernal Blade","Hemokinesis"],"picked":"Twin Strike","floor":5},{"not_picked":["Dual Wield","Hemokinesis","Sever Soul"],"picked":"SKIP","floor":7},{"not_picked":["Infernal Blade","Thunderclap"],"picked":"Reaper","floor":10},{"not_picked":["Clash","Blood for Blood"],"picked":"Heavy Blade","floor":12},{"not_picked":["Body Slam","True Grit","Anger"],"picked":"SKIP","floor":14}],"player_experience":2315219,"relics_obtained":[{"floor":7,"key":"Sundial"},{"floor":9,"key":"Blood Vial"}],"event_choices":[{"damage_healed":0,"gold_gain":0,"player_choice":"Entered Light","damage_taken":23,"max_hp_gain":0,"max_hp_loss":0,"event_name":"Shining Light","floor":2,"gold_loss":0,"cards_upgraded":["Defend_R","Defend_R"]}],"is_beta":false,"boss_relics":[],"items_purged_floors":[3],"is_endless":false,"potions_floor_spawned":[1,7,12],"killed_by":"Hexaghost","ascension_level":20}