{"gold_per_floor":[115,115,138,138,138,178,178,228,252,275,318,333,356,397,397,491,491,507,507,507],"floor_reached":20,"playtime":2181,"items_purged":[],"score":434,"play_id":"9b95b122-5c30-427a-a119-4c346222bf94","local_time":"20190519143125","is_ascension_mode":true,"campfire_choices":[{"floor":7.0,"key":"REST"},{"floor":15,"key":"REST"}],"neow_cost":"NONE","seed_source_timestamp":349487856305600,"circlet_count":0,"master_deck":["AscendersBane","Strike_B","Strike_B","Strike_B","Defend_B","Defend_B","Defend_B","Defend_B","Zap+1","Dualcast","Rebound","Cold Snap","Echo Form","Self Repair","Rip and Tear","Gash","All For One","Hologram","Necronomicurse"],"special_seed":0,"relics":["Cracked Core","NeowsBlessing","Golden Idol","Sundial","Regal Pillow","Ginger","Juzu Bracelet","Sozu","Necronomicon"],"potions_floor_usage":[11,14,20],"damage_taken":[{"damage":0.0,"enemies":"Small Slimes","floor":1.0,"turns":1.0},{"damage":0.0,"enemies":"2 Louse","floor":3.0,"turns":1.0},{"damage":0.0,"enemies":"Lagavulin","floor":6.0,"turns":1.0},{"damage":4,"enemies":"Cultist","floor":10,"turns":3},{"damage":13,"enemies":"3 Sentries","floor":11,"turns":11},{"damage":7,"enemies":"Exordium Wildlife","floor":12,"turns":4},{"damage":11,"enemies":"Large Slime","floor":13,"turns":6},{"damage":13,"enemies":"Lagavulin","floor":14,"turns":6},{"damage":53,"enemies":"Slime Boss","floor":16,"turns":13},{"damage":11,"enemies":"Chosen","floor":18,"turns":5},{"damage":42,"enemies":"Masked Bandits","floor":20,"turns":3}],"seed_played":"-4835356704517980100","potions_obtained":[{"floor":3.0,"key":"SkillPotion"},{"floor":6.0,"key":"Ancient Potion"},{"floor":11,"key":"Strength Potion"}],"is_trial":false,"path_per_floor":["M","?","M","?","?","E","R","?","T","M","E","M","M","E","R","B",null,"M","?","?"],"character_chosen":"DEFECT","items_purchased":[],"campfire_rested":2,"item_purchase_floors":[],"current_hp_per_floor":[64,40,40,40,33,33,54,47,47,43,30,23,26,20,56,17,58,61,40,0],"gold":507,"neow_bonus":"THREE_ENEMY_KILL","is_prod":false,"is_daily":false,"chose_seed":false,"campfire_upgraded":0,"win_rate":0,"timestamp":1558269085,"path_taken":["M","?","M","?","?","E","R","?","T","M","E","M","?","E","R","BOSS","M","?","?"],"build_version":"2019-01-23","purchased_purges":0,"victory":false,"max_hp_per_floor":[71,71,71,71,71,71,71,71,71,71,71,71,71,71,71,71,71,71,71,71],"card_choices":[{"not_picked":["Capacitor","White Noise"],"picked":"Rebound","floor":1.0},{"not_picked":["Barrage","Streamline","Heatsinks"],"picked":"SKIP","floor":3.0},{"not_picked":["Gash","Thunder Strike"],"picked":"Cold Snap","floor":6.0},{"not_picked":["Scrape","Streamline","Gash"],"picked":"SKIP","floor":10},{"not_picked":["Streamline","Stack"],"picked":"Echo Form","floor":11},{"not_picked":["Cold Snap","Storm"],"picked":"Self Repair","floor":12},{"not_picked":["Leap","Go for the Eyes"],"picked":"Rip and Tear","floor":13},{"not_picked":["Leap","Tempest"],"picked":"Gash","floor":14},{"not_picked":["Biased Cognition","Echo Form"],"picked":"All For One","floor":16},{"not_picked":["Stack","Streamline"],"picked":"Hologram","floor":18}],"player_experience":2712920,"relics_obtained":[{"floor":6.0,"key":"Sundial"},{"floor":9,"key":"Regal Pillow"},{"floor":11,"key":"Ginger"},{"floor":14,"key":"Juzu Bracelet"},{"floor":19,"key":"Necronomicon"}],"event_choices":[{"damage_healed":0.0,"max_hp_gain":0.0,"max_hp_loss":0.0,"gold_gain":0.0,"event_name":"Golden Idol","player_choice":"Take Damage","floor":2.0,"gold_loss":0.0,"damage_taken":24.0,"relics_obtained":["Golden Idol"]},{"damage_healed":0.0,"max_hp_gain":0.0,"max_hp_loss":0.0,"gold_gain":0.0,"event_name":"Living Wall","player_choice":"Grow","floor":4.0,"gold_loss":0.0,"damage_taken":0.0,"cards_upgraded":["Zap"]},{"cards_removed":["Strike_B"],"damage_healed":0.0,"max_hp_gain":0.0,"max_hp_loss":0.0,"gold_gain":0.0,"event_name":"Golden Wing","player_choice":"Card Removal","floor":5.0,"gold_loss":0.0,"damage_taken":7.0},{"damage_healed":0,"gold_gain":50,"player_choice":"Touch","damage_taken":7,"max_hp_gain":0,"max_hp_loss":0,"event_name":"FaceTrader","floor":8,"gold_loss":0},{"damage_healed":0,"gold_gain":0,"player_choice":"Obtained Book","damage_taken":21,"max_hp_gain":0,"max_hp_loss":0,"event_name":"Cursed Tome","floor":19,"gold_loss":0},{"damage_healed":0,"gold_gain":0,"player_choice":"Fought Bandits","damage_taken":0,"max_hp_gain":0,"max_hp_loss":0,"event_name":"Masked Bandits","floor":20,"gold_loss":0}],"is_beta":false,"boss_relics":[{"not_picked":["Orrery","Philosopher\u0027s Stone"],"picked":"Sozu"}],"items_purged_floors":[],"is_endless":false,"potions_floor_spawned":[3,6,10,11,13],"killed_by":"Masked Bandits","ascension_level":20}