{"gold_per_floor":[116,116,134,84,84,84,96,96,96,128,53,71,103,103,103,205,205,205,41,41,41,41,41,41,41,41,41,41,41,41,41,41,41,41,41,41,41,41,41,41,41,41,41,41,41,41,41,41,41,41],"floor_reached":51,"playtime":3239,"items_purged":[],"score":783,"play_id":"7ae5c1da-8d65-4085-821f-a78e0df38f02","local_time":"20181031170342","is_ascension_mode":false,"campfire_choices":[{"data":"Neutralize","floor":6.0,"key":"SMITH"},{"data":"Backflip","floor":8.0,"key":"SMITH"},{"data":"Leg Sweep","floor":15.0,"key":"SMITH"},{"data":"Infinite Blades","floor":25.0,"key":"SMITH"},{"data":"Dash","floor":27.0,"key":"SMITH"},{"data":"Quick Slash","floor":29.0,"key":"SMITH"},{"data":"Dagger Throw","floor":32.0,"key":"SMITH"},{"floor":40.0,"key":"DIG"},{"floor":42.0,"key":"DIG"},{"floor":44.0,"key":"DIG"},{"floor":49,"key":"DIG"}],"neow_cost":"NONE","seed_source_timestamp":3427967227321,"circlet_count":0,"master_deck":["Defend_G+1","Defend_G+1","Defend_G+1","Defend_G+1","Defend_G+1","Strike_G+1","Survivor","Neutralize+1","Dagger Throw+1","Concentrate+1","PiercingWail+1","Quick Slash+1","Backflip+1","Dagger Throw+1","Dash+1","Leg Sweep+1","Quick Slash","PiercingWail+1","Venomology+1","Infinite Blades+1","Trip+1","Masterful Stab","Accuracy+1","Flying Knee+1","Backstab+1","Expertise+1","Dagger Spray+1","Concentrate+1","Phantasmal Killer+1","Cloak And Dagger+1","Night Terror+1","Dash+1","Terror+1","Cloak And Dagger+1"],"special_seed":0,"relics":["Astrolabe","Pen Nib","Singing Bowl","Pear","Toxic Egg 2","Sundial","Ectoplasm","Omamori","Frozen Egg 2","Red Mask","Coffee Dripper","Shovel","Tiny Chest","Bag of Marbles","Potion Belt","Anchor","Mercury Hourglass","WingedGreaves","Orichalcum","PreservedInsect","Centennial Puzzle"],"potions_floor_usage":[50,50,50,50],"damage_taken":[{"damage":0.0,"enemies":"Jaw Worm","floor":1.0,"turns":4.0},{"damage":0.0,"enemies":"Small Slimes","floor":3.0,"turns":4.0},{"damage":0.0,"enemies":"2 Louse","floor":7.0,"turns":3.0},{"damage":0.0,"enemies":"3 Sentries","floor":10.0,"turns":10.0},{"damage":0.0,"enemies":"2 Fungi Beasts","floor":12.0,"turns":2.0},{"damage":9.0,"enemies":"Gremlin Nob","floor":13.0,"turns":4.0},{"damage":20.0,"enemies":"Slime Boss","floor":16.0,"turns":12.0},{"damage":0.0,"enemies":"Spheric Guardian","floor":18.0,"turns":5.0},{"damage":0.0,"enemies":"Chosen","floor":20.0,"turns":4.0},{"damage":2.0,"enemies":"Sentry and Sphere","floor":22.0,"turns":4.0},{"damage":7.0,"enemies":"Slavers","floor":23.0,"turns":7.0},{"damage":0.0,"enemies":"Cultist and Chosen","floor":24.0,"turns":4.0},{"damage":0.0,"enemies":"Centurion and Healer","floor":28.0,"turns":6.0},{"damage":0.0,"enemies":"Masked Bandits","floor":30.0,"turns":4.0},{"damage":0.0,"enemies":"3 Cultists","floor":31.0,"turns":3.0},{"damage":29.0,"enemies":"Champ","floor":33.0,"turns":11.0},{"damage":0.0,"enemies":"3 Shapes","floor":35.0,"turns":4.0},{"damage":8.0,"enemies":"2 Orb Walkers","floor":37.0,"turns":5.0},{"damage":1.0,"enemies":"Orb Walker","floor":38.0,"turns":2.0},{"damage":0.0,"enemies":"Maw","floor":41.0,"turns":6.0},{"damage":0.0,"enemies":"Reptomancer","floor":45.0,"turns":2.0},{"damage":6,"enemies":"Nemesis","floor":46,"turns":4},{"damage":2,"enemies":"Sphere and 2 Shapes","floor":48,"turns":5},{"damage":29,"enemies":"Awakened One","floor":50,"turns":8}],"seed_played":"-3397318837169694634","potions_obtained":[{"floor":7.0,"key":"EssenceOfSteel"},{"floor":10.0,"key":"Strength Potion"},{"floor":16.0,"key":"Fire Potion"},{"floor":20.0,"key":"Weak Potion"},{"floor":23.0,"key":"Explosive Potion"},{"floor":37.0,"key":"FearPotion"}],"is_trial":false,"path_per_floor":["M","?","M","?","?","R","M","R","T","E","$","M","E","?","R","B",null,"M","$","M","?","M","E","M","R","T","R","M","R","?","M","R","B",null,"M","?","?","M","T","R","M","R","T","R","E","E","T","M","R","B",null],"character_chosen":"THE_SILENT","items_purchased":["Leg Sweep","Trip+1","Masterful Stab"],"campfire_rested":0,"item_purchase_floors":[11,19,19],"current_hp_per_floor":[70,37,37,37,23,23,23,23,23,33,33,33,24,24,24,4,80,80,80,80,80,78,71,73,73,73,73,73,73,73,73,73,44,82,84,84,76,77,77,77,77,77,77,77,77,71,71,69,69,55],"gold":41,"neow_bonus":"BOSS_RELIC","is_prod":false,"is_daily":false,"chose_seed":false,"campfire_upgraded":7,"win_rate":0,"timestamp":1541001822,"path_taken":["M","?","M","?","?","R","M","R","T","E","$","M","E","?","R","BOSS","M","$","M","?","M","E","M","R","T","R","M","R","?","M","R","BOSS","M","?","?","M","?","R","M","R","T","R","E","E","?","?","R","BOSS"],"build_version":"2018-10-30","purchased_purges":0,"victory":true,"max_hp_per_floor":[70,70,70,70,70,70,70,70,70,80,80,80,80,80,80,80,80,80,80,80,80,80,80,82,82,82,82,82,82,82,82,82,82,82,84,84,84,86,86,86,86,86,86,86,86,86,86,86,86,86],"card_choices":[{"not_picked":["Caltrops","Slice"],"picked":"Quick Slash","floor":1.0},{"not_picked":["Flying Knee","Underhanded Strike"],"picked":"Backflip","floor":3.0},{"not_picked":["Bane","Outmaneuver"],"picked":"Dagger Throw","floor":7.0},{"not_picked":["Catalyst","Blur"],"picked":"Dash","floor":10.0},{"not_picked":["Catalyst","Deflect"],"picked":"Quick Slash","floor":12.0},{"not_picked":["Riddle With Holes","Blade Dance"],"picked":"PiercingWail","floor":13.0},{"not_picked":["Grand Finale","Die Die Die"],"picked":"Venomology+1","floor":16.0},{"not_picked":["Dodge and Roll+1","Crippling Poison+1"],"picked":"Infinite Blades","floor":18.0},{"not_picked":["Poisoned Stab","Dagger Spray"],"picked":"Accuracy+1","floor":20.0},{"not_picked":["Bouncing Flask+1","Dodge and Roll+1"],"picked":"Flying Knee+1","floor":22.0},{"not_picked":["Heel Hook","Caltrops+1"],"picked":"Backstab+1","floor":23.0},{"not_picked":["Quick Slash","Dagger Throw","Envenom"],"picked":"Singing Bowl","floor":24.0},{"not_picked":["Dodge and Roll+1","Deflect+1"],"picked":"Expertise+1","floor":28.0},{"not_picked":["Predator","Dodge and Roll+1"],"picked":"Dagger Spray+1","floor":30.0},{"not_picked":["Underhanded Strike+1","Noxious Fumes+1"],"picked":"Concentrate+1","floor":31.0},{"not_picked":["Tools of the Trade+1","After Image+1"],"picked":"Phantasmal Killer+1","floor":33.0},{"not_picked":["Dagger Spray","PiercingWail+1","Caltrops+1"],"picked":"Singing Bowl","floor":35.0},{"not_picked":["Deadly Poison+1","Blade Dance+1"],"picked":"Cloak And Dagger+1","floor":37.0},{"not_picked":["Dodge and Roll+1","Acrobatics+1","Catalyst+1"],"picked":"Singing Bowl","floor":38.0},{"not_picked":["Underhanded Strike+1","Blade Dance+1"],"picked":"Night Terror+1","floor":41.0},{"not_picked":["Caltrops+1","Quick Slash"],"picked":"Dash+1","floor":45.0},{"not_picked":["Slice+1","Sucker Punch"],"picked":"Terror+1","floor":46},{"not_picked":["Reflex+1","Dodge and Roll+1"],"picked":"Cloak And Dagger+1","floor":48}],"player_experience":1035729,"relics_obtained":[{"floor":9.0,"key":"Singing Bowl"},{"floor":10.0,"key":"Pear"},{"floor":13.0,"key":"Toxic Egg 2"},{"floor":23.0,"key":"Omamori"},{"floor":26.0,"key":"Frozen Egg 2"},{"floor":30.0,"key":"Red Mask"},{"floor":37.0,"key":"Shovel"},{"floor":39.0,"key":"Tiny Chest"},{"floor":40.0,"key":"Bag of Marbles"},{"floor":42.0,"key":"Potion Belt"},{"floor":43.0,"key":"Anchor"},{"floor":44.0,"key":"Mercury Hourglass"},{"floor":45.0,"key":"WingedGreaves"},{"floor":46,"key":"Orichalcum"},{"floor":47,"key":"PreservedInsect"},{"floor":49,"key":"Centennial Puzzle"}],"event_choices":[{"damage_healed":0.0,"max_hp_gain":0.0,"max_hp_loss":0.0,"gold_gain":0.0,"event_name":"Scrap Ooze","player_choice":"Success","floor":2.0,"gold_loss":0.0,"damage_taken":33.0,"relics_obtained":["Pen Nib"]},{"cards_removed":["Strike_G"],"damage_healed":0.0,"max_hp_gain":0.0,"max_hp_loss":0.0,"gold_gain":0.0,"event_name":"The Cleric","player_choice":"Card Removal","floor":4.0,"gold_loss":50.0,"damage_taken":0.0},{"damage_healed":0.0,"max_hp_gain":0.0,"max_hp_loss":0.0,"gold_gain":0.0,"event_name":"Shining Light","player_choice":"Entered Light","floor":5.0,"gold_loss":0.0,"damage_taken":14.0,"cards_upgraded":["Defend_G","Defend_G"]},{"damage_healed":0.0,"max_hp_gain":0.0,"max_hp_loss":0.0,"gold_gain":0.0,"event_name":"Dead Adventurer","player_choice":"Searched \u00271\u0027 times","floor":14.0,"gold_loss":0.0,"damage_taken":0.0,"relics_obtained":["Sundial"]},{"damage_healed":0.0,"max_hp_gain":0.0,"max_hp_loss":0.0,"gold_gain":0.0,"event_name":"Back to Basics","player_choice":"Simplicity","floor":21.0,"gold_loss":0.0,"damage_taken":0.0,"cards_upgraded":["Defend_G","Defend_G","Defend_G","Strike_G"]},{"damage_healed":0.0,"max_hp_gain":0.0,"max_hp_loss":0.0,"gold_gain":0.0,"event_name":"Masked Bandits","player_choice":"Fought Bandits","floor":30.0,"gold_loss":0.0,"damage_taken":0.0},{"damage_healed":0.0,"max_hp_gain":0.0,"max_hp_loss":0.0,"gold_gain":222.0,"event_name":"Tomb of Lord Red Mask","player_choice":"Wore Mask","floor":36.0,"gold_loss":0.0,"damage_taken":0.0},{"damage_healed":0.0,"max_hp_gain":0.0,"max_hp_loss":0.0,"gold_gain":0.0,"event_name":"Mysterious Sphere","player_choice":"Fight","floor":37.0,"gold_loss":0.0,"damage_taken":0.0}],"is_beta":true,"boss_relics":[{"not_picked":["White Beast Statue","Philosopher\u0027s Stone"],"picked":"Ectoplasm"},{"not_picked":["Empty Cage","Snecko Eye"],"picked":"Coffee Dripper"}],"items_purged_floors":[],"is_endless":false,"potions_floor_spawned":[7,10,16,20,23,28,30,37,48],"ascension_level":0}