{"gold_per_floor":[119,44,9,22,40,40,74,74,151,226,226,226,245,269,269,269],"floor_reached":16,"playtime":634,"items_purged":["Shame"],"score":200,"play_id":"d4cc96f5-b410-4355-9e42-0bf26f575fdf","local_time":"20190413000810","is_ascension_mode":true,"campfire_choices":[{"data":"Bash","floor":6,"key":"SMITH"},{"floor":8,"key":"REST"},{"floor":15,"key":"REST"}],"neow_cost":"CURSE","seed_source_timestamp":270052494116740,"circlet_count":0,"master_deck":["AscendersBane","Strike_R","Strike_R","Strike_R","Strike_R","Strike_R","Defend_R","Defend_R","Defend_R","Defend_R","Bash+1","Evolve","Twin Strike","Shrug It Off","Headbutt","Burning Pact"],"relics":["Burning Blood","Gambling Chip","Potion Belt","Frozen Egg 2","Golden Idol"],"potions_floor_usage":[14,16],"damage_taken":[{"damage":10,"enemies":"Small Slimes","floor":1,"turns":3},{"damage":8,"enemies":"2 Louse","floor":4,"turns":4},{"damage":14,"enemies":"Jaw Worm","floor":5,"turns":3},{"damage":63,"enemies":"Lagavulin","floor":7,"turns":9},{"damage":9,"enemies":"Looter","floor":13,"turns":3},{"damage":33,"enemies":"Lots of Slimes","floor":14,"turns":8},{"damage":37,"enemies":"The Guardian","floor":16,"turns":6}],"seed_played":"3268112154546014676","potions_obtained":[{"floor":1,"key":"FairyPotion"},{"floor":13,"key":"Regen Potion"},{"floor":14,"key":"LiquidBronze"}],"is_trial":false,"path_per_floor":["M","$","?","M","M","R","E","R","T","?","?","?","M","M","R","B"],"character_chosen":"IRONCLAD","items_purchased":[],"campfire_rested":2,"item_purchase_floors":[],"current_hp_per_floor":[64,64,75,73,65,65,8,30,30,19,19,19,16,13,33,0],"gold":269,"neow_bonus":"ONE_RARE_RELIC","is_prod":false,"is_daily":false,"chose_seed":false,"campfire_upgraded":1,"win_rate":0,"timestamp":1555106890,"path_taken":["M","$","?","M","M","R","E","R","T","?","?","?","M","?","R","BOSS"],"build_version":"2019-01-23","purchased_purges":1,"victory":false,"max_hp_per_floor":[75,75,75,75,75,75,75,75,75,75,68,68,68,68,68,68],"card_choices":[{"not_picked":["Pommel Strike","Bloodletting"],"picked":"Evolve","floor":1},{"not_picked":["Shrug It Off","Clash"],"picked":"Twin Strike","floor":4},{"not_picked":["Entrench","True Grit"],"picked":"Shrug It Off","floor":5},{"not_picked":["Armaments","Blood for Blood"],"picked":"Headbutt","floor":7},{"not_picked":["Sentinel","Clothesline"],"picked":"Burning Pact","floor":13},{"not_picked":["Headbutt","Twin Strike","Rage"],"picked":"SKIP","floor":14}],"player_experience":2482675,"relics_obtained":[{"floor":7,"key":"Potion Belt"},{"floor":9,"key":"Frozen Egg 2"}],"event_choices":[{"damage_healed":18,"gold_gain":0,"player_choice":"Healed","damage_taken":0,"max_hp_gain":0,"max_hp_loss":0,"event_name":"The Cleric","floor":3,"gold_loss":35},{"damage_healed":0,"gold_gain":75,"player_choice":"Gather Gold","damage_taken":11,"max_hp_gain":0,"max_hp_loss":0,"event_name":"World of Goop","floor":10,"gold_loss":0},{"damage_healed":0,"gold_gain":0,"player_choice":"Lose Max HP","damage_taken":0,"relics_obtained":["Golden Idol"],"max_hp_gain":0,"max_hp_loss":7,"event_name":"Golden Idol","floor":11,"gold_loss":0},{"damage_healed":0,"gold_gain":0,"player_choice":"Ignored","damage_taken":0,"max_hp_gain":0,"max_hp_loss":0,"event_name":"Liars Game","floor":12,"gold_loss":0}],"is_beta":false,"boss_relics":[],"items_purged_floors":[2],"is_endless":false,"potions_floor_spawned":[1,13,14],"killed_by":"The Guardian","ascension_level":20}