{"gold_per_floor":[19,33,49,61,61,61,93,368,393,393,407,407,9,41,41,118,118,135,135,151,151],"floor_reached":21,"playtime":1442,"items_purged":["Strike_B"],"score":378,"play_id":"3f4f0f35-a409-4da6-ad9c-49d912d5069c","local_time":"20190517210143","is_ascension_mode":true,"campfire_choices":[{"data":"Fission","floor":6.0,"key":"SMITH"},{"floor":10.0,"key":"REST"},{"data":"Zap","floor":15.0,"key":"SMITH"}],"neow_cost":"NO_GOLD","seed_source_timestamp":0,"circlet_count":0,"master_deck":["AscendersBane","Strike_B","Defend_B","Defend_B","Defend_B","Defend_B","Zap+1","Dualcast","Cold Snap","Genetic Algorithm","Chaos","Fission+1","Coolheaded","Meteor Strike","Capacitor","Echo Form","Meteor Strike","Creative AI","Reboot"],"special_seed":0,"relics":["Cracked Core","Pocketwatch","Bag of Marbles","DataDisk","PreservedInsect","Runic Pyramid"],"potions_floor_usage":[20],"damage_taken":[{"damage":1.0,"enemies":"2 Louse","floor":1.0,"turns":3.0},{"damage":0.0,"enemies":"Cultist","floor":2.0,"turns":4.0},{"damage":5.0,"enemies":"Small Slimes","floor":3.0,"turns":4.0},{"damage":9.0,"enemies":"Exordium Wildlife","floor":4.0,"turns":6.0},{"damage":18.0,"enemies":"Gremlin Nob","floor":7.0,"turns":4.0},{"damage":18.0,"enemies":"Large Slime","floor":11.0,"turns":5.0},{"damage":6.0,"enemies":"Lagavulin","floor":14.0,"turns":6.0},{"damage":3.0,"enemies":"The Guardian","floor":16.0,"turns":11.0},{"damage":0.0,"enemies":"Chosen","floor":18.0,"turns":5.0},{"damage":21,"enemies":"3 Byrds","floor":20,"turns":6},{"damage":45,"enemies":"Masked Bandits","floor":21,"turns":3}],"seed_played":"-4401278440403837621","potions_obtained":[{"floor":1.0,"key":"Swift Potion"},{"floor":4.0,"key":"Block Potion"},{"floor":14.0,"key":"SpeedPotion"},{"floor":16.0,"key":"SteroidPotion"},{"floor":18.0,"key":"Explosive Potion"}],"is_trial":false,"path_per_floor":["M","M","M","M","$","R","E","?","T","R","M","?","$","E","R","B",null,"M","?","M","?"],"character_chosen":"DEFECT","items_purchased":["Meteor Strike","Capacitor","Regen Potion"],"campfire_rested":1,"item_purchase_floors":[13,13,13],"current_hp_per_floor":[63,63,58,49,49,49,31,31,31,52,34,34,34,43,43,40,63,63,63,42,0],"gold":151,"neow_bonus":"ONE_RARE_RELIC","is_prod":false,"is_daily":false,"chose_seed":false,"campfire_upgraded":2,"win_rate":0,"timestamp":1558119703,"path_taken":["M","M","M","M","$","R","E","?","T","R","?","?","$","E","R","BOSS","M","?","M","?"],"build_version":"2019-01-23","purchased_purges":1,"victory":false,"max_hp_per_floor":[71,71,71,71,71,71,71,71,71,71,71,71,71,71,71,71,71,71,71,71,71],"card_choices":[{"not_picked":["Scrape","Rebound"],"picked":"Cold Snap","floor":1.0},{"not_picked":["Undo","Double Energy"],"picked":"Genetic Algorithm","floor":2.0},{"not_picked":["Steam","Compile Driver"],"picked":"Chaos","floor":3.0},{"not_picked":["Barrage","Melter"],"picked":"Fission","floor":4.0},{"not_picked":["Chill","Force Field"],"picked":"Coolheaded","floor":7.0},{"not_picked":["Compile Driver","Darkness","Streamline"],"picked":"SKIP","floor":11.0},{"not_picked":["Darkness","Glacier"],"picked":"Echo Form","floor":14.0},{"not_picked":["Core Surge","Buffer"],"picked":"Meteor Strike","floor":16.0},{"not_picked":["Rebound","Steam","Sweeping Beam"],"picked":"SKIP","floor":18.0},{"not_picked":["Go for the Eyes","Streamline","Capacitor"],"picked":"SKIP","floor":20}],"player_experience":2704970,"relics_obtained":[{"floor":7.0,"key":"Bag of Marbles"},{"floor":9.0,"key":"DataDisk"},{"floor":14.0,"key":"PreservedInsect"}],"event_choices":[{"damage_healed":0.0,"max_hp_gain":0.0,"max_hp_loss":0.0,"gold_gain":275.0,"event_name":"Golden Shrine","player_choice":"Desecrate","floor":8.0,"gold_loss":0.0,"damage_taken":0.0,"cards_obtained":["Regret"]},{"cards_removed":["Regret"],"damage_healed":0.0,"max_hp_gain":0.0,"max_hp_loss":0.0,"gold_gain":0.0,"event_name":"Living Wall","player_choice":"Forget","floor":12.0,"gold_loss":0.0,"damage_taken":0.0},{"damage_healed":0.0,"max_hp_gain":0.0,"max_hp_loss":0.0,"gold_gain":0.0,"cards_transformed":["Strike_B","Strike_B"],"event_name":"Drug Dealer","player_choice":"Became Test Subject","floor":19.0,"gold_loss":0.0,"damage_taken":0.0,"cards_obtained":["Creative AI","Reboot"]},{"damage_healed":0,"gold_gain":0,"player_choice":"Fought Bandits","damage_taken":0,"max_hp_gain":0,"max_hp_loss":0,"event_name":"Masked Bandits","floor":21,"gold_loss":0}],"is_beta":false,"boss_relics":[{"not_picked":["Coffee Dripper","Calling Bell"],"picked":"Runic Pyramid"}],"items_purged_floors":[13],"is_endless":false,"potions_floor_spawned":[1,4,14,16,18],"killed_by":"Masked Bandits","ascension_level":20}