{"gold_per_floor":[115,34,53,0,0,59,59,71,116,116,141,141,166,177,177,252,252,271,58,108,124,134,164,164,189,216,216,236,236,256,156,156,156],"floor_reached":33,"playtime":2858,"items_purged":["Strike_B","Strike_B"],"score":656,"play_id":"b3baf783-4795-4c30-8fbb-ddbbba14deaf","local_time":"20190311221427","is_ascension_mode":true,"campfire_choices":[{"data":"Zap","floor":10.0,"key":"SMITH"},{"data":"Rip and Tear","floor":12.0,"key":"SMITH"},{"data":"Go for the Eyes","floor":15.0,"key":"SMITH"},{"floor":24,"key":"REST"},{"floor":27,"key":"REST"},{"data":"Reinforced Body","floor":32,"key":"SMITH"}],"neow_cost":"NONE","seed_source_timestamp":1182541195215,"circlet_count":0,"master_deck":["AscendersBane","Strike_B","Defend_B","Defend_B","Defend_B","Defend_B","Zap+1","Dualcast","Ball Lightning","Reinforced Body+1","Go for the Eyes+1","Leap","Conserve Battery","Rip and Tear+1","Sweeping Beam","Tempest+1","Hyperbeam","Self Repair","Hologram+1","Steam Power+1","Auto Shields+1","Double Energy+1","Steam+1","Skim+1","Beam Cell+1","Turbo+1"],"special_seed":0,"relics":["Cracked Core","NeowsBlessing","Tiny Chest","Vajra","Bag of Marbles","Toxic Egg 2","Bag of Preparation","Black Star","Cables","Bird Faced Urn","Happy Flower","Blue Candle","Bronze Scales"],"potions_floor_usage":[23,23,33],"damage_taken":[{"damage":0.0,"enemies":"Cultist","floor":1.0,"turns":1.0},{"damage":0.0,"enemies":"2 Louse","floor":3.0,"turns":1.0},{"damage":0.0,"enemies":"3 Sentries","floor":6.0,"turns":1.0},{"damage":0.0,"enemies":"Jaw Worm","floor":8.0,"turns":3.0},{"damage":4.0,"enemies":"Lagavulin","floor":11.0,"turns":6.0},{"damage":23.0,"enemies":"3 Sentries","floor":13.0,"turns":6.0},{"damage":0.0,"enemies":"Large Slime","floor":14.0,"turns":3.0},{"damage":13.0,"enemies":"Slime Boss","floor":16.0,"turns":7.0},{"damage":17.0,"enemies":"Shell Parasite","floor":18.0,"turns":4.0},{"damage":0.0,"enemies":"Chosen","floor":21.0,"turns":3.0},{"damage":24.0,"enemies":"Snake Plant","floor":22.0,"turns":3.0},{"damage":12,"enemies":"Gremlin Leader","floor":23,"turns":5},{"damage":23,"enemies":"Slavers","floor":25,"turns":5},{"damage":0,"enemies":"Centurion and Healer","floor":28,"turns":3},{"damage":0,"enemies":"Cultist and Chosen","floor":30,"turns":4},{"damage":81,"enemies":"Automaton","floor":33,"turns":12}],"seed_played":"-7902383273263132489","potions_obtained":[{"floor":3.0,"key":"Explosive Potion"},{"floor":14.0,"key":"LiquidBronze"},{"floor":16.0,"key":"GamblersBrew"},{"floor":21.0,"key":"AttackPotion"},{"floor":22.0,"key":"Weak Potion"},{"floor":28,"key":"Dexterity Potion"}],"is_trial":false,"path_per_floor":["M","$","M","$","?","E","T","M","T","R","E","R","E","M","R","B",null,"M","$","?","M","M","E","R","E","T","R","M","?","M","$","R","B"],"character_chosen":"DEFECT","items_purchased":["Reinforced Body","Fire Potion","Hologram+1","Steam Power+1"],"campfire_rested":2,"item_purchase_floors":[2,4,19,19],"current_hp_per_floor":[64,64,64,64,57,57,57,57,57,57,53,53,30,30,30,17,58,41,41,41,48,31,26,47,33,33,54,54,54,63,63,63,0],"gold":156,"neow_bonus":"THREE_ENEMY_KILL","is_prod":false,"is_daily":false,"chose_seed":false,"campfire_upgraded":4,"win_rate":0,"timestamp":1552338867,"path_taken":["M","$","M","?","?","E","?","M","T","R","E","R","E","M","R","BOSS","M","$","?","M","?","E","R","E","T","R","M","?","M","$","R","BOSS"],"build_version":"2019-01-23","purchased_purges":2,"victory":false,"max_hp_per_floor":[71,71,71,71,71,71,71,71,71,71,71,71,71,71,71,71,71,71,71,71,71,71,71,71,71,71,71,71,71,71,71,71,71],"card_choices":[{"not_picked":["FTL","Compile Driver"],"picked":"Ball Lightning","floor":1.0},{"not_picked":["Streamline","Hello World"],"picked":"Go for the Eyes","floor":3.0},{"not_picked":["Cold Snap","Barrage"],"picked":"Leap","floor":6.0},{"not_picked":["Redo","Tempest"],"picked":"Conserve Battery","floor":8.0},{"not_picked":["Conserve Battery","Ball Lightning"],"picked":"Rip and Tear","floor":11.0},{"not_picked":["Self Repair","Streamline"],"picked":"Sweeping Beam","floor":13.0},{"not_picked":["Sunder","Force Field+1"],"picked":"Tempest+1","floor":14.0},{"not_picked":["Machine Learning","Amplify+1"],"picked":"Hyperbeam","floor":16.0},{"not_picked":["Sweeping Beam+1","Gash"],"picked":"Self Repair","floor":18.0},{"not_picked":["Redo+1","Force Field+1"],"picked":"Auto Shields+1","floor":21.0},{"not_picked":["Steam+1","Darkness+1"],"picked":"Double Energy+1","floor":22.0},{"not_picked":["Gash","Streamline"],"picked":"Steam+1","floor":23},{"not_picked":["Undo+1","Beam Cell"],"picked":"Skim+1","floor":25},{"not_picked":["Cold Snap","Compile Driver"],"picked":"Beam Cell+1","floor":28},{"not_picked":["Force Field+1","Hyperbeam"],"picked":"Turbo+1","floor":30}],"player_experience":1994999,"relics_obtained":[{"floor":6.0,"key":"Tiny Chest"},{"floor":7.0,"key":"Vajra"},{"floor":9.0,"key":"Bag of Marbles"},{"floor":11.0,"key":"Toxic Egg 2"},{"floor":13.0,"key":"Bag of Preparation"},{"floor":23,"key":"Cables"},{"floor":23,"key":"Bird Faced Urn"},{"floor":25,"key":"Happy Flower"},{"floor":25,"key":"Blue Candle"},{"floor":26,"key":"Bronze Scales"}],"event_choices":[{"cards_removed":["Strike_B"],"damage_healed":0.0,"max_hp_gain":0.0,"max_hp_loss":0.0,"gold_gain":0.0,"event_name":"Golden Wing","player_choice":"Card Removal","floor":5.0,"gold_loss":0.0,"damage_taken":7.0},{"damage_healed":0.0,"max_hp_gain":0.0,"max_hp_loss":0.0,"gold_gain":50.0,"event_name":"Golden Shrine","player_choice":"Pray","floor":20.0,"gold_loss":0.0,"damage_taken":0.0},{"damage_healed":0,"gold_gain":0,"player_choice":"Ignored","damage_taken":0,"max_hp_gain":0,"max_hp_loss":0,"event_name":"Vampires","floor":29,"gold_loss":0}],"is_beta":false,"boss_relics":[{"not_picked":["Empty Cage","Orrery"],"picked":"Black Star"}],"items_purged_floors":[19,31],"is_endless":false,"potions_floor_spawned":[3,14,16,21,22,28],"killed_by":"Automaton","ascension_level":20}