{"gold_per_floor":[109,34,34,51,65,65,80,80,105,152,164,207,219,264,276,363,375,402,414,294,314,59,86,86,10,62,81,93,93],"floor_reached":29,"playtime":1600,"items_purged":["Pain"],"score":522,"play_id":"2e66c8b4-dc6e-4dff-a22a-14f4c337f092","local_time":"20190302175701","is_ascension_mode":true,"campfire_choices":[{"data":"All Out Attack","floor":6,"key":"SMITH"},{"data":"All Out Attack","floor":8,"key":"SMITH"},{"data":"Crippling Poison","floor":11,"key":"SMITH"},{"floor":13,"key":"REST"},{"floor":15,"key":"REST"},{"floor":24,"key":"REST"}],"neow_cost":"NONE","seed_source_timestamp":935992988120740,"circlet_count":0,"master_deck":["AscendersBane","Defend_G","Defend_G","Defend_G+1","Defend_G","Strike_G","Strike_G","Survivor","Neutralize","Blur+1","All Out Attack+1","All Out Attack+1","Crippling Poison+1","A Thousand Cuts","Terror","Corpse Explosion","Dodge and Roll+1","Cloak And Dagger","Footwork","Dagger Spray","Well Laid Plans","Envenom","Calculated Gamble"],"relics":["Ring of the Snake","MawBank","Strawberry","Happy Flower","Ancient Tea Set","Empty Cage","WarpedTongs","War Paint","Kunai","Art of War"],"potions_floor_usage":[10,12,18,23,28],"damage_taken":[{"damage":0,"enemies":"Small Slimes","floor":1,"turns":3},{"damage":0,"enemies":"2 Louse","floor":4,"turns":3},{"damage":0,"enemies":"Cultist","floor":5,"turns":5},{"damage":0,"enemies":"Looter","floor":7,"turns":5},{"damage":23,"enemies":"Gremlin Nob","floor":10,"turns":5},{"damage":20,"enemies":"Lagavulin","floor":12,"turns":8},{"damage":22,"enemies":"3 Sentries","floor":14,"turns":7},{"damage":43,"enemies":"Slime Boss","floor":16,"turns":9},{"damage":13,"enemies":"2 Thieves","floor":18,"turns":3},{"damage":9,"enemies":"Chosen","floor":21,"turns":6},{"damage":29,"enemies":"Slavers","floor":23,"turns":3},{"damage":19,"enemies":"Snake Plant","floor":27,"turns":5},{"damage":1,"enemies":"Cultist and Chosen","floor":28,"turns":5},{"damage":16,"enemies":"Sentry and Sphere","floor":29,"turns":3}],"seed_played":"-7430597303622007620","potions_obtained":[{"floor":1,"key":"Energy Potion"},{"floor":4,"key":"Dexterity Potion"},{"floor":7,"key":"GhostInAJar"},{"floor":16,"key":"Block Potion"},{"floor":18,"key":"SneckoOil"},{"floor":27,"key":"Weak Potion"}],"is_trial":false,"path_per_floor":["M","?","?","M","M","R","M","R","T","E","R","E","R","E","R","B",null,"M","?","$","M","$","E","R","$","T","M","M","M"],"character_chosen":"THE_SILENT","items_purchased":["Fire Potion","Footwork","War Paint","Dagger Spray","Well Laid Plans"],"campfire_rested":3,"item_purchase_floors":[20,22,22,22,25],"current_hp_per_floor":[65,65,58,58,58,58,58,58,58,42,42,22,45,23,46,3,60,47,47,47,38,38,9,32,32,32,13,12,0],"gold":93,"neow_bonus":"TEN_PERCENT_HP_BONUS","is_prod":false,"is_daily":false,"chose_seed":false,"campfire_upgraded":3,"win_rate":0,"timestamp":1551545821,"path_taken":["M","?","?","M","M","R","M","R","T","E","R","E","R","E","R","BOSS","M","?","?","M","$","E","R","$","T","M","M","M"],"build_version":"2019-01-23","purchased_purges":1,"victory":false,"max_hp_per_floor":[72,72,72,72,72,72,72,72,72,79,79,79,79,79,79,79,79,79,79,79,79,79,79,79,79,79,79,79,79],"card_choices":[{"not_picked":["Slice","Prepared"],"picked":"Blur","floor":1},{"not_picked":["Masterful Stab","Underhanded Strike","Acrobatics"],"picked":"SKIP","floor":4},{"not_picked":["Deflect","Catalyst"],"picked":"All Out Attack","floor":5},{"not_picked":["Escape Plan","Dagger Throw"],"picked":"All Out Attack","floor":7},{"not_picked":["Footwork","Cloak And Dagger"],"picked":"Crippling Poison","floor":10},{"not_picked":["Accuracy","Bane"],"picked":"A Thousand Cuts","floor":12},{"not_picked":["Slice","Distraction"],"picked":"Terror","floor":14},{"not_picked":["Tools of the Trade","Night Terror"],"picked":"Corpse Explosion","floor":16},{"not_picked":["PiercingWail","Flying Knee"],"picked":"Dodge and Roll+1","floor":18},{"not_picked":["Quick Slash","Deadly Poison"],"picked":"Cloak And Dagger","floor":21},{"not_picked":["Flechettes","Blade Dance","Accuracy"],"picked":"SKIP","floor":23},{"not_picked":["Escape Plan+1","Blade Dance"],"picked":"Envenom","floor":27},{"not_picked":["Dodge and Roll","Expertise"],"picked":"Calculated Gamble","floor":28}],"player_experience":1856493,"relics_obtained":[{"floor":9,"key":"MawBank"},{"floor":10,"key":"Strawberry"},{"floor":12,"key":"Happy Flower"},{"floor":14,"key":"Ancient Tea Set"},{"floor":23,"key":"Kunai"},{"floor":26,"key":"Art of War"}],"event_choices":[{"cards_removed":["Defend_G"],"damage_healed":0,"gold_gain":0,"player_choice":"Card Removal","damage_taken":0,"max_hp_gain":0,"max_hp_loss":0,"event_name":"The Cleric","floor":2,"gold_loss":75},{"cards_removed":["Strike_G"],"damage_healed":0,"gold_gain":0,"player_choice":"Card Removal","damage_taken":7,"max_hp_gain":0,"max_hp_loss":0,"event_name":"Golden Wing","floor":3,"gold_loss":0},{"damage_healed":0,"gold_gain":0,"player_choice":"Rummage","damage_taken":0,"relics_obtained":["WarpedTongs"],"max_hp_gain":0,"max_hp_loss":0,"event_name":"Accursed Blacksmith","floor":19,"gold_loss":0,"cards_obtained":["Pain"]}],"is_beta":false,"boss_relics":[{"not_picked":["Lizard Tail","WristBlade"],"picked":"Empty Cage"}],"items_purged_floors":[20],"is_endless":false,"potions_floor_spawned":[1,4,7,16,18,27],"killed_by":"Sentry and Sphere","ascension_level":20}