{"gold_per_floor":[116,191,341,359,378,412,428,428,428,428,428,444,8,8,8,8],"floor_reached":16,"playtime":532,"items_purged":["Regret"],"score":200,"play_id":"bb807534-57ad-4883-854f-5cd06bb432af","local_time":"20190302222152","is_ascension_mode":true,"campfire_choices":[{"data":"Whirlwind","floor":8,"key":"SMITH"},{"data":"Sword Boomerang","floor":10,"key":"SMITH"},{"floor":15,"key":"REST"}],"neow_cost":"CURSE","seed_source_timestamp":952953809214493,"circlet_count":0,"master_deck":["AscendersBane","Strike_R","Strike_R","Strike_R","Strike_R","Strike_R","Defend_R","Defend_R","Defend_R","Defend_R","Bash","Heavy Blade","Doubt","Sword Boomerang+1","Flex","Sword Boomerang","Whirlwind+1","True Grit","Uppercut+1"],"relics":["Burning Blood","Du-Vu Doll","Ornamental Fan","Molten Egg 2","Mercury Hourglass","Meat on the Bone","Gremlin Horn"],"potions_floor_usage":[6],"damage_taken":[{"damage":6,"enemies":"2 Louse","floor":1,"turns":3},{"damage":15,"enemies":"Jaw Worm","floor":4,"turns":2},{"damage":0,"enemies":"Cultist","floor":5,"turns":2},{"damage":38,"enemies":"3 Sentries","floor":6,"turns":8},{"damage":1,"enemies":"2 Fungi Beasts","floor":7,"turns":2},{"damage":9,"enemies":"3 Louse","floor":12,"turns":2},{"damage":36,"enemies":"The Guardian","floor":16,"turns":8}],"seed_played":"-1073221582125807284","potions_obtained":[{"floor":4,"key":"Ancient Potion"},{"floor":6,"key":"Fruit Juice"},{"floor":12,"key":"Ancient Potion"}],"is_trial":false,"path_per_floor":["M","?","?","M","M","E","M","R","T","R","T","M","$","?","R","B"],"character_chosen":"IRONCLAD","items_purchased":["Meat on the Bone","Uppercut+1"],"campfire_rested":1,"item_purchase_floors":[13,13],"current_hp_per_floor":[68,57,57,48,54,27,32,32,32,32,32,29,29,11,35,0],"gold":8,"neow_bonus":"ONE_RARE_RELIC","is_prod":false,"is_daily":false,"chose_seed":false,"campfire_upgraded":2,"win_rate":0,"timestamp":1551561712,"path_taken":["M","?","?","M","M","E","M","R","T","R","?","?","$","?","R","BOSS"],"build_version":"2019-01-23","purchased_purges":1,"victory":false,"max_hp_per_floor":[75,75,75,75,75,80,80,80,80,80,80,80,80,80,80,80],"card_choices":[{"not_picked":["Rage","Body Slam"],"picked":"Heavy Blade","floor":1},{"not_picked":["Pommel Strike","Hemokinesis"],"picked":"Sword Boomerang","floor":4},{"not_picked":["Evolve","Pommel Strike"],"picked":"Flex","floor":5},{"not_picked":["Warcry","Clash"],"picked":"Sword Boomerang","floor":6},{"not_picked":["Bloodletting","Inflame"],"picked":"Whirlwind","floor":7},{"not_picked":["Warcry","Barricade"],"picked":"True Grit","floor":12}],"player_experience":1869773,"relics_obtained":[{"floor":6,"key":"Ornamental Fan"},{"floor":9,"key":"Molten Egg 2"},{"floor":11,"key":"Mercury Hourglass"}],"event_choices":[{"damage_healed":0,"gold_gain":75,"player_choice":"Gather Gold","damage_taken":11,"max_hp_gain":0,"max_hp_loss":0,"event_name":"World of Goop","floor":2,"gold_loss":0},{"damage_healed":0,"gold_gain":150,"player_choice":"AGREE","damage_taken":0,"max_hp_gain":0,"max_hp_loss":0,"event_name":"Liars Game","floor":3,"gold_loss":0,"cards_obtained":["Doubt"]},{"damage_healed":0,"gold_gain":0,"player_choice":"Success","damage_taken":18,"relics_obtained":["Gremlin Horn"],"max_hp_gain":0,"max_hp_loss":0,"event_name":"Scrap Ooze","floor":14,"gold_loss":0}],"is_beta":false,"boss_relics":[],"items_purged_floors":[13],"is_endless":false,"potions_floor_spawned":[4,6,12],"killed_by":"The Guardian","ascension_level":20}