{"gold_per_floor":[114,114,127,146,18,47,61,93,93,113,113,138,150,168,168,242,242,257,8,53,66,85,85,85],"floor_reached":24,"playtime":1526,"items_purged":[],"score":440,"play_id":"fda758ff-3247-4114-989a-d14a43b4ec87","local_time":"20190301193145","is_ascension_mode":true,"campfire_choices":[{"floor":11,"key":"REST"},{"data":"Armaments","floor":15,"key":"SMITH"},{"data":"Armaments","floor":23,"key":"SMITH"}],"neow_cost":"NONE","seed_source_timestamp":855350423711121,"circlet_count":0,"master_deck":["AscendersBane","Bash","Pommel Strike","Rampage","Carnage","Intimidate","Armaments+1","Cleave","Burning Pact","Twin Strike","Limit Break","Thunderclap","Demon Form","Bludgeon","Infernal Blade","Sword Boomerang","Feel No Pain","Intimidate","Blood for Blood","Havoc","Fire Breathing","Bloodletting","Whirlwind","Armaments+1","Shrug It Off"],"relics":["Burning Blood","NeowsBlessing","Letter Opener","Mercury Hourglass","The Courier","Meat on the Bone","Pandora\u0027s Box","Lee\u0027s Waffle"],"potions_floor_usage":[8,8,12,16,16,24,24],"damage_taken":[{"damage":0,"enemies":"Small Slimes","floor":1,"turns":1},{"damage":0,"enemies":"Cultist","floor":3,"turns":1},{"damage":0,"enemies":"Jaw Worm","floor":4,"turns":1},{"damage":25,"enemies":"Lagavulin","floor":6,"turns":7},{"damage":14,"enemies":"3 Louse","floor":7,"turns":4},{"damage":8,"enemies":"Gremlin Nob","floor":8,"turns":3},{"damage":13,"enemies":"Red Slaver","floor":10,"turns":3},{"damage":25,"enemies":"Lagavulin","floor":12,"turns":6},{"damage":4,"enemies":"Blue Slaver","floor":13,"turns":3},{"damage":0,"enemies":"3 Louse","floor":14,"turns":2},{"damage":20,"enemies":"Slime Boss","floor":16,"turns":8},{"damage":22,"enemies":"Spheric Guardian","floor":18,"turns":4},{"damage":15,"enemies":"Chosen","floor":21,"turns":3},{"damage":13,"enemies":"3 Cultists","floor":22,"turns":3},{"damage":68,"enemies":"Gremlin Leader","floor":24,"turns":5}],"seed_played":"-3160332753732531912","potions_obtained":[{"floor":4,"key":"Dexterity Potion"},{"floor":6,"key":"FearPotion"},{"floor":8,"key":"SteroidPotion"},{"floor":12,"key":"Fire Potion"},{"floor":14,"key":"Swift Potion"},{"floor":21,"key":"SpeedPotion"},{"floor":22,"key":"SteroidPotion"}],"is_trial":false,"path_per_floor":["M","?","M","M","$","E","M","E","T","M","R","E","M","M","R","B",null,"M","$","T","M","M","R","E"],"character_chosen":"IRONCLAD","items_purchased":["Intimidate","SteroidPotion","Whirlwind","Lee\u0027s Waffle","Block Potion"],"campfire_rested":1,"item_purchase_floors":[5,5,19,19,19],"current_hp_per_floor":[74,74,75,75,75,56,48,46,46,39,61,42,44,50,50,48,68,52,82,82,73,66,66,0],"gold":85,"neow_bonus":"THREE_ENEMY_KILL","is_prod":false,"is_daily":false,"chose_seed":false,"campfire_upgraded":2,"win_rate":0,"timestamp":1551465105,"path_taken":["M","?","?","?","$","E","M","E","T","M","R","E","M","?","R","BOSS","M","$","?","M","M","R","E"],"build_version":"2019-01-23","purchased_purges":0,"victory":false,"max_hp_per_floor":[75,75,75,75,75,75,75,75,75,75,75,75,75,75,75,75,75,75,82,82,82,82,82,82],"card_choices":[{"not_picked":["Perfected Strike","Cleave"],"picked":"Pommel Strike","floor":1},{"not_picked":["Bloodletting","Pommel Strike"],"picked":"Rampage","floor":3},{"not_picked":["Headbutt","Clothesline"],"picked":"Carnage","floor":4},{"not_picked":["Havoc","Berserk"],"picked":"Armaments","floor":6},{"not_picked":["Searing Blow","Infernal Blade"],"picked":"Cleave","floor":7},{"not_picked":["Carnage","Twin Strike"],"picked":"Burning Pact","floor":8},{"not_picked":["Searing Blow","Havoc"],"picked":"Twin Strike","floor":10},{"not_picked":["Feel No Pain","Sentinel"],"picked":"Limit Break","floor":12},{"not_picked":["Pommel Strike","Anger","Cleave"],"picked":"SKIP","floor":13},{"not_picked":["Burning Pact","Anger"],"picked":"Thunderclap","floor":14},{"not_picked":["Reaper","Feed"],"picked":"Demon Form","floor":16},{"not_picked":["Iron Wave","Twin Strike"],"picked":"Bloodletting","floor":18},{"not_picked":["Infernal Blade","Clothesline"],"picked":"Armaments","floor":21},{"not_picked":["Havoc","Twin Strike"],"picked":"Shrug It Off","floor":22}],"player_experience":1840986,"relics_obtained":[{"floor":6,"key":"Letter Opener"},{"floor":8,"key":"Mercury Hourglass"},{"floor":9,"key":"The Courier"},{"floor":12,"key":"Meat on the Bone"}],"event_choices":[{"cards_removed":["Strike_R"],"damage_healed":0,"gold_gain":0,"player_choice":"Offered Basic","damage_taken":0,"max_hp_gain":0,"max_hp_loss":0,"event_name":"Bonfire Elementals","floor":2,"gold_loss":0}],"is_beta":false,"boss_relics":[{"not_picked":["Orrery","Astrolabe"],"picked":"Pandora\u0027s Box"}],"items_purged_floors":[],"is_endless":false,"potions_floor_spawned":[4,6,8,12,14,21,22],"killed_by":"Gremlin Leader","ascension_level":20}