{"gold_per_floor":[118,130,55,55,75,75,114,114,141,182,182,221,251,251,251,370,370,386,400,425,450,549,549,549,587,587,587,32,73,93,93,93,217,217,241,266,266,266,279,323,335,362,374,409,457,487,512,524,536,548],"floor_reached":50,"playtime":4676,"items_purged":["Normality","Hemokinesis"],"score":688,"play_id":"986725b3-ec93-4b9f-92df-8d3bc2b59d77","local_time":"20190505211514","is_ascension_mode":true,"campfire_choices":[{"data":"Jack Of All Trades","floor":6,"key":"SMITH"},{"data":"Metallicize","floor":8,"key":"SMITH"},{"floor":11,"key":"REST"},{"floor":15,"key":"REST"},{"floor":24,"key":"REST"},{"data":"Demon Form","floor":27,"key":"SMITH"},{"floor":32,"key":"REST"},{"data":"Entrench","floor":41,"key":"SMITH"},{"floor":49,"key":"RECALL"}],"neow_cost":"CURSE","seed_source_timestamp":122562830263400,"circlet_count":0,"master_deck":["Strike_R","Strike_R","Strike_R","Strike_R","Defend_R","Defend_R","Defend_R","Defend_R","Bash","Jack Of All Trades+1","Swift Strike","Shrug It Off","Metallicize+1","Sword Boomerang","Sword Boomerang","Demon Form+1","Entrench+1","Body Slam+1","Uppercut+1","Impervious","Reaper","Shame","Sword Boomerang+1","Dark Shackles","Shockwave+1","Ghostly Armor","Shrug It Off"],"relics":["Burning Blood","Golden Idol","Omamori","Centennial Puzzle","Boot","Happy Flower","Tiny Chest","Black Star","Pear","Dead Branch","Question Card","Blood Vial","Lee\u0027s Waffle","Mercury Hourglass","Bag of Preparation","Pen Nib","Calling Bell","Anchor","Ornamental Fan","Unceasing Top","MawBank","Sundial","Lantern","Meat on the Bone","Turnip"],"potions_floor_usage":[7,16,18,19,33,35,39,40,46],"damage_taken":[{"damage":6,"enemies":"2 Louse","floor":1,"turns":4},{"damage":0,"enemies":"Cultist","floor":2,"turns":3},{"damage":0,"enemies":"Small Slimes","floor":5,"turns":3},{"damage":13,"enemies":"Lagavulin","floor":7,"turns":7},{"damage":43,"enemies":"Gremlin Nob","floor":10,"turns":5},{"damage":26,"enemies":"Lagavulin","floor":12,"turns":6},{"damage":34,"enemies":"Slime Boss","floor":16,"turns":12},{"damage":8,"enemies":"Shell Parasite","floor":18,"turns":6},{"damage":19,"enemies":"3 Byrds","floor":19,"turns":6},{"damage":25,"enemies":"Cultist and Chosen","floor":20,"turns":8},{"damage":23,"enemies":"Snake Plant","floor":21,"turns":5},{"damage":39,"enemies":"Book of Stabbing","floor":25,"turns":7},{"damage":49,"enemies":"Slavers","floor":29,"turns":8},{"damage":21,"enemies":"Shelled Parasite and Fungi","floor":30,"turns":4},{"damage":16,"enemies":"Colosseum Slavers","floor":31,"turns":4},{"damage":15,"enemies":"Collector","floor":33,"turns":7},{"damage":9,"enemies":"Orb Walker","floor":35,"turns":2},{"damage":65,"enemies":"3 Darklings","floor":36,"turns":6},{"damage":14,"enemies":"Spire Growth","floor":39,"turns":4},{"damage":18,"enemies":"Giant Head","floor":40,"turns":8},{"damage":15,"enemies":"4 Shapes","floor":42,"turns":6},{"damage":22,"enemies":"Maw","floor":44,"turns":11},{"damage":34,"enemies":"Nemesis","floor":45,"turns":8},{"damage":18,"enemies":"Writhing Mass","floor":46,"turns":4},{"damage":19,"enemies":"Sphere and 2 Shapes","floor":47,"turns":6},{"damage":49,"enemies":"Donu and Deca","floor":50,"turns":7}],"seed_played":"2712470357521475885","potions_obtained":[{"floor":2,"key":"EssenceOfSteel"},{"floor":7,"key":"Swift Potion"},{"floor":12,"key":"Block Potion"},{"floor":18,"key":"Regen Potion"},{"floor":19,"key":"SpeedPotion"},{"floor":25,"key":"LiquidBronze"},{"floor":30,"key":"AttackPotion"},{"floor":33,"key":"SkillPotion"},{"floor":39,"key":"SneckoOil"},{"floor":45,"key":"SmokeBomb"}],"is_trial":false,"path_per_floor":["M","M","$","?","M","R","E","R","T","E","R","E","?","?","R","B",null,"M","M","M","M","?","?","R","E","T","R","$","E","M","?","R","B",null,"M","M","?","?","M","E","R","M","T","M","E","M","M","T","R","B"],"character_chosen":"IRONCLAD","items_purchased":["Lee\u0027s Waffle","Mercury Hourglass"],"campfire_rested":4,"item_purchase_floors":[28,28],"current_hp_per_floor":[80,80,80,60,66,66,59,59,59,22,46,26,19,19,43,15,80,78,79,60,43,43,53,80,47,47,47,97,54,41,33,62,55,97,94,44,44,44,51,74,74,81,81,67,41,43,44,44,44,0],"gold":548,"neow_bonus":"RANDOM_COLORLESS_2","is_prod":false,"is_daily":false,"chose_seed":false,"campfire_upgraded":4,"win_rate":0,"timestamp":1557083714,"path_taken":["M","M","$","?","M","R","E","R","T","E","R","E","?","?","R","BOSS","M","?","?","M","?","?","R","E","T","R","$","E","M","?","R","BOSS","M","M","?","?","?","E","R","M","T","M","E","M","?","?","R","BOSS"],"build_version":"2019-01-23","purchased_purges":2,"victory":false,"max_hp_per_floor":[80,80,80,80,80,80,80,80,80,80,80,80,80,80,80,80,80,80,80,80,80,80,90,90,90,90,90,97,97,97,97,97,97,97,97,97,97,97,97,97,97,97,97,97,97,97,97,97,97,97],"card_choices":[{"not_picked":["Perfected Strike","Pommel Strike"],"picked":"Shrug It Off","floor":1},{"not_picked":["Sentinel","Anger"],"picked":"Metallicize","floor":2},{"not_picked":["Cleave","Heavy Blade"],"picked":"Sword Boomerang","floor":5},{"not_picked":["Fiend Fire","Armaments"],"picked":"Disarm","floor":7},{"not_picked":["Havoc","Clash","Power Through"],"picked":"SKIP","floor":10},{"not_picked":["Sever Soul","Anger"],"picked":"Sword Boomerang","floor":12},{"not_picked":["Limit Break","Juggernaut"],"picked":"Demon Form","floor":16},{"not_picked":["Clash","Metallicize"],"picked":"Entrench","floor":18},{"not_picked":["Entrench","Dropkick","Pommel Strike"],"picked":"SKIP","floor":19},{"not_picked":["Blood for Blood","Pommel Strike","Twin Strike"],"picked":"SKIP","floor":20},{"not_picked":["Burning Pact","True Grit+1"],"picked":"Body Slam+1","floor":21},{"not_picked":["Sword Boomerang","Twin Strike","Armaments"],"picked":"SKIP","floor":25},{"not_picked":["Reckless Charge+1","Havoc","Searing Blow+1"],"picked":"Uppercut+1","floor":29},{"not_picked":["Heavy Blade","Pommel Strike","Body Slam"],"picked":"Impervious","floor":30},{"not_picked":["Barricade","Limit Break","Juggernaut"],"picked":"Reaper","floor":33},{"not_picked":["Intimidate+1","Reckless Charge+1","Pommel Strike","True Grit+1"],"picked":"SKIP","floor":35},{"not_picked":["Body Slam","Armaments+1","Flex"],"picked":"Sword Boomerang+1","floor":36},{"not_picked":["Flash of Steel","Good Instincts","Mayhem"],"picked":"Dark Shackles","floor":37},{"not_picked":["Thunderclap+1","Battle Trance+1","Clothesline"],"picked":"Shockwave+1","floor":39},{"not_picked":["Twin Strike+1","Warcry+1","Fire Breathing"],"picked":"Ghostly Armor","floor":40},{"not_picked":["Shockwave","Seeing Red","Pommel Strike+1"],"picked":"Shrug It Off","floor":42},{"not_picked":["Perfected Strike","Iron Wave","Blood for Blood+1","Havoc+1"],"picked":"SKIP","floor":44},{"not_picked":["Rupture","Hemokinesis","Clash","Battle Trance+1"],"picked":"SKIP","floor":45},{"not_picked":["Warcry","Combust","Anger+1","Iron Wave"],"picked":"SKIP","floor":46},{"not_picked":["Rage","Clash","Sword Boomerang","Wild Strike"],"picked":"SKIP","floor":47}],"player_experience":248580,"relics_obtained":[{"floor":7,"key":"Omamori"},{"floor":9,"key":"Centennial Puzzle"},{"floor":10,"key":"Boot"},{"floor":12,"key":"Happy Flower"},{"floor":25,"key":"Dead Branch"},{"floor":25,"key":"Question Card"},{"floor":26,"key":"Blood Vial"},{"floor":29,"key":"Bag of Preparation"},{"floor":29,"key":"Pen Nib"},{"floor":34,"key":"Anchor"},{"floor":34,"key":"Ornamental Fan"},{"floor":34,"key":"Unceasing Top"},{"floor":40,"key":"MawBank"},{"floor":40,"key":"Sundial"},{"floor":45,"key":"Lantern"},{"floor":45,"key":"Meat on the Bone"},{"floor":48,"key":"Turnip"}],"event_choices":[{"damage_healed":0,"gold_gain":0,"player_choice":"Take Damage","damage_taken":20,"relics_obtained":["Golden Idol"],"max_hp_gain":0,"max_hp_loss":0,"event_name":"Golden Idol","floor":4,"gold_loss":0},{"damage_healed":0,"gold_gain":0,"player_choice":"Success","damage_taken":7,"relics_obtained":["Tiny Chest"],"max_hp_gain":0,"max_hp_loss":0,"event_name":"Scrap Ooze","floor":13,"gold_loss":0},{"damage_healed":0,"gold_gain":0,"cards_transformed":["Strike_R"],"player_choice":"Transformed","damage_taken":0,"max_hp_gain":0,"max_hp_loss":0,"event_name":"Transmorgrifier","floor":14,"gold_loss":0,"cards_obtained":["Hemokinesis"]},{"damage_healed":0,"gold_gain":99,"player_choice":"Stole From Cult","damage_taken":0,"max_hp_gain":0,"max_hp_loss":0,"event_name":"Nest","floor":22,"gold_loss":0},{"damage_healed":0,"gold_gain":0,"player_choice":"Opened","damage_taken":0,"relics_obtained":["Pear"],"max_hp_gain":0,"max_hp_loss":0,"event_name":"The Mausoleum","floor":23,"gold_loss":0},{"damage_healed":0,"gold_gain":0,"player_choice":"Fight","damage_taken":0,"max_hp_gain":0,"max_hp_loss":0,"event_name":"Colosseum","floor":31,"gold_loss":0},{"damage_healed":0,"gold_gain":0,"player_choice":"Fled From Nobs","damage_taken":0,"max_hp_gain":0,"max_hp_loss":0,"event_name":"Colosseum","floor":31,"gold_loss":0},{"damage_healed":0,"gold_gain":0,"player_choice":"Memory 1","damage_taken":0,"max_hp_gain":0,"max_hp_loss":0,"event_name":"SensoryStone","floor":37,"gold_loss":0},{"cards_removed":["Disarm"],"damage_healed":0,"gold_gain":0,"player_choice":"Removed Skill","damage_taken":0,"max_hp_gain":0,"max_hp_loss":0,"event_name":"Falling","floor":38,"gold_loss":0}],"is_beta":false,"boss_relics":[{"not_picked":["Ectoplasm","Astrolabe"],"picked":"Black Star"},{"not_picked":["Runic Pyramid","Tiny House"],"picked":"Calling Bell"}],"items_purged_floors":[3,28],"is_endless":false,"potions_floor_spawned":[2,7,12,18,19,25,30,31,33,39,45],"killed_by":"Donu and Deca","ascension_level":1}