{"gold_per_floor":[118,39,39,53,53,83,94,156,156,156],"floor_reached":10,"playtime":797,"items_purged":[],"score":91,"play_id":"b697dbd1-0612-4e5c-84e4-a9f7273a8a6a","local_time":"20190519173149","is_ascension_mode":true,"campfire_choices":[],"neow_cost":"NONE","seed_source_timestamp":49115369669184,"circlet_count":0,"master_deck":["Strike_B","Strike_B","Strike_B","Strike_B","Defend_B","Defend_B","Defend_B","Defend_B","Zap","Dualcast+1","Go for the Eyes","Loop","Regret","Capacitor","Buffer","Ball Lightning","Coolheaded"],"special_seed":0,"relics":["Cracked Core","Cables","Question Card","Tiny Chest","Pantograph"],"potions_floor_usage":[8,8,10],"damage_taken":[{"damage":0.0,"enemies":"Cultist","floor":1.0,"turns":2.0},{"damage":11.0,"enemies":"Jaw Worm","floor":4.0,"turns":4.0},{"damage":35.0,"enemies":"3 Sentries","floor":6.0,"turns":7.0},{"damage":2.0,"enemies":"2 Louse","floor":7.0,"turns":2.0},{"damage":20,"enemies":"Lagavulin","floor":8,"turns":5},{"damage":16,"enemies":"3 Sentries","floor":10,"turns":2}],"seed_played":"-8003256721046524431","potions_obtained":[{"floor":6.0,"key":"SpeedPotion"},{"floor":7.0,"key":"FocusPotion"},{"floor":8,"key":"Block Potion"}],"is_trial":false,"path_per_floor":["M","$","?","M","?","E","M","E","T","E"],"character_chosen":"DEFECT","items_purchased":["Loop"],"campfire_rested":0,"item_purchase_floors":[2],"current_hp_per_floor":[82,82,82,71,71,36,34,14,14,0],"gold":156,"neow_bonus":"TEN_PERCENT_HP_BONUS","is_prod":false,"is_daily":false,"chose_seed":false,"campfire_upgraded":0,"win_rate":0,"timestamp":1558267309,"path_taken":["M","?","?","M","?","E","M","E","T","E"],"build_version":"2019-01-23","purchased_purges":0,"victory":false,"max_hp_per_floor":[82,82,82,82,82,82,82,82,82,82],"card_choices":[{"not_picked":["Sweeping Beam","Barrage"],"picked":"Go for the Eyes","floor":1.0},{"not_picked":["Loop","Rebound"],"picked":"Capacitor","floor":4.0},{"not_picked":["Streamline","Compile Driver"],"picked":"Buffer","floor":6.0},{"not_picked":["Melter","Barrage","Redo"],"picked":"Ball Lightning","floor":7.0},{"not_picked":["Streamline","Hologram","Blizzard"],"picked":"Coolheaded","floor":8}],"player_experience":515768,"relics_obtained":[{"floor":6.0,"key":"Question Card"},{"floor":8,"key":"Tiny Chest"},{"floor":9,"key":"Pantograph"}],"event_choices":[{"damage_healed":0.0,"max_hp_gain":0.0,"max_hp_loss":0.0,"gold_gain":0.0,"event_name":"Big Fish","player_choice":"Box","floor":3.0,"gold_loss":0.0,"damage_taken":0.0,"relics_obtained":["Cables"],"cards_obtained":["Regret"]},{"damage_healed":0.0,"max_hp_gain":0.0,"max_hp_loss":0.0,"gold_gain":0.0,"event_name":"Upgrade Shrine","player_choice":"Upgraded","floor":5.0,"gold_loss":0.0,"damage_taken":0.0,"cards_upgraded":["Dualcast"]}],"is_beta":false,"boss_relics":[],"items_purged_floors":[],"is_endless":false,"potions_floor_spawned":[6,7,8],"killed_by":"3 Sentries","ascension_level":4}