{"gold_per_floor":[111,111,111,111,111,150,171,186,186,199,224,249,282,307,307,307],"floor_reached":16,"playtime":682,"items_purged":[],"score":278,"play_id":"73d71cf0-b854-4d48-bde5-457c0c1cbf9a","local_time":"20190216163511","is_ascension_mode":true,"campfire_choices":[{"data":"Whirlwind","floor":15,"key":"SMITH"}],"neow_cost":"NONE","seed_source_timestamp":141352902710800,"circlet_count":0,"master_deck":["AscendersBane","Strike_R+1","Strike_R","Strike_R","Strike_R+1","Strike_R","Defend_R","Defend_R","Defend_R","Defend_R","Bash","Flex+1","Entrench","Heavy Blade","Inflame","Battle Trance","Iron Wave","Whirlwind+1"],"relics":["Burning Blood","NeowsBlessing","Golden Idol","Calipers","Whetstone","Ancient Tea Set"],"potions_floor_usage":[13,13,16],"damage_taken":[{"damage":0,"enemies":"2 Louse","floor":1,"turns":1},{"damage":0,"enemies":"Gremlin Nob","floor":6,"turns":1},{"damage":0,"enemies":"Jaw Worm","floor":7,"turns":1},{"damage":7,"enemies":"Small Slimes","floor":8,"turns":3},{"damage":18,"enemies":"3 Louse","floor":10,"turns":3},{"damage":12,"enemies":"2 Fungi Beasts","floor":11,"turns":3},{"damage":11,"enemies":"Blue Slaver","floor":12,"turns":4},{"damage":15,"enemies":"3 Sentries","floor":13,"turns":3},{"damage":18,"enemies":"Large Slime","floor":14,"turns":3},{"damage":32,"enemies":"The Guardian","floor":16,"turns":8}],"seed_played":"4137441087385036105","potions_obtained":[{"floor":6,"key":"Regen Potion"},{"floor":8,"key":"PowerPotion"},{"floor":12,"key":"SteroidPotion"},{"floor":13,"key":"BloodPotion"}],"is_trial":false,"path_per_floor":["M","?","T","?","?","E","M","M","T","M","M","M","E","M","R","B"],"character_chosen":"IRONCLAD","items_purchased":[],"campfire_rested":0,"item_purchase_floors":[],"current_hp_per_floor":[74,74,74,48,48,54,60,59,59,47,41,36,36,24,24,0],"gold":307,"neow_bonus":"THREE_ENEMY_KILL","is_prod":false,"is_daily":false,"chose_seed":false,"campfire_upgraded":1,"win_rate":0,"timestamp":1550331311,"path_taken":["M","?","?","?","?","E","M","M","T","M","M","M","E","M","R","BOSS"],"build_version":"2019-01-23","purchased_purges":0,"victory":false,"max_hp_per_floor":[75,75,75,75,75,75,75,75,75,75,75,75,75,75,75,75],"card_choices":[{"not_picked":["Clothesline","Havoc"],"picked":"Flex","floor":1},{"not_picked":["Rupture","Heavy Blade"],"picked":"Entrench","floor":6},{"not_picked":["Sever Soul","Headbutt"],"picked":"Heavy Blade","floor":7},{"not_picked":["Pommel Strike","Infernal Blade"],"picked":"Inflame","floor":8},{"not_picked":["Warcry","Pommel Strike"],"picked":"Battle Trance","floor":10},{"not_picked":["Sever Soul","Clash"],"picked":"Iron Wave","floor":11},{"not_picked":["Berserk","Ghostly Armor"],"picked":"Whirlwind","floor":12},{"not_picked":["Blood for Blood","Iron Wave","Headbutt"],"picked":"SKIP","floor":13},{"not_picked":["Twin Strike","Hemokinesis","Thunderclap"],"picked":"SKIP","floor":14}],"player_experience":1697704,"relics_obtained":[{"floor":6,"key":"Calipers"},{"floor":9,"key":"Whetstone"},{"floor":13,"key":"Ancient Tea Set"}],"event_choices":[{"damage_healed":0,"gold_gain":0,"player_choice":"Grow","damage_taken":0,"max_hp_gain":0,"max_hp_loss":0,"event_name":"Living Wall","floor":2,"gold_loss":0,"cards_upgraded":["Flex"]},{"damage_healed":0,"gold_gain":0,"player_choice":"Take Damage","damage_taken":26,"relics_obtained":["Golden Idol"],"max_hp_gain":0,"max_hp_loss":0,"event_name":"Golden Idol","floor":4,"gold_loss":0},{"damage_healed":0,"gold_gain":0,"player_choice":"Ignored","damage_taken":0,"max_hp_gain":0,"max_hp_loss":0,"event_name":"Liars Game","floor":5,"gold_loss":0}],"is_beta":false,"boss_relics":[],"items_purged_floors":[],"is_endless":false,"potions_floor_spawned":[6,8,12,13],"killed_by":"The Guardian","ascension_level":20}