{"gold_per_floor":[364,364,382,40,40,66,66,97,97,97,97],"floor_reached":11,"playtime":370,"items_purged":["Writhe"],"score":150,"play_id":"a0420c63-ef9a-43e3-be2c-ea695b4cf7de","local_time":"20190422030624","is_ascension_mode":true,"campfire_choices":[{"floor":7,"key":"REST"}],"neow_cost":"CURSE","seed_source_timestamp":50869197674672,"circlet_count":0,"master_deck":["AscendersBane","Strike_B+1","Strike_B","Strike_B","Strike_B","Defend_B","Defend_B","Defend_B","Defend_B+1","Zap","Dualcast","Gash","Scrape","Redo+1"],"special_seed":0,"relics":["Cracked Core","Toxic Egg 2","Pantograph","PreservedInsect","Kunai"],"potions_floor_usage":[6,11],"damage_taken":[{"damage":7.0,"enemies":"Jaw Worm","floor":1.0,"turns":4.0},{"damage":9.0,"enemies":"2 Louse","floor":3.0,"turns":2.0},{"damage":13,"enemies":"Lagavulin","floor":6,"turns":7},{"damage":32,"enemies":"3 Sentries","floor":8,"turns":7},{"damage":0,"enemies":"Small Slimes","floor":11,"turns":1}],"seed_played":"7381999950033336294","potions_obtained":[{"floor":1.0,"key":"SkillPotion"},{"floor":8,"key":"Explosive Potion"}],"is_trial":false,"path_per_floor":["M","?","M","$","?","E","R","E","T","?","M"],"character_chosen":"DEFECT","items_purchased":["Toxic Egg 2"],"campfire_rested":1,"item_purchase_floors":[4],"current_hp_per_floor":[57,36,27,27,27,14,35,3,3,3,3],"gold":97,"neow_bonus":"TWO_FIFTY_GOLD","is_prod":false,"is_daily":false,"chose_seed":false,"campfire_upgraded":0,"win_rate":0,"timestamp":1555927584,"path_taken":["M","?","M","$","?","E","R","E","T","?","?"],"build_version":"2019-01-23","purchased_purges":1,"victory":false,"max_hp_per_floor":[71,71,71,71,71,71,71,71,71,71,71],"card_choices":[{"not_picked":["Sweeping Beam","Blizzard"],"picked":"Gash","floor":1.0},{"not_picked":["Reprogram","Barrage"],"picked":"Scrape","floor":3.0},{"not_picked":["Fusion+1","Rainbow+1"],"picked":"Redo+1","floor":6},{"not_picked":["Streamline","Melter","Compile Driver"],"picked":"SKIP","floor":8}],"player_experience":742495,"relics_obtained":[{"floor":6,"key":"Pantograph"},{"floor":8,"key":"PreservedInsect"},{"floor":9,"key":"Kunai"}],"event_choices":[{"damage_healed":0.0,"max_hp_gain":0.0,"max_hp_loss":0.0,"gold_gain":0.0,"event_name":"Shining Light","player_choice":"Entered Light","floor":2.0,"gold_loss":0.0,"damage_taken":21.0,"cards_upgraded":["Strike_B","Defend_B"]},{"damage_healed":0.0,"max_hp_gain":0.0,"max_hp_loss":0.0,"gold_gain":0.0,"event_name":"Liars Game","player_choice":"Ignored","floor":5.0,"gold_loss":0.0,"damage_taken":0.0},{"damage_healed":0,"gold_gain":0,"player_choice":"Fled","damage_taken":0,"max_hp_gain":0,"max_hp_loss":0,"event_name":"Scrap Ooze","floor":10,"gold_loss":0}],"is_beta":false,"boss_relics":[],"items_purged_floors":[4],"is_endless":false,"potions_floor_spawned":[1,8],"killed_by":"Small Slimes","ascension_level":18}