{"gold_per_floor":[116,116,116,131,143,143,173,173,173,27,38,63,82,94,94,194,194,212,230,329,329,329,359,378,378,378,378,391,401,414,441,441,441],"floor_reached":33,"playtime":3112,"items_purged":["Strike_R"],"score":324,"play_id":"ead4fd69-6905-4f4a-8d4d-14b152f4a351","local_time":"20190105173817","is_ascension_mode":false,"campfire_choices":[{"data":"Shrug It Off","floor":6,"key":"SMITH"},{"data":"Inflame","floor":15,"key":"SMITH"},{"floor":25,"key":"REST"},{"floor":27,"key":"REST"},{"floor":32,"key":"REST"}],"neow_cost":"NONE","seed_source_timestamp":421536483645700,"circlet_count":0,"master_deck":["Strike_R","Strike_R","Strike_R","Defend_R+1","Defend_R","Defend_R","Bash","Shrug It Off+1","Warcry","Inflame","Iron Wave","Inflame+1","Pommel Strike","Infernal Blade","Rampage","Bludgeon","Metallicize","Shrug It Off+1","Shrug It Off+1","Thunderclap+1"],"relics":["Burning Blood","Matryoshka","Strawberry","Sundial","Gambling Chip","Fusion Hammer","PreservedInsect","Bag of Marbles","Anchor","Bottled Tornado","Oddly Smooth Stone"],"potions_floor_usage":[4,7,16,16,33,33,33],"damage_taken":[{"damage":11,"enemies":"Jaw Worm","floor":1,"turns":2},{"damage":13,"enemies":"Small Slimes","floor":4,"turns":4},{"damage":4,"enemies":"2 Louse","floor":5,"turns":3},{"damage":36,"enemies":"Lagavulin","floor":7,"turns":10},{"damage":7,"enemies":"Exordium Thugs","floor":11,"turns":5},{"damage":0,"enemies":"Gremlin Nob","floor":12,"turns":3},{"damage":5,"enemies":"2 Fungi Beasts","floor":13,"turns":4},{"damage":5,"enemies":"Looter","floor":14,"turns":3},{"damage":49,"enemies":"Hexaghost","floor":16,"turns":8},{"damage":15,"enemies":"2 Thieves","floor":18,"turns":3},{"damage":11,"enemies":"Shell Parasite","floor":19,"turns":5},{"damage":26,"enemies":"Book of Stabbing","floor":23,"turns":5},{"damage":13,"enemies":"Snake Plant","floor":24,"turns":4},{"damage":20,"enemies":"Shelled Parasite and Fungi","floor":28,"turns":5},{"damage":2,"enemies":"Snecko","floor":29,"turns":6},{"damage":23,"enemies":"Centurion and Healer","floor":30,"turns":6},{"damage":23,"enemies":"Slavers","floor":31,"turns":4},{"damage":77,"enemies":"Champ","floor":33,"turns":8}],"seed_played":"-6738378515844296868","potions_obtained":[{"floor":1,"key":"EssenceOfSteel"},{"floor":5,"key":"Regen Potion"},{"floor":11,"key":"Regen Potion"},{"floor":12,"key":"LiquidBronze"},{"floor":16,"key":"Explosive Potion"},{"floor":28,"key":"PowerPotion"},{"floor":30,"key":"Poison Potion"},{"floor":31,"key":"Strength Potion"}],"is_trial":false,"path_per_floor":["M","?","?","M","M","R","E","?","T","$","M","E","M","M","R","B",null,"M","M","?","?","?","E","M","R","T","R","M","M","M","E","R","B"],"character_chosen":"IRONCLAD","items_purchased":["Inflame"],"campfire_rested":3,"item_purchase_floors":[10],"current_hp_per_floor":[75,68,73,66,68,68,52,52,59,59,58,64,65,66,66,38,92,83,78,78,78,78,58,51,78,78,92,78,82,65,48,75,0],"gold":441,"neow_bonus":"UPGRADE_CARD","is_prod":false,"is_daily":false,"chose_seed":false,"campfire_upgraded":2,"win_rate":0.0,"timestamp":1546706297,"path_taken":["M","?","?","M","M","R","E","?","T","$","M","E","?","M","R","BOSS","M","M","?","?","?","E","M","R","T","R","?","M","M","E","R","BOSS"],"build_version":"2019-01-03v4","purchased_purges":1,"victory":false,"max_hp_per_floor":[80,80,85,85,85,85,85,85,92,92,92,92,92,92,92,92,92,92,92,92,92,92,92,92,92,92,92,92,92,92,92,92,92],"card_choices":[{"not_picked":["Combust","Shockwave"],"picked":"Shrug It Off","floor":1},{"not_picked":["Feel No Pain","Combust"],"picked":"Warcry","floor":4},{"not_picked":["Armaments","Rampage"],"picked":"Inflame","floor":5},{"not_picked":["Perfected Strike","Second Wind"],"picked":"Iron Wave","floor":7},{"not_picked":["Twin Strike","Warcry"],"picked":"Pommel Strike","floor":11},{"not_picked":["Warcry","Headbutt","Perfected Strike"],"picked":"SKIP","floor":12},{"not_picked":["Flame Barrier","Twin Strike"],"picked":"Infernal Blade","floor":13},{"not_picked":["Twin Strike","True Grit"],"picked":"Rampage","floor":14},{"not_picked":["Brutality","Berserk"],"picked":"Bludgeon","floor":16},{"not_picked":["Thunderclap","Perfected Strike"],"picked":"Metallicize","floor":18},{"not_picked":["Flame Barrier+1","Headbutt+1"],"picked":"Shrug It Off+1","floor":19},{"not_picked":["Clothesline","Body Slam+1","Second Wind"],"picked":"SKIP","floor":23},{"not_picked":["Shrug It Off","Headbutt","Twin Strike"],"picked":"SKIP","floor":24},{"not_picked":["Clash","Searing Blow","Perfected Strike"],"picked":"SKIP","floor":28},{"not_picked":["Burning Pact","Perfected Strike+1"],"picked":"Shrug It Off+1","floor":29},{"not_picked":["Warcry+1","Blood for Blood"],"picked":"Thunderclap+1","floor":30},{"not_picked":["Armaments+1","Infernal Blade","Rampage"],"picked":"SKIP","floor":31}],"player_experience":1366,"relics_obtained":[{"floor":7,"key":"Matryoshka"},{"floor":9,"key":"Strawberry"},{"floor":9,"key":"Sundial"},{"floor":12,"key":"Gambling Chip"},{"floor":23,"key":"Bag of Marbles"},{"floor":26,"key":"Anchor"},{"floor":26,"key":"Bottled Tornado"},{"floor":31,"key":"Oddly Smooth Stone"}],"event_choices":[{"cards_removed":["Defend_R"],"damage_healed":0,"gold_gain":0,"player_choice":"Card Removal","damage_taken":7,"max_hp_gain":0,"max_hp_loss":0,"event_name":"Golden Wing","floor":2,"gold_loss":0},{"damage_healed":0,"gold_gain":0,"player_choice":"Donut","damage_taken":0,"max_hp_gain":5,"max_hp_loss":0,"event_name":"Big Fish","floor":3,"gold_loss":0},{"cards_removed":["Strike_R"],"damage_healed":0,"gold_gain":0,"player_choice":"Purged","damage_taken":0,"max_hp_gain":0,"max_hp_loss":0,"event_name":"Purifier","floor":8,"gold_loss":0},{"damage_healed":0,"gold_gain":99,"player_choice":"Stole From Cult","damage_taken":0,"max_hp_gain":0,"max_hp_loss":0,"event_name":"Nest","floor":20,"gold_loss":0},{"damage_healed":0,"gold_gain":0,"player_choice":"Ignored","damage_taken":0,"max_hp_gain":0,"max_hp_loss":0,"event_name":"Ghosts","floor":21,"gold_loss":0},{"damage_healed":0,"gold_gain":0,"player_choice":"Opened","damage_taken":0,"relics_obtained":["PreservedInsect"],"max_hp_gain":0,"max_hp_loss":0,"event_name":"The Mausoleum","floor":22,"gold_loss":0}],"is_beta":false,"boss_relics":[{"not_picked":["Ectoplasm","Runic Cube"],"picked":"Fusion Hammer"}],"items_purged_floors":[10],"is_endless":false,"potions_floor_spawned":[1,5,11,12,16,28,30,31],"killed_by":"Champ","ascension_level":0}