{"gold_per_floor":[110,122,122,47,72,72,105,124,124,104,104,127,127,145,145,244,307,328,344,358,78,99,99,138,138,163,65,112,24,50,50,50,139,139,152,213,88,88,112,112,112,112,163,206,206,230,257,275,275,275,275],"floor_reached":51,"playtime":1927,"items_purged":["Strike_G","Strike_G","Strike_G"],"score":1340,"play_id":"4174e512-c815-4a1e-aacc-20d470b8d6a6","local_time":"20180824035816","is_ascension_mode":true,"campfire_choices":[{"data":"Catalyst","floor":6.0,"key":"SMITH"},{"data":"Bouncing Flask","floor":11.0,"key":"SMITH"},{"data":"Deadly Poison","floor":13.0,"key":"SMITH"},{"data":"Neutralize","floor":15.0,"key":"SMITH"},{"floor":23.0,"key":"REST"},{"floor":25.0,"key":"REST"},{"floor":32.0,"key":"REST"},{"floor":40.0,"key":"REST"},{"data":"After Image","floor":42.0,"key":"SMITH"},{"data":"Bouncing Flask","floor":45.0,"key":"SMITH"},{"floor":49.0,"key":"REST"}],"neow_cost":"NONE","seed_source_timestamp":0,"circlet_count":0,"master_deck":["Defend_G","Defend_G","Defend_G","Defend_G+1","Defend_G","Strike_G","Survivor","Neutralize+1","AscendersBane","Catalyst+1","Bouncing Flask+1","Well Laid Plans","Deadly Poison+1","Footwork","Bouncing Flask+1","Footwork","Deadly Poison","Catalyst+1","Backflip","After Image+1","Prepared+1","Backflip","Calculated Gamble","Backflip"],"special_seed":0,"relics":["Sozu","Golden Idol","Snake Skull","Omamori","Tiny House","TwistedFunnel","Matryoshka","MawBank","Centennial Puzzle","Boot","Bottled Flame","Runic Dome","Ice Cream","Art of War","Regal Pillow"],"potions_floor_usage":[],"damage_taken":[{"damage":0.0,"enemies":"Jaw Worm","floor":1.0,"turns":4.0},{"damage":4.0,"enemies":"Small Slimes","floor":2.0,"turns":6.0},{"damage":0.0,"enemies":"Cultist","floor":5.0,"turns":4.0},{"damage":10.0,"enemies":"Lagavulin","floor":7.0,"turns":4.0},{"damage":9.0,"enemies":"3 Louse","floor":8.0,"turns":3.0},{"damage":7.0,"enemies":"Lots of Slimes","floor":12.0,"turns":4.0},{"damage":1.0,"enemies":"Blue Slaver","floor":14.0,"turns":4.0},{"damage":13.0,"enemies":"Slime Boss","floor":16.0,"turns":6.0},{"damage":0.0,"enemies":"Spheric Guardian","floor":18.0,"turns":3.0},{"damage":28.0,"enemies":"2 Thieves","floor":19.0,"turns":4.0},{"damage":10.0,"enemies":"Centurion and Healer","floor":20.0,"turns":5.0},{"damage":0.0,"enemies":"Snake Plant","floor":22.0,"turns":2.0},{"damage":28.0,"enemies":"Book of Stabbing","floor":24.0,"turns":4.0},{"damage":17.0,"enemies":"Shelled Parasite and Fungi","floor":28.0,"turns":3.0},{"damage":20.0,"enemies":"Automaton","floor":33.0,"turns":3.0},{"damage":4.0,"enemies":"3 Shapes","floor":35.0,"turns":4.0},{"damage":8.0,"enemies":"Mysterious Sphere","floor":36.0,"turns":6.0},{"damage":19.0,"enemies":"3 Darklings","floor":39.0,"turns":4.0},{"damage":16.0,"enemies":"2 Orb Walkers","floor":44.0,"turns":4.0},{"damage":2.0,"enemies":"Transient","floor":46.0,"turns":4.0},{"damage":16.0,"enemies":"Flame Bruiser 2 Orb","floor":48.0,"turns":3.0},{"damage":26.0,"enemies":"Donu and Deca","floor":50.0,"turns":7.0},{"damage":26,"enemies":"Time Eater","floor":51,"turns":3}],"seed_played":"-5451851687086600966","potions_obtained":[],"is_trial":false,"path_per_floor":["M","M","?","$","M","R","E","M","T","?","R","M","R","M","R","B",null,"M","M","M","$","M","R","E","R","T","?","M","$","T","?","R","B",null,"M","?","$","?","M","R","?","R","T","E","R","M","T","M","R","B"],"character_chosen":"THE_SILENT","items_purchased":["TwistedFunnel","Catalyst"],"campfire_rested":5,"item_purchase_floors":[21,21],"current_hp_per_floor":[59,55,55,55,55,55,45,36,36,36,36,29,29,28,28,15,54,54,26,16,16,16,35,7,26,26,26,9,9,9,9,28,8,51,47,39,39,39,20,39,52,52,52,36,36,34,34,18,52,26,0],"gold":275,"neow_bonus":"BOSS_RELIC","is_prod":false,"is_daily":false,"chose_seed":false,"campfire_upgraded":6,"win_rate":0,"timestamp":1535075896,"path_taken":["M","M","?","$","?","R","E","M","T","?","R","M","R","M","R","BOSS","M","?","M","$","M","R","E","R","T","?","M","$","?","?","R","BOSS","M","?","$","?","M","R","?","R","T","E","R","M","?","?","R","BOSS","BOSS"],"build_version":"2018-08-23","purchased_purges":3,"victory":false,"max_hp_per_floor":[66,66,60,60,60,60,60,60,60,60,60,60,60,60,60,60,65,65,65,65,65,65,65,65,65,65,65,65,65,65,65,65,65,65,65,65,65,65,65,65,65,65,65,65,65,65,65,65,65,65,65],"card_choices":[{"not_picked":["Acrobatics","Quick Slash"],"picked":"Catalyst","floor":1.0},{"not_picked":["Acrobatics","Blur"],"picked":"Bouncing Flask","floor":2.0},{"not_picked":["Bane","Dagger Throw","Dodge and Roll"],"picked":"SKIP","floor":5.0},{"not_picked":["Calculated Gamble","Bane"],"picked":"Well Laid Plans","floor":7.0},{"not_picked":["Cloak And Dagger","Dagger Throw"],"picked":"Deadly Poison","floor":8.0},{"not_picked":["Accuracy","Deadly Poison"],"picked":"Footwork","floor":12.0},{"not_picked":["Flying Knee","Well Laid Plans","Blur"],"picked":"SKIP","floor":14.0},{"not_picked":["Noxious Fumes","Acrobatics"],"picked":"Bouncing Flask","floor":17.0},{"not_picked":["Dagger Spray","Endless Agony+1"],"picked":"Footwork","floor":18.0},{"not_picked":["Well Laid Plans","Flying Knee+1","Bane"],"picked":"SKIP","floor":19.0},{"not_picked":["Tactician","Underhanded Strike"],"picked":"Deadly Poison","floor":20.0},{"not_picked":["Deadly Poison","Quick Slash","Sucker Punch"],"picked":"SKIP","floor":22.0},{"not_picked":["Glass Knife","Bane","Poisoned Stab"],"picked":"SKIP","floor":24.0},{"not_picked":["Prepared","Sucker Punch","Dodge and Roll"],"picked":"SKIP","floor":28.0},{"not_picked":["Bullet Time","Tools of the Trade"],"picked":"After Image","floor":33.0},{"not_picked":["Predator","Bane"],"picked":"Prepared+1","floor":35.0},{"not_picked":["Outmaneuver","Dodge and Roll"],"picked":"Backflip","floor":36.0},{"not_picked":["All Out Attack","Deflect+1"],"picked":"Calculated Gamble","floor":39.0},{"not_picked":["Deadly Poison","Flying Knee"],"picked":"Backflip","floor":44.0},{"not_picked":["Crippling Poison","Poisoned Stab","Cloak And Dagger"],"picked":"SKIP","floor":46.0},{"not_picked":["Backstab","Caltrops","Reflex+1"],"picked":"SKIP","floor":48.0}],"player_experience":929301,"relics_obtained":[{"floor":7.0,"key":"Snake Skull"},{"floor":9.0,"key":"Omamori"},{"floor":24.0,"key":"Matryoshka"},{"floor":26.0,"key":"MawBank"},{"floor":26.0,"key":"Centennial Puzzle"},{"floor":30.0,"key":"Boot"},{"floor":30.0,"key":"Bottled Flame"},{"floor":36.0,"key":"Ice Cream"},{"floor":43.0,"key":"Art of War"},{"floor":47.0,"key":"Regal Pillow"}],"event_choices":[{"event_name":"Golden Idol","player_choice":"Lose Max HP","floor":3.0,"damage_taken":0.0},{"event_name":"The Woman in Blue","player_choice":"Bought 1 Potion","floor":10.0,"damage_taken":0.0},{"event_name":"Designer","player_choice":"Full Service","floor":27.0,"damage_taken":0.0},{"event_name":"The Library","player_choice":"Read","floor":31.0,"damage_taken":0.0},{"event_name":"Mysterious Sphere","player_choice":"Fight","floor":36.0,"damage_taken":0.0},{"event_name":"SensoryStone","player_choice":"Memory 1","floor":38.0,"damage_taken":0.0},{"event_name":"Winding Halls","player_choice":"Writhe","floor":41.0,"damage_taken":0.0}],"is_beta":true,"boss_relics":[{"not_picked":["White Beast Statue","HoveringKite"],"picked":"Tiny House"},{"not_picked":["Fusion Hammer","Coffee Dripper"],"picked":"Runic Dome"}],"items_purged_floors":[4,29,37],"is_endless":false,"potions_floor_spawned":[1,7,12,14,16,18,19,33,36,44,46],"killed_by":"Time Eater","ascension_level":20}