{"gold_per_floor":[119,42,61,81,101,129,129,188,188,188,188,188,203,222,222,222],"floor_reached":16,"playtime":927,"items_purged":[],"score":224,"play_id":"964c9069-cd3b-4e4a-8f50-05a974c98b85","local_time":"20190504212506","is_ascension_mode":true,"campfire_choices":[{"floor":7,"key":"REST"},{"data":"Zap","floor":12,"key":"SMITH"},{"data":"Sunder","floor":15,"key":"SMITH"}],"neow_cost":"NONE","seed_source_timestamp":2160790927911711,"circlet_count":0,"master_deck":["AscendersBane","Strike_B","Strike_B","Strike_B","Defend_B","Defend_B","Defend_B","Defend_B","Zap+1","Dualcast","Sunder+1","Coolheaded","Self Repair","Coolheaded","Chill","Meteor Strike","Rainbow","Hologram"],"relics":["Black Star","Art of War","Darkstone Periapt","Kunai","Tiny Chest","Juzu Bracelet","Blue Candle"],"potions_floor_usage":[5,5,8],"damage_taken":[{"damage":9,"enemies":"Jaw Worm","floor":1,"turns":4},{"damage":6,"enemies":"Cultist","floor":3,"turns":4},{"damage":0,"enemies":"2 Louse","floor":4,"turns":3},{"damage":10,"enemies":"Gremlin Gang","floor":5,"turns":6},{"damage":40,"enemies":"Lagavulin","floor":6,"turns":10},{"damage":11,"enemies":"3 Sentries","floor":8,"turns":11},{"damage":16,"enemies":"Red Slaver","floor":13,"turns":4},{"damage":3,"enemies":"Blue Slaver","floor":14,"turns":4},{"damage":27,"enemies":"Hexaghost","floor":16,"turns":9}],"seed_played":"-6988025339452934577","potions_obtained":[{"floor":3,"key":"AttackPotion"},{"floor":4,"key":"SkillPotion"},{"floor":5,"key":"Dexterity Potion"},{"floor":14,"key":"Explosive Potion"}],"is_trial":false,"path_per_floor":["M","?","M","M","M","E","R","E","T","?","?","R","M","M","R","B"],"character_chosen":"DEFECT","items_purchased":[],"campfire_rested":1,"item_purchase_floors":[],"current_hp_per_floor":[55,55,49,49,46,13,34,30,30,30,30,30,21,25,25,0],"gold":222,"neow_bonus":"BOSS_RELIC","is_prod":false,"is_daily":false,"chose_seed":false,"campfire_upgraded":2,"win_rate":0,"timestamp":1556997906,"path_taken":["M","?","?","M","M","E","R","E","T","?","?","R","M","M","R","BOSS"],"build_version":"2019-01-23","purchased_purges":0,"victory":false,"max_hp_per_floor":[71,71,71,71,71,71,71,71,71,71,71,71,71,71,71,71],"card_choices":[{"not_picked":["Barrage","Chill"],"picked":"Sunder","floor":1},{"not_picked":["Force Field","Aggregate"],"picked":"Coolheaded","floor":3},{"not_picked":["Sweeping Beam","Gash"],"picked":"Self Repair","floor":4},{"not_picked":["Steam","Force Field"],"picked":"Coolheaded","floor":5},{"not_picked":["Barrage","Conserve Battery"],"picked":"Chill","floor":6},{"not_picked":["Force Field","Conserve Battery"],"picked":"Meteor Strike","floor":8},{"not_picked":["Melter","Consume","Beam Cell"],"picked":"SKIP","floor":13},{"not_picked":["Beam Cell","FTL"],"picked":"Hologram","floor":14}],"player_experience":2644971,"relics_obtained":[{"floor":6,"key":"Darkstone Periapt"},{"floor":6,"key":"Kunai"},{"floor":8,"key":"Tiny Chest"},{"floor":8,"key":"Juzu Bracelet"},{"floor":9,"key":"Blue Candle"}],"event_choices":[{"damage_healed":0,"gold_gain":0,"player_choice":"Paid Gold","damage_taken":0,"relics_obtained":["Art of War"],"max_hp_gain":0,"max_hp_loss":0,"event_name":"WeMeetAgain","floor":2,"gold_loss":77},{"cards_removed":["Strike_B"],"damage_healed":0,"gold_gain":0,"player_choice":"Purged","damage_taken":0,"max_hp_gain":0,"max_hp_loss":0,"event_name":"Purifier","floor":10,"gold_loss":0},{"damage_healed":0,"gold_gain":0,"player_choice":"1 cards matched","damage_taken":0,"max_hp_gain":0,"max_hp_loss":0,"event_name":"Match and Keep!","floor":11,"gold_loss":0,"cards_obtained":["Rainbow"]}],"is_beta":false,"boss_relics":[],"items_purged_floors":[],"is_endless":false,"potions_floor_spawned":[3,4,5,14],"killed_by":"Hexaghost","ascension_level":20}