{"gold_per_floor":[113,113,38,38,49,78,78,78,78,78,96,122,140,155,155,228,228,240,258,258,258,258,258,83,102,102,119,169,169,204,204],"floor_reached":31,"playtime":1763,"items_purged":["Decay"],"score":626,"play_id":"8139c1e7-6bcf-45bc-a938-d9ce9550f11c","local_time":"20190407215233","is_ascension_mode":true,"campfire_choices":[{"data":"Feed","floor":7,"key":"SMITH"},{"data":"Flex","floor":10,"key":"SMITH"},{"data":"Defend_R","floor":15,"key":"SMITH"},{"floor":23,"key":"REST"},{"data":"Disarm","floor":29,"key":"SMITH"}],"neow_cost":"NONE","seed_source_timestamp":350669737871441,"circlet_count":0,"master_deck":["AscendersBane","Strike_R","Strike_R+1","Strike_R","Strike_R","Defend_R+1","Defend_R","Defend_R","Defend_R","Bash+1","Rupture","Flex+1","Feed+1","Headbutt","Feed","Spot Weakness","Reaper","PanicButton","Disarm+1","Uppercut"],"relics":["Burning Blood","NeowsBlessing","Question Card","Whetstone","Art of War","Cursed Key","Pantograph"],"potions_floor_usage":[12,16,16,30,31],"damage_taken":[{"damage":0,"enemies":"Jaw Worm","floor":1,"turns":1},{"damage":0,"enemies":"2 Louse","floor":5,"turns":2},{"damage":0,"enemies":"Gremlin Nob","floor":6,"turns":1},{"damage":0,"enemies":"Small Slimes","floor":11,"turns":2},{"damage":32,"enemies":"Lagavulin","floor":12,"turns":6},{"damage":0,"enemies":"2 Fungi Beasts","floor":13,"turns":2},{"damage":12,"enemies":"Looter","floor":14,"turns":3},{"damage":71,"enemies":"The Guardian","floor":16,"turns":14},{"damage":49,"enemies":"Shell Parasite","floor":18,"turns":7},{"damage":34,"enemies":"Chosen","floor":19,"turns":6},{"damage":0,"enemies":"Centurion and Healer","floor":25,"turns":5},{"damage":37,"enemies":"3 Cultists","floor":27,"turns":5},{"damage":113,"enemies":"Slavers","floor":30,"turns":9},{"damage":19,"enemies":"Snake Plant","floor":31,"turns":3}],"seed_played":"5613119022990062143","potions_obtained":[{"floor":11,"key":"AttackPotion"},{"floor":12,"key":"Strength Potion"},{"floor":14,"key":"Swift Potion"},{"floor":19,"key":"BloodPotion"},{"floor":30,"key":"Fire Potion"}],"is_trial":false,"path_per_floor":["M","?","?","$","M","E","R","?","T","R","M","E","M","M","R","B",null,"M","M","$","?","?","R","$","M","T","M","?","R","E","M"],"character_chosen":"IRONCLAD","items_purchased":["PanicButton"],"campfire_rested":1,"item_purchase_floors":[24],"current_hp_per_floor":[74,79,79,79,80,80,80,80,80,80,84,62,75,73,73,12,80,51,37,37,37,59,92,92,112,112,91,91,91,16,0],"gold":204,"neow_bonus":"THREE_ENEMY_KILL","is_prod":false,"is_daily":false,"chose_seed":false,"campfire_upgraded":4,"win_rate":0,"timestamp":1554666753,"path_taken":["M","?","?","$","M","E","R","?","T","R","M","E","M","M","R","BOSS","M","M","$","?","?","R","$","M","T","M","?","R","E","M"],"build_version":"2019-01-23","purchased_purges":1,"victory":false,"max_hp_per_floor":[75,80,80,80,80,80,80,80,80,80,84,88,95,99,99,103,103,107,111,111,111,111,111,111,115,115,122,122,122,125,125],"card_choices":[{"not_picked":["Perfected Strike","Iron Wave"],"picked":"Rupture","floor":1},{"not_picked":["Searing Blow","Clash"],"picked":"Flex","floor":5},{"not_picked":["Anger","Reckless Charge"],"picked":"Feed","floor":6},{"not_picked":["Heavy Blade","Armaments","Pommel Strike"],"picked":"Headbutt","floor":11},{"not_picked":["Burning Pact","True Grit","Sword Boomerang"],"picked":"Feed","floor":12},{"not_picked":["True Grit","Perfected Strike","Rupture"],"picked":"Spot Weakness","floor":13},{"not_picked":["Flex","Twin Strike","Clothesline","Pommel Strike"],"picked":"SKIP","floor":14},{"not_picked":["Limit Break","Offering","Demon Form"],"picked":"Reaper","floor":16},{"not_picked":["Perfected Strike+1","Flex","Thunderclap","Wild Strike"],"picked":"SKIP","floor":18},{"not_picked":["Rupture","True Grit","Havoc+1","Cleave"],"picked":"SKIP","floor":19},{"not_picked":["Sword Boomerang","Pommel Strike","Cleave","Bloodletting"],"picked":"SKIP","floor":25},{"not_picked":["Combust","Armaments","Pommel Strike"],"picked":"Disarm","floor":27},{"not_picked":["Clash","Combust","Bludgeon"],"picked":"Uppercut","floor":30}],"player_experience":2446555,"relics_obtained":[{"floor":6,"key":"Question Card"},{"floor":9,"key":"Whetstone"},{"floor":12,"key":"Art of War"},{"floor":30,"key":"Pantograph"}],"event_choices":[{"damage_healed":0,"gold_gain":0,"player_choice":"Donut","damage_taken":0,"max_hp_gain":5,"max_hp_loss":0,"event_name":"Big Fish","floor":2,"gold_loss":0},{"cards_removed":["Strike_R"],"damage_healed":0,"gold_gain":0,"player_choice":"Card Removal","damage_taken":0,"max_hp_gain":0,"max_hp_loss":0,"event_name":"The Cleric","floor":3,"gold_loss":75},{"damage_healed":0,"gold_gain":0,"player_choice":"Ignored","damage_taken":0,"max_hp_gain":0,"max_hp_loss":0,"event_name":"Liars Game","floor":8,"gold_loss":0},{"damage_healed":0,"gold_gain":0,"player_choice":"Smashed Altar","damage_taken":0,"max_hp_gain":0,"max_hp_loss":0,"event_name":"Forgotten Altar","floor":21,"gold_loss":0,"cards_obtained":["Decay"]},{"damage_healed":22,"gold_gain":0,"player_choice":"Heal","damage_taken":0,"max_hp_gain":0,"max_hp_loss":0,"event_name":"The Library","floor":22,"gold_loss":0},{"damage_healed":0,"gold_gain":50,"player_choice":"Stole From Cult","damage_taken":0,"max_hp_gain":0,"max_hp_loss":0,"event_name":"Nest","floor":28,"gold_loss":0}],"is_beta":false,"boss_relics":[{"not_picked":["Mark of Pain","Lizard Tail"],"picked":"Cursed Key"}],"items_purged_floors":[24],"is_endless":false,"potions_floor_spawned":[11,12,14,19,30],"killed_by":"Snake Plant","ascension_level":20}