{"gold_per_floor":[118,118,134,31,46,46,78,91,91,122,141,141,141,181,181,272,272,288,288,16,16,35,35,75,75,75,0,23,63,82,123,123,217,217,235,248,581,199,211,211,245,245,245,245,245,278,278,303,303,303],"floor_reached":50,"playtime":3448,"items_purged":["Parasite","Strike_R","Defend_R"],"score":1283,"play_id":"c0ad92c1-9bfb-49bf-bbea-e1aa5f30572b","local_time":"20190415233552","is_ascension_mode":true,"campfire_choices":[{"data":"Double Tap","floor":6.0,"key":"SMITH"},{"data":"Battle Trance","floor":13.0,"key":"SMITH"},{"data":"Strike_R","floor":15.0,"key":"PURGE"},{"floor":23.0,"key":"REST"},{"data":"Strike_R","floor":25.0,"key":"PURGE"},{"data":"Bash","floor":32.0,"key":"PURGE"},{"floor":40.0,"key":"RECALL"},{"floor":42.0,"key":"REST"},{"data":"Shame","floor":44.0,"key":"PURGE"},{"data":"Defend_R","floor":49.0,"key":"PURGE"}],"neow_cost":"CURSE","seed_source_timestamp":524436151516039,"circlet_count":0,"master_deck":["AscendersBane","Strike_R+1","Strike_R+1","Defend_R","Defend_R","Offering","Clothesline","Bash","Double Tap+1","Burning Pact","Flex","Shrug It Off","Battle Trance+1","Cleave","Spot Weakness","Cleave+1","Fiend Fire+1","Reaper+1","Flame Barrier","Carnage+1","Limit Break","Uppercut+1","Feel No Pain","Inflame","Exhume","Heavy Blade+1","Corruption","Inflame+1","Madness","Madness","Battle Trance","Impervious"],"special_seed":0,"relics":["Burning Blood","Anchor","Whetstone","Molten Egg 2","Peace Pipe","Fusion Hammer","Enchiridion","Mercury Hourglass","Pen Nib","Torii","Darkstone Periapt","Cursed Key","PreservedInsect","Happy Flower","Dream Catcher","Blood Vial"],"potions_floor_usage":[],"damage_taken":[{"damage":10.0,"enemies":"Jaw Worm","floor":1.0,"turns":3.0},{"damage":6.0,"enemies":"Cultist","floor":3.0,"turns":3.0},{"damage":7.0,"enemies":"Small Slimes","floor":5.0,"turns":4.0},{"damage":15.0,"enemies":"Lagavulin","floor":7.0,"turns":4.0},{"damage":1.0,"enemies":"Looter","floor":8.0,"turns":2.0},{"damage":18.0,"enemies":"3 Sentries","floor":10.0,"turns":6.0},{"damage":6.0,"enemies":"Large Slime","floor":11.0,"turns":2.0},{"damage":13.0,"enemies":"Lagavulin","floor":14.0,"turns":5.0},{"damage":37.0,"enemies":"The Guardian","floor":16.0,"turns":10.0},{"damage":19.0,"enemies":"2 Thieves","floor":18.0,"turns":3.0},{"damage":16.0,"enemies":"Shell Parasite","floor":22.0,"turns":3.0},{"damage":10.0,"enemies":"Slavers","floor":24.0,"turns":4.0},{"damage":8.0,"enemies":"Chosen and Byrds","floor":28.0,"turns":3.0},{"damage":10.0,"enemies":"Book of Stabbing","floor":29.0,"turns":2.0},{"damage":1.0,"enemies":"3 Cultists","floor":30.0,"turns":4.0},{"damage":9.0,"enemies":"Slavers","floor":31.0,"turns":3.0},{"damage":20.0,"enemies":"Automaton","floor":33.0,"turns":5.0},{"damage":36.0,"enemies":"3 Darklings","floor":35.0,"turns":4.0},{"damage":6.0,"enemies":"Orb Walker","floor":36.0,"turns":2.0},{"damage":7.0,"enemies":"Spire Growth","floor":39.0,"turns":2.0},{"damage":56.0,"enemies":"Reptomancer","floor":41.0,"turns":5.0},{"damage":1.0,"enemies":"Nemesis","floor":46.0,"turns":3.0},{"damage":18.0,"enemies":"Reptomancer","floor":48.0,"turns":3.0},{"damage":128,"enemies":"Awakened One","floor":50,"turns":8}],"seed_played":"-136568606609064864","potions_obtained":[{"floor":1.0,"key":"Explosive Potion"},{"floor":3.0,"key":"SkillPotion"},{"floor":8.0,"key":"Fire Potion"},{"floor":14.0,"key":"Weak Potion"},{"floor":22.0,"key":"Energy Potion"},{"floor":24.0,"key":"Strength Potion"},{"floor":30.0,"key":"Swift Potion"},{"floor":36.0,"key":"Fire Potion"},{"floor":39.0,"key":"Fruit Juice"},{"floor":41.0,"key":"Block Potion"},{"floor":46.0,"key":"GamblersBrew"}],"is_trial":false,"path_per_floor":["M","?","M","$","M","R","E","M","T","E","M","?","R","E","R","B",null,"M","?","$","?","M","R","E","R","T","$","M","E","M","E","R","B",null,"M","M","?","$","M","R","E","R","T","R","?","E","?","E","R","B"],"character_chosen":"IRONCLAD","items_purchased":["Shrug It Off","Limit Break","Uppercut+1","PreservedInsect","Corruption"],"campfire_rested":2,"item_purchase_floors":[4,20,27,38,38],"current_hp_per_floor":[64,64,64,64,63,63,54,59,59,47,47,47,47,40,40,9,51,46,46,46,25,15,34,40,40,40,40,44,40,46,62,62,52,62,64,64,64,64,68,68,35,56,62,62,48,75,75,63,63,0],"gold":303,"neow_bonus":"THREE_RARE_CARDS","is_prod":false,"is_daily":false,"chose_seed":false,"campfire_upgraded":2,"win_rate":0,"timestamp":1555364152,"path_taken":["M","?","?","$","M","R","E","M","T","E","M","?","R","E","R","BOSS","M","?","$","?","?","R","E","R","T","?","M","E","?","E","R","BOSS","M","M","?","$","M","R","E","R","T","R","?","E","?","E","R","BOSS"],"build_version":"2019-01-23","purchased_purges":3,"victory":false,"max_hp_per_floor":[75,75,75,72,72,72,72,72,72,72,72,65,65,65,65,65,65,65,65,65,65,65,65,65,65,65,65,65,65,65,65,65,65,65,65,65,65,65,70,70,70,70,76,76,76,76,76,76,76,76],"card_choices":[{"not_picked":["Dark Embrace","Double Tap"],"picked":"Offering","floor":0.0},{"not_picked":["Havoc","Infernal Blade"],"picked":"Clothesline","floor":1.0},{"not_picked":["Twin Strike","Second Wind"],"picked":"Flex","floor":3.0},{"not_picked":["Perfected Strike","Thunderclap"],"picked":"Battle Trance","floor":5.0},{"not_picked":["Flex","Seeing Red"],"picked":"Cleave","floor":7.0},{"not_picked":["Cleave","Wild Strike"],"picked":"Twin Strike","floor":8.0},{"not_picked":["Disarm","Metallicize"],"picked":"Spot Weakness","floor":10.0},{"not_picked":["Wild Strike+1","Armaments"],"picked":"Cleave+1","floor":11.0},{"not_picked":["Clash+1","Twin Strike+1"],"picked":"Fiend Fire+1","floor":14.0},{"not_picked":["Juggernaut","Demon Form"],"picked":"Reaper+1","floor":16.0},{"not_picked":["Entrench","Combust"],"picked":"Flame Barrier","floor":18.0},{"not_picked":["Hemokinesis+1","Sword Boomerang+1","Cleave+1"],"picked":"SKIP","floor":22.0},{"not_picked":["Body Slam+1","Shrug It Off","Seeing Red"],"picked":"SKIP","floor":24.0},{"not_picked":["Shrug It Off","Warcry","Entrench"],"picked":"SKIP","floor":28.0},{"not_picked":["Rampage+1","Sever Soul+1"],"picked":"Feel No Pain","floor":29.0},{"not_picked":["Iron Wave+1","Shrug It Off"],"picked":"Inflame","floor":30.0},{"not_picked":["Sword Boomerang+1","Headbutt+1","Blood for Blood+1"],"picked":"SKIP","floor":31.0},{"not_picked":["Barricade","Bludgeon+1"],"picked":"Exhume","floor":33.0},{"not_picked":["Flame Barrier+1","Metallicize"],"picked":"Heavy Blade+1","floor":35.0},{"not_picked":["Headbutt+1","Iron Wave+1","Rage+1"],"picked":"SKIP","floor":36.0},{"not_picked":["Twin Strike+1","Wild Strike+1","Perfected Strike+1"],"picked":"SKIP","floor":39.0},{"not_picked":["Evolve","Clothesline+1"],"picked":"Inflame+1","floor":41.0},{"not_picked":["Headbutt+1","Blood for Blood+1"],"picked":"Battle Trance","floor":46.0},{"not_picked":["Bloodletting","Second Wind+1"],"picked":"Impervious","floor":48.0}],"player_experience":2501545,"relics_obtained":[{"floor":7.0,"key":"Anchor"},{"floor":9.0,"key":"Whetstone"},{"floor":10.0,"key":"Molten Egg 2"},{"floor":14.0,"key":"Peace Pipe"},{"floor":21.0,"key":"Enchiridion"},{"floor":24.0,"key":"Mercury Hourglass"},{"floor":26.0,"key":"Pen Nib"},{"floor":29.0,"key":"Torii"},{"floor":31.0,"key":"Darkstone Periapt"},{"floor":41.0,"key":"Happy Flower"},{"floor":46.0,"key":"Dream Catcher"},{"floor":48.0,"key":"Blood Vial"}],"event_choices":[{"damage_healed":0.0,"max_hp_gain":0.0,"max_hp_loss":0.0,"gold_gain":0.0,"event_name":"Match and Keep!","player_choice":"3 cards matched","floor":2.0,"gold_loss":0.0,"damage_taken":0.0,"cards_obtained":["Bash","Double Tap","Burning Pact"]},{"damage_healed":0.0,"max_hp_gain":0.0,"max_hp_loss":7.0,"gold_gain":0.0,"event_name":"Golden Idol","player_choice":"Lose Max HP","floor":12.0,"gold_loss":0.0,"damage_taken":0.0,"relics_obtained":["Golden Idol"]},{"damage_healed":0.0,"max_hp_gain":0.0,"max_hp_loss":0.0,"gold_gain":0.0,"event_name":"The Library","player_choice":"Read","floor":19.0,"gold_loss":0.0,"damage_taken":0.0,"cards_obtained":["Carnage"]},{"damage_healed":0.0,"max_hp_gain":0.0,"max_hp_loss":0.0,"gold_gain":0.0,"event_name":"Cursed Tome","player_choice":"Obtained Book","floor":21.0,"gold_loss":0.0,"damage_taken":21.0},{"damage_healed":0.0,"max_hp_gain":0.0,"max_hp_loss":0.0,"gold_gain":333.0,"event_name":"The Moai Head","player_choice":"Gave Idol","floor":37.0,"relics_lost":["Golden Idol"],"gold_loss":0.0,"damage_taken":0.0},{"damage_healed":0.0,"max_hp_gain":0.0,"max_hp_loss":0.0,"gold_gain":0.0,"event_name":"Winding Halls","player_choice":"Embrace Madness","floor":45.0,"gold_loss":0.0,"damage_taken":14.0,"cards_obtained":["Madness","Madness"]},{"cards_removed":["Twin Strike"],"damage_healed":0.0,"max_hp_gain":0.0,"max_hp_loss":0.0,"gold_gain":0.0,"event_name":"Falling","player_choice":"Removed Attack","floor":47.0,"gold_loss":0.0,"damage_taken":0.0}],"is_beta":false,"boss_relics":[{"not_picked":["Lizard Tail","Mark of Pain"],"picked":"Fusion Hammer"},{"not_picked":["Tiny House","Astrolabe"],"picked":"Cursed Key"}],"items_purged_floors":[4,20,38],"is_endless":false,"potions_floor_spawned":[1,3,8,14,22,24,30,36,39,41,46],"killed_by":"Awakened One","ascension_level":20}