{"gold_per_floor":[119,194,207,207,222,222,222,222,247,261,287,298,573,179,179,250,250,265,265],"floor_reached":19,"playtime":1367,"items_purged":["Regret"],"score":334,"play_id":"a859bbaa-832a-4e45-bdaa-6b0904503897","local_time":"20190522170051","is_ascension_mode":true,"campfire_choices":[{"floor":6.0,"key":"REST"},{"data":"Barricade","floor":8.0,"key":"SMITH"},{"floor":15.0,"key":"REST"}],"neow_cost":"NONE","seed_source_timestamp":611300095993229,"circlet_count":0,"master_deck":["AscendersBane","Strike_R+1","Strike_R","Strike_R","Strike_R","Strike_R+1","Defend_R","Defend_R","Defend_R","Bash","Shrug It Off","Sword Boomerang","Barricade+1","Carnage","Headbutt","Spot Weakness","Limit Break"],"special_seed":0,"relics":["Burning Blood","Self Forming Clay","Strawberry","Orichalcum","Ice Cream","Runic Pyramid"],"potions_floor_usage":[],"damage_taken":[{"damage":17.0,"enemies":"Small Slimes","floor":1.0,"turns":4.0},{"damage":6.0,"enemies":"Jaw Worm","floor":3.0,"turns":4.0},{"damage":0.0,"enemies":"Cultist","floor":5.0,"turns":2.0},{"damage":25.0,"enemies":"3 Louse","floor":10.0,"turns":5.0},{"damage":25.0,"enemies":"3 Sentries","floor":11.0,"turns":8.0},{"damage":5.0,"enemies":"Looter","floor":12.0,"turns":3.0},{"damage":14.0,"enemies":"Slime Boss","floor":16.0,"turns":10.0},{"damage":37.0,"enemies":"Spheric Guardian","floor":18.0,"turns":7.0},{"damage":45,"enemies":"Colosseum Slavers","floor":19,"turns":3}],"seed_played":"223215882645049778","potions_obtained":[{"floor":5.0,"key":"Swift Potion"},{"floor":10.0,"key":"Energy Potion"},{"floor":11.0,"key":"EssenceOfSteel"},{"floor":12.0,"key":"SpeedPotion"}],"is_trial":false,"path_per_floor":["M","?","M","?","M","R","T","R","T","M","E","M","?","$","R","B",null,"M","?"],"character_chosen":"IRONCLAD","items_purchased":["Ice Cream"],"campfire_rested":2,"item_purchase_floors":[14],"current_hp_per_floor":[57,46,46,23,29,51,51,51,58,39,20,21,21,21,45,37,71,40,0],"gold":265,"neow_bonus":"REMOVE_CARD","is_prod":false,"is_daily":false,"chose_seed":false,"campfire_upgraded":1,"win_rate":0,"timestamp":1558537251,"path_taken":["M","?","M","?","M","R","?","R","T","M","E","?","?","$","R","BOSS","M","?"],"build_version":"2019-01-23","purchased_purges":1,"victory":false,"max_hp_per_floor":[75,75,75,75,75,75,75,75,82,82,82,82,82,82,82,82,82,82,82],"card_choices":[{"not_picked":["Havoc","Flex"],"picked":"Shrug It Off","floor":1.0},{"not_picked":["Infernal Blade","Rupture"],"picked":"Sword Boomerang","floor":3.0},{"not_picked":["Wild Strike","Headbutt"],"picked":"Barricade","floor":5.0},{"not_picked":["Twin Strike","Clothesline"],"picked":"Carnage","floor":10.0},{"not_picked":["Anger","Ghostly Armor"],"picked":"Headbutt","floor":11.0},{"not_picked":["True Grit","Havoc"],"picked":"Spot Weakness","floor":12.0},{"not_picked":["Exhume","Barricade"],"picked":"Limit Break","floor":16.0},{"not_picked":["Corruption","Power Through+1","Sword Boomerang"],"picked":"SKIP","floor":18.0}],"player_experience":2741968,"relics_obtained":[{"floor":7.0,"key":"Self Forming Clay"},{"floor":9.0,"key":"Strawberry"},{"floor":11.0,"key":"Orichalcum"}],"event_choices":[{"damage_healed":0.0,"max_hp_gain":0.0,"max_hp_loss":0.0,"gold_gain":75.0,"event_name":"World of Goop","player_choice":"Gather Gold","floor":2.0,"gold_loss":0.0,"damage_taken":11.0},{"damage_healed":0.0,"max_hp_gain":0.0,"max_hp_loss":0.0,"gold_gain":0.0,"event_name":"Shining Light","player_choice":"Entered Light","floor":4.0,"gold_loss":0.0,"damage_taken":23.0,"cards_upgraded":["Strike_R","Strike_R"]},{"damage_healed":0.0,"max_hp_gain":0.0,"max_hp_loss":0.0,"gold_gain":275.0,"event_name":"Golden Shrine","player_choice":"Desecrate","floor":13.0,"gold_loss":0.0,"damage_taken":0.0,"cards_obtained":["Regret"]},{"damage_healed":0,"gold_gain":0,"player_choice":"Fight","damage_taken":0,"max_hp_gain":0,"max_hp_loss":0,"event_name":"Colosseum","floor":19,"gold_loss":0}],"is_beta":false,"boss_relics":[{"not_picked":["Ectoplasm","Tiny House"],"picked":"Runic Pyramid"}],"items_purged_floors":[14],"is_endless":false,"potions_floor_spawned":[5,10,11,12],"killed_by":"Colosseum Slavers","ascension_level":20}