{"gold_per_floor":[113,113,113,130,148,148,173,191,191,206,222,106,31,0,0,74,74,91,111,82,182,97,97,53,87,125,137,159,171,193,222,234,246],"floor_reached":33,"playtime":3769,"items_purged":["Strike_B"],"score":534,"play_id":"7b12f400-623f-4500-a65a-3e83778a5689","local_time":"20190403211743","is_ascension_mode":true,"campfire_choices":[{"data":"Zap","floor":6,"key":"SMITH"},{"data":"Coolheaded","floor":15,"key":"SMITH"},{"floor":23,"key":"REST"},{"floor":29,"key":"REST"},{"floor":32,"key":"REST"}],"neow_cost":"NONE","seed_source_timestamp":970093232751,"circlet_count":0,"master_deck":["AscendersBane","Defend_B","Defend_B","Zap+1","Dualcast","Static Discharge+1","Conserve Battery","Loop","Coolheaded+1","Undo","Reinforced Body","Rip and Tear","Core Surge","Barrage+1","Hologram+1","Hyperbeam+1","Ball Lightning","Steam","Storm+1","Heatsinks+1","Compile Driver+1","Turbo","Coolheaded+1"],"relics":["Cracked Core","NeowsBlessing","Letter Opener","Astrolabe","Du-Vu Doll","Symbiotic Virus","Frozen Egg 2","MawBank","Happy Flower"],"potions_floor_usage":[7,16,16,21,33],"damage_taken":[{"damage":0,"enemies":"2 Louse","floor":1,"turns":1},{"damage":0,"enemies":"Small Slimes","floor":4,"turns":1},{"damage":0,"enemies":"Cultist","floor":5,"turns":1},{"damage":25,"enemies":"3 Sentries","floor":7,"turns":6},{"damage":3,"enemies":"Blue Slaver","floor":8,"turns":4},{"damage":4,"enemies":"Looter","floor":10,"turns":3},{"damage":0,"enemies":"2 Fungi Beasts","floor":11,"turns":3},{"damage":7,"enemies":"Hexaghost","floor":16,"turns":11},{"damage":0,"enemies":"Chosen","floor":18,"turns":3},{"damage":10,"enemies":"Shell Parasite","floor":19,"turns":4},{"damage":9,"enemies":"Colosseum Slavers","floor":21,"turns":2},{"damage":21,"enemies":"Colosseum Nobs","floor":21,"turns":3},{"damage":37,"enemies":"Slavers","floor":25,"turns":3},{"damage":0,"enemies":"Snecko","floor":28,"turns":3},{"damage":3,"enemies":"Sentry and Sphere","floor":30,"turns":5},{"damage":8,"enemies":"Snake Plant","floor":31,"turns":3},{"damage":44,"enemies":"Automaton","floor":33,"turns":6}],"seed_played":"2986423314200447292","potions_obtained":[{"floor":1,"key":"Energy Potion"},{"floor":5,"key":"GamblersBrew"},{"floor":8,"key":"SkillPotion"},{"floor":16,"key":"Poison Potion"},{"floor":18,"key":"Dexterity Potion"},{"floor":19,"key":"FearPotion"},{"floor":28,"key":"Weak Potion"}],"is_trial":false,"path_per_floor":["M","?","?","M","M","R","E","M","T","M","M","$","?","?","R","B",null,"M","M","$","?","?","R","$","E","T","?","M","R","M","M","R","B"],"character_chosen":"DEFECT","items_purchased":["Rip and Tear","Steam","Storm+1"],"campfire_rested":3,"item_purchase_floors":[12,20,24],"current_hp_per_floor":[64,57,57,57,57,57,32,29,29,25,25,25,25,25,25,18,58,58,48,48,18,18,39,39,2,2,2,2,23,20,12,33,0],"gold":246,"neow_bonus":"THREE_ENEMY_KILL","is_prod":false,"is_daily":false,"chose_seed":false,"campfire_upgraded":2,"win_rate":0,"timestamp":1554319063,"path_taken":["M","?","?","M","?","R","E","M","T","M","M","$","?","?","R","BOSS","M","M","$","?","?","R","?","E","T","?","M","R","M","?","R","BOSS"],"build_version":"2019-01-23","purchased_purges":1,"victory":false,"max_hp_per_floor":[71,71,71,71,71,71,71,71,71,71,71,71,71,71,71,71,71,71,71,71,71,71,71,71,71,71,71,71,71,71,71,71,71],"card_choices":[{"not_picked":["Streamline","Blizzard"],"picked":"Static Discharge","floor":1},{"not_picked":["Leap","Hologram","Streamline"],"picked":"SKIP","floor":4},{"not_picked":["Hologram","Compile Driver"],"picked":"Conserve Battery","floor":5},{"not_picked":["Hello World","Rainbow"],"picked":"Loop","floor":7},{"not_picked":["Rebound","Streamline"],"picked":"Coolheaded","floor":8},{"not_picked":["Coolheaded","Redo"],"picked":"Undo","floor":10},{"not_picked":["Barrage","Doom and Gloom"],"picked":"Reinforced Body","floor":11},{"not_picked":["Multi-Cast","Machine Learning"],"picked":"Core Surge","floor":16},{"not_picked":["Stack","Cold Snap"],"picked":"Ball Lightning","floor":18},{"not_picked":["BootSequence","Reinforced Body","Go for the Eyes"],"picked":"SKIP","floor":19},{"not_picked":["Meteor Strike","Leap"],"picked":"Heatsinks+1","floor":25},{"not_picked":["Go for the Eyes","Gash"],"picked":"Compile Driver+1","floor":28},{"not_picked":["Sweeping Beam","Reprogram+1"],"picked":"Turbo","floor":30},{"not_picked":["Chaos","Lockon"],"picked":"Coolheaded+1","floor":31}],"player_experience":2327654,"relics_obtained":[{"floor":7,"key":"Letter Opener"},{"floor":21,"key":"Du-Vu Doll"},{"floor":21,"key":"Symbiotic Virus"},{"floor":25,"key":"MawBank"},{"floor":26,"key":"Happy Flower"}],"event_choices":[{"cards_removed":["Strike_B"],"damage_healed":0,"gold_gain":0,"player_choice":"Card Removal","damage_taken":7,"max_hp_gain":0,"max_hp_loss":0,"event_name":"Golden Wing","floor":2,"gold_loss":0},{"damage_healed":0,"gold_gain":0,"player_choice":"Upgraded","damage_taken":0,"max_hp_gain":0,"max_hp_loss":0,"event_name":"Upgrade Shrine","floor":3,"gold_loss":0,"cards_upgraded":["Static Discharge"]},{"cards_removed":["Strike_B"],"damage_healed":0,"gold_gain":0,"player_choice":"Card Removal","damage_taken":0,"max_hp_gain":0,"max_hp_loss":0,"event_name":"The Cleric","floor":13,"gold_loss":75},{"damage_healed":0,"gold_gain":0,"player_choice":"Left Gold","damage_taken":0,"max_hp_gain":0,"max_hp_loss":0,"event_name":"World of Goop","floor":14,"gold_loss":31},{"damage_healed":0,"gold_gain":0,"player_choice":"Fight","damage_taken":0,"max_hp_gain":0,"max_hp_loss":0,"event_name":"Colosseum","floor":21,"gold_loss":0},{"damage_healed":0,"gold_gain":0,"player_choice":"Fought Nobs","damage_taken":0,"max_hp_gain":0,"max_hp_loss":0,"event_name":"Colosseum","floor":21,"gold_loss":0},{"damage_healed":0,"gold_gain":0,"player_choice":"Obtained Relic","damage_taken":0,"relics_obtained":["Frozen Egg 2"],"max_hp_gain":0,"max_hp_loss":0,"event_name":"Addict","floor":22,"gold_loss":85},{"damage_healed":0,"gold_gain":0,"player_choice":"Ignored","damage_taken":0,"max_hp_gain":0,"max_hp_loss":0,"event_name":"Vampires","floor":27,"gold_loss":0}],"is_beta":false,"boss_relics":[{"not_picked":["Philosopher\u0027s Stone","Coffee Dripper"],"picked":"Astrolabe"}],"items_purged_floors":[12],"is_endless":false,"potions_floor_spawned":[1,5,8,11,16,18,19,28,30],"killed_by":"Automaton","ascension_level":20}