{"gold_per_floor":[111,126,141,153,172,207,294,306,318,330,342,366,378,411,423,525,537,568,580,469,495,525,537,549],"floor_reached":24,"playtime":1096,"items_purged":[],"score":400,"play_id":"f53317bd-2ff8-49cf-a285-5c322b13e5a2","local_time":"20181115030150","is_ascension_mode":true,"campfire_choices":[{"floor":8.0,"key":"REST"},{"floor":10.0,"key":"DIG"},{"floor":15.0,"key":"DIG"},{"data":"1","floor":23.0,"key":"LIFT"}],"neow_cost":"NONE","seed_source_timestamp":0,"circlet_count":0,"master_deck":["AscendersBane","Defend_G","Defend_G","Defend_G","Defend_G","Defend_G","Strike_G","Strike_G","Strike_G","Strike_G","Strike_G","Survivor","Neutralize","Bouncing Flask","Sucker Punch","Die Die Die","All Out Attack","Blade Dance","Backflip","After Image","Backflip","Well Laid Plans","Skewer+1"],"special_seed":0,"relics":["Sozu","MawBank","Shovel","Kunai","Bloody Idol","Girya","Coffee Dripper","Molten Egg 2"],"potions_floor_usage":[],"damage_taken":[{"damage":4.0,"enemies":"Jaw Worm","floor":1.0,"turns":4.0},{"damage":10.0,"enemies":"Small Slimes","floor":2.0,"turns":3.0},{"damage":0.0,"enemies":"Cultist","floor":3.0,"turns":4.0},{"damage":0.0,"enemies":"Looter","floor":4.0,"turns":4.0},{"damage":12.0,"enemies":"Large Slime","floor":5.0,"turns":6.0},{"damage":15.0,"enemies":"Lagavulin","floor":6.0,"turns":8.0},{"damage":0.0,"enemies":"Gremlin Gang","floor":12.0,"turns":3.0},{"damage":6.0,"enemies":"Lots of Slimes","floor":14.0,"turns":2.0},{"damage":18.0,"enemies":"The Guardian","floor":16.0,"turns":11.0},{"damage":8.0,"enemies":"Chosen","floor":18.0,"turns":5.0},{"damage":20.0,"enemies":"Shell Parasite","floor":21.0,"turns":6.0},{"damage":8.0,"enemies":"Snecko","floor":22.0,"turns":7.0},{"damage":52,"enemies":"Slavers","floor":24,"turns":3}],"seed_played":"-955023665166365212","potions_obtained":[],"is_trial":false,"path_per_floor":["M","M","M","M","M","E","?","R","T","R","?","M","?","M","R","B",null,"M","?","?","M","M","R","E"],"character_chosen":"THE_SILENT","items_purchased":[],"campfire_rested":1,"item_purchase_floors":[],"current_hp_per_floor":[55,45,45,45,33,18,7,26,26,26,26,26,26,20,20,2,46,38,38,43,33,35,40,0],"gold":549,"neow_bonus":"BOSS_RELIC","is_prod":false,"is_daily":false,"chose_seed":false,"campfire_upgraded":0,"win_rate":0,"timestamp":1542247310,"path_taken":["M","M","M","M","M","E","?","R","T","R","?","?","?","M","R","BOSS","M","?","?","?","M","R","E"],"build_version":"2018-11-13","purchased_purges":0,"victory":false,"max_hp_per_floor":[66,66,66,66,66,66,66,66,66,66,66,66,60,60,60,60,60,60,60,60,60,60,60,60],"card_choices":[{"not_picked":["Deadly Poison","Deflect"],"picked":"Bouncing Flask","floor":1.0},{"not_picked":["Masterful Stab","Blade Dance"],"picked":"Sucker Punch","floor":2.0},{"not_picked":["Bane","Distraction","Reflex"],"picked":"SKIP","floor":3.0},{"not_picked":["Dodge and Roll","Flying Knee"],"picked":"Die Die Die","floor":4.0},{"not_picked":["Expertise","Reflex"],"picked":"All Out Attack","floor":5.0},{"not_picked":["Blade Dance","Underhanded Strike","Sucker Punch"],"picked":"SKIP","floor":6.0},{"not_picked":["Finisher","Outmaneuver"],"picked":"Blade Dance","floor":12.0},{"not_picked":["Poisoned Stab","Reflex"],"picked":"Backflip","floor":14.0},{"not_picked":["Envenom","Burst"],"picked":"After Image","floor":16.0},{"not_picked":["Quick Slash","Reflex+1"],"picked":"Backflip","floor":18.0},{"not_picked":["Bouncing Flask+1","PiercingWail"],"picked":"Well Laid Plans","floor":21.0},{"not_picked":["Deflect","PiercingWail"],"picked":"Skewer+1","floor":22.0}],"player_experience":1055469,"relics_obtained":[{"floor":6.0,"key":"MawBank"},{"floor":9.0,"key":"Shovel"},{"floor":10.0,"key":"Kunai"},{"floor":15.0,"key":"Girya"}],"event_choices":[{"damage_healed":0.0,"max_hp_gain":0.0,"max_hp_loss":0.0,"gold_gain":75.0,"event_name":"World of Goop","player_choice":"Gather Gold","floor":7.0,"gold_loss":0.0,"damage_taken":11.0},{"damage_healed":0.0,"max_hp_gain":0.0,"max_hp_loss":0.0,"gold_gain":0.0,"event_name":"Lab","player_choice":"Got Potions","floor":11.0,"gold_loss":0.0,"damage_taken":0.0},{"damage_healed":0.0,"max_hp_gain":0.0,"max_hp_loss":6.0,"gold_gain":0.0,"event_name":"Golden Idol","player_choice":"Lose Max HP","floor":13.0,"gold_loss":0.0,"damage_taken":0.0,"relics_obtained":["Golden Idol"]},{"damage_healed":0.0,"max_hp_gain":0.0,"max_hp_loss":0.0,"gold_gain":0.0,"event_name":"Forgotten Altar","player_choice":"Gave Idol","floor":19.0,"relics_lost":["Golden Idol"],"gold_loss":0.0,"damage_taken":0.0,"relics_obtained":["Bloody Idol"]},{"damage_healed":0.0,"max_hp_gain":0.0,"max_hp_loss":0.0,"gold_gain":0.0,"event_name":"WeMeetAgain","player_choice":"Paid Gold","floor":20.0,"gold_loss":123.0,"damage_taken":0.0,"relics_obtained":["Molten Egg 2"]}],"is_beta":true,"boss_relics":[{"not_picked":["WristBlade","Eternal Feather"],"picked":"Coffee Dripper"}],"items_purged_floors":[],"is_endless":false,"potions_floor_spawned":[2,4,12,14,16,18],"killed_by":"Slavers","ascension_level":20}