{"gold_per_floor":[117,117,129,143,143,169,169,201,228,228,248,129,143,162,162,233,233,247,162,174,174,9,9,37,49,85,123,135,164,22,48,48,122,122,142,155,1154,1201,918,951,951,967,1013,1013,777,792,803,803,803,803],"floor_reached":50,"playtime":10230,"items_purged":["Strike_R","Strike_R","Normality","Normality"],"score":1151,"play_id":"66115e3e-fc3a-487f-b6ba-6c42b1eaaa65","local_time":"20190523231012","is_ascension_mode":true,"campfire_choices":[{"data":"Immolate","floor":7.0,"key":"SMITH"},{"data":"Bash","floor":10.0,"key":"SMITH"},{"data":"Flame Barrier","floor":15.0,"key":"SMITH"},{"floor":23.0,"key":"RECALL"},{"floor":25.0,"key":"REST"},{"floor":32.0,"key":"REST"},{"floor":41.0,"key":"REST"},{"floor":44.0,"key":"REST"},{"floor":49,"key":"REST"}],"neow_cost":"NONE","seed_source_timestamp":716906482354548,"circlet_count":0,"master_deck":["AscendersBane","Defend_R","Defend_R","Defend_R+1","Defend_R+1","Bash+1","Cleave","Immolate+1","Shrug It Off","Thunderclap","Headbutt","Flame Barrier+1","Feel No Pain","Feed","Corruption","Shrug It Off","Spot Weakness","Clothesline+1","Burning Pact","Double Tap","Juggernaut","Warcry+1","Reaper+1","Metallicize+1","True Grit+1","True Grit+1","Shrug It Off","Disarm","Shrug It Off+1"],"special_seed":0,"relics":["Burning Blood","Dream Catcher","Meat on the Bone","Oddly Smooth Stone","Happy Flower","Orichalcum","Fusion Hammer","Centennial Puzzle","War Paint","MawBank","Bronze Scales","Lantern","Art of War","Astrolabe","Champion Belt","Strawberry","Magic Flower"],"potions_floor_usage":[50,50],"damage_taken":[{"damage":4.0,"enemies":"Small Slimes","floor":1.0,"turns":4.0},{"damage":1.0,"enemies":"Cultist","floor":3.0,"turns":3.0},{"damage":9.0,"enemies":"Jaw Worm","floor":4.0,"turns":4.0},{"damage":17.0,"enemies":"3 Sentries","floor":6.0,"turns":4.0},{"damage":34.0,"enemies":"Lagavulin","floor":8.0,"turns":6.0},{"damage":0.0,"enemies":"3 Louse","floor":11.0,"turns":2.0},{"damage":12.0,"enemies":"Large Slime","floor":13.0,"turns":5.0},{"damage":10.0,"enemies":"Blue Slaver","floor":14.0,"turns":5.0},{"damage":41.0,"enemies":"Hexaghost","floor":16.0,"turns":12.0},{"damage":13.0,"enemies":"2 Thieves","floor":18.0,"turns":4.0},{"damage":21.0,"enemies":"Spheric Guardian","floor":20.0,"turns":7.0},{"damage":22.0,"enemies":"Slavers","floor":24.0,"turns":2.0},{"damage":24.0,"enemies":"Book of Stabbing","floor":27.0,"turns":4.0},{"damage":15.0,"enemies":"Chosen and Byrds","floor":29.0,"turns":5.0},{"damage":11.0,"enemies":"Gremlin Leader","floor":31.0,"turns":4.0},{"damage":48.0,"enemies":"Collector","floor":33.0,"turns":10.0},{"damage":25.0,"enemies":"3 Darklings","floor":35.0,"turns":4.0},{"damage":0.0,"enemies":"Orb Walker","floor":36.0,"turns":4.0},{"damage":60.0,"enemies":"2 Orb Walkers","floor":38.0,"turns":4.0},{"damage":47.0,"enemies":"Nemesis","floor":40.0,"turns":7.0},{"damage":13.0,"enemies":"4 Shapes","floor":42.0,"turns":4.0},{"damage":8,"enemies":"3 Darklings","floor":46,"turns":7},{"damage":7,"enemies":"Transient","floor":47,"turns":6},{"damage":130,"enemies":"Awakened One","floor":50,"turns":11}],"seed_played":"438204768888656698","potions_obtained":[{"floor":3.0,"key":"BloodPotion"},{"floor":4.0,"key":"Swift Potion"},{"floor":14.0,"key":"Block Potion"},{"floor":24.0,"key":"GamblersBrew"},{"floor":31.0,"key":"GamblersBrew"},{"floor":36.0,"key":"SteroidPotion"},{"floor":46,"key":"LiquidBronze"}],"is_trial":false,"path_per_floor":["M","?","M","M","T","E","R","E","T","R","M","$","M","M","R","B",null,"M","?","M","?","$","R","E","R","T","E","?","M","$","E","R","B",null,"M","M","?","?","$","E","R","M","T","R","$","M","M","?","R","B"],"character_chosen":"IRONCLAD","items_purchased":["Feel No Pain","War Paint","SteroidPotion","Strawberry","LiquidBronze"],"campfire_rested":5,"item_purchase_floors":[12,22,30,39,45],"current_hp_per_floor":[70,70,75,72,72,61,61,45,45,45,51,51,45,53,53,30,64,57,57,57,57,57,57,56,80,80,65,65,56,56,51,76,46,75,82,87,87,52,59,41,71,102,102,103,103,106,106,106,106,0],"gold":803,"neow_bonus":"RANDOM_COMMON_RELIC","is_prod":false,"is_daily":false,"chose_seed":false,"campfire_upgraded":3,"win_rate":0,"timestamp":1558645812,"path_taken":["M","?","M","?","?","E","R","E","T","R","M","$","M","M","R","BOSS","M","?","M","?","$","R","E","R","T","E","?","M","$","E","R","BOSS","M","M","?","?","$","E","R","M","T","R","$","M","M","?","R","BOSS"],"build_version":"2019-01-23","purchased_purges":4,"victory":false,"max_hp_per_floor":[75,75,75,75,75,75,75,75,75,75,75,75,75,75,75,75,75,75,75,78,78,78,78,81,81,81,84,84,84,84,84,84,84,84,84,87,87,90,97,100,100,103,103,103,103,106,106,106,106,106],"card_choices":[{"not_picked":["Flex","Perfected Strike"],"picked":"Cleave","floor":1.0},{"not_picked":["Rage","Reckless Charge"],"picked":"Shrug It Off","floor":3.0},{"not_picked":["Perfected Strike","Heavy Blade"],"picked":"Thunderclap","floor":4.0},{"not_picked":["Body Slam","Heavy Blade"],"picked":"Headbutt","floor":6.0},{"not_picked":["Havoc","Perfected Strike","Body Slam"],"picked":"SKIP","floor":8.0},{"not_picked":["Juggernaut","Armaments"],"picked":"Flame Barrier","floor":11.0},{"not_picked":["Headbutt","Dropkick","Fire Breathing"],"picked":"SKIP","floor":13.0},{"not_picked":["Warcry","Seeing Red","Uppercut"],"picked":"SKIP","floor":14.0},{"not_picked":["Bludgeon","Offering"],"picked":"Feed","floor":16.0},{"not_picked":["Anger","Thunderclap+1"],"picked":"Corruption","floor":18.0},{"not_picked":["Armaments","Clothesline"],"picked":"Shrug It Off","floor":20.0},{"not_picked":["Carnage","Clothesline"],"picked":"Spot Weakness","floor":24.0},{"not_picked":["Wild Strike","Iron Wave"],"picked":"Clothesline+1","floor":27.0},{"not_picked":["Cleave","Clothesline"],"picked":"Double Tap","floor":29.0},{"not_picked":["Anger","Power Through","Brutality"],"picked":"SKIP","floor":31.0},{"not_picked":["Demon Form","Fiend Fire"],"picked":"Juggernaut","floor":33.0},{"not_picked":["Fire Breathing","Thunderclap","Cleave+1"],"picked":"SKIP","floor":35.0},{"not_picked":["Bloodletting","Heavy Blade","Wild Strike+1"],"picked":"SKIP","floor":36.0},{"not_picked":["Heavy Blade+1","Body Slam"],"picked":"True Grit+1","floor":40.0},{"not_picked":["Blood for Blood","Cleave"],"picked":"True Grit+1","floor":41.0},{"not_picked":["Heavy Blade+1","Shockwave"],"picked":"Shrug It Off","floor":42.0},{"not_picked":["Intimidate+1","Rampage"],"picked":"Disarm","floor":44.0},{"not_picked":["Havoc","Rampage"],"picked":"Shrug It Off+1","floor":46},{"not_picked":["Clothesline","Rage","Intimidate"],"picked":"SKIP","floor":47}],"player_experience":2838286,"relics_obtained":[{"floor":5.0,"key":"Meat on the Bone"},{"floor":6.0,"key":"Oddly Smooth Stone"},{"floor":8.0,"key":"Happy Flower"},{"floor":9.0,"key":"Orichalcum"},{"floor":24.0,"key":"MawBank"},{"floor":26.0,"key":"Bronze Scales"},{"floor":27.0,"key":"Lantern"},{"floor":31.0,"key":"Art of War"},{"floor":38.0,"key":"Champion Belt"},{"floor":40.0,"key":"Magic Flower"}],"event_choices":[{"damage_healed":0.0,"max_hp_gain":0.0,"max_hp_loss":0.0,"gold_gain":0.0,"event_name":"Match and Keep!","player_choice":"2 cards matched","floor":2.0,"gold_loss":0.0,"damage_taken":0.0,"cards_obtained":["Immolate","Rupture"]},{"damage_healed":0.0,"max_hp_gain":0.0,"max_hp_loss":0.0,"gold_gain":0.0,"event_name":"Addict","player_choice":"Obtained Relic","floor":19.0,"gold_loss":85.0,"damage_taken":0.0,"relics_obtained":["Centennial Puzzle"]},{"damage_healed":0.0,"max_hp_gain":0.0,"max_hp_loss":0.0,"gold_gain":0.0,"event_name":"The Mausoleum","player_choice":"Ignored","floor":21.0,"gold_loss":0.0,"damage_taken":0.0},{"damage_healed":0.0,"max_hp_gain":0.0,"max_hp_loss":0.0,"gold_gain":0.0,"event_name":"The Library","player_choice":"Read","floor":28.0,"gold_loss":0.0,"damage_taken":0.0,"cards_obtained":["Burning Pact"]},{"damage_healed":0.0,"max_hp_gain":0.0,"max_hp_loss":0.0,"gold_gain":999.0,"event_name":"MindBloom","player_choice":"Gold","floor":37.0,"gold_loss":0.0,"damage_taken":0.0,"cards_obtained":["Normality","Normality"]},{"damage_healed":0.0,"max_hp_gain":0.0,"max_hp_loss":0.0,"gold_gain":0.0,"event_name":"Mysterious Sphere","player_choice":"Fight","floor":38.0,"gold_loss":0.0,"damage_taken":0.0},{"cards_removed":["Rupture"],"damage_healed":0,"gold_gain":0,"player_choice":"Removed Power","damage_taken":0,"max_hp_gain":0,"max_hp_loss":0,"event_name":"Falling","floor":48,"gold_loss":0}],"is_beta":false,"boss_relics":[{"not_picked":["Orrery","Busted Crown"],"picked":"Fusion Hammer"},{"not_picked":["Runic Pyramid","Velvet Choker"],"picked":"Astrolabe"}],"items_purged_floors":[12,30,39,45],"is_endless":false,"potions_floor_spawned":[3,4,6,14,24,31,36,38,42,46],"killed_by":"Awakened One","ascension_level":20}