{"gold_per_floor":[112,122,139,314,65,96,116,144,144,169,244,274,39,51,51,147,147,159,176,276,293,293,318,350,385,412,426,426,439,464,32,32,130,130,145,163,163,263,263,592,592,621,647,674,720,733,733,733,733,733],"floor_reached":51,"playtime":10491,"items_purged":["Doubt"],"score":1218,"play_id":"0ad4ca74-23b9-43ce-b2ff-662668182d76","local_time":"20190516102216","is_ascension_mode":true,"campfire_choices":[{"data":"Storm","floor":15.0,"key":"SMITH"},{"data":"Double Energy","floor":28.0,"key":"SMITH"},{"data":"Buffer","floor":32.0,"key":"SMITH"},{"data":"Seek","floor":41.0,"key":"SMITH"},{"floor":47,"key":"RECALL"},{"data":"Creative AI","floor":49,"key":"SMITH"}],"neow_cost":"NONE","seed_source_timestamp":45044452102700,"circlet_count":0,"master_deck":["Zap","Dualcast","All For One","Leap","Loop","Chaos","Streamline","Buffer+1","Creative AI+1","Stack+1","Conserve Battery","Glacier","Compile Driver","Doom and Gloom","Storm","Cold Snap","Meteor Strike","Conserve Battery","Genetic Algorithm+1","Storm+1","Thunder Strike","Double Energy+1","Cold Snap+1","BootSequence","Self Repair","Seek+1","Parasite","Turbo","Reinforced Body","Biased Cognition+1","Capacitor+1","Ball Lightning+1","Madness","Madness","Regret","Conserve Battery+1"],"special_seed":0,"relics":["Pandora\u0027s Box","Calipers","WingedGreaves","Dead Branch","Ice Cream","Pantograph","Oddly Smooth Stone","Cursed Key","Unceasing Top","Cables","Matryoshka","Frozen Egg 2","Centennial Puzzle","Bronze Scales","Vajra","Dream Catcher","Happy Flower","Lee\u0027s Waffle","Inserter","Pocketwatch","Old Coin","Art of War","Ancient Tea Set","Bag of Preparation","War Paint","Bird Faced Urn"],"potions_floor_usage":[],"damage_taken":[{"damage":3.0,"enemies":"Jaw Worm","floor":1.0,"turns":3.0},{"damage":12.0,"enemies":"Small Slimes","floor":2.0,"turns":5.0},{"damage":0.0,"enemies":"Cultist","floor":3.0,"turns":5.0},{"damage":0.0,"enemies":"Lagavulin","floor":6.0,"turns":9.0},{"damage":0.0,"enemies":"2 Fungi Beasts","floor":7.0,"turns":4.0},{"damage":0.0,"enemies":"3 Sentries","floor":8.0,"turns":9.0},{"damage":0.0,"enemies":"Lagavulin","floor":10.0,"turns":10.0},{"damage":18.0,"enemies":"Gremlin Nob","floor":12.0,"turns":5.0},{"damage":22.0,"enemies":"Exordium Wildlife","floor":14.0,"turns":6.0},{"damage":0.0,"enemies":"Slime Boss","floor":16.0,"turns":8.0},{"damage":5.0,"enemies":"3 Byrds","floor":18.0,"turns":4.0},{"damage":2.0,"enemies":"2 Thieves","floor":19.0,"turns":3.0},{"damage":19.0,"enemies":"Colosseum Slavers","floor":20.0,"turns":2.0},{"damage":33.0,"enemies":"Colosseum Nobs","floor":20.0,"turns":7.0},{"damage":0.0,"enemies":"3 Cultists","floor":21.0,"turns":5.0},{"damage":9.0,"enemies":"Book of Stabbing","floor":23.0,"turns":6.0},{"damage":6.0,"enemies":"Gremlin Leader","floor":24.0,"turns":5.0},{"damage":8.0,"enemies":"Book of Stabbing","floor":25.0,"turns":3.0},{"damage":0.0,"enemies":"Snecko","floor":27.0,"turns":2.0},{"damage":0.0,"enemies":"Centurion and Healer","floor":29.0,"turns":2.0},{"damage":12.0,"enemies":"Slavers","floor":30.0,"turns":2.0},{"damage":15.0,"enemies":"Collector","floor":33.0,"turns":7.0},{"damage":0.0,"enemies":"3 Darklings","floor":35.0,"turns":5.0},{"damage":5.0,"enemies":"Orb Walker","floor":36.0,"turns":3.0},{"damage":7.0,"enemies":"Mind Bloom Boss Battle","floor":38.0,"turns":6.0},{"damage":0.0,"enemies":"Reptomancer","floor":40.0,"turns":5.0},{"damage":5.0,"enemies":"Nemesis","floor":42.0,"turns":5.0},{"damage":3,"enemies":"Giant Head","floor":44,"turns":7},{"damage":8,"enemies":"2 Orb Walkers","floor":45,"turns":4},{"damage":13,"enemies":"Transient","floor":46,"turns":5},{"damage":0,"enemies":"Donu and Deca","floor":50,"turns":7}],"seed_played":"7569780269322920071","potions_obtained":[{"floor":2.0,"key":"SpeedPotion"},{"floor":7.0,"key":"EssenceOfSteel"},{"floor":14.0,"key":"Poison Potion"},{"floor":16.0,"key":"Block Potion"},{"floor":20.0,"key":"FearPotion"},{"floor":21.0,"key":"Weak Potion"},{"floor":25.0,"key":"GamblersBrew"},{"floor":27.0,"key":"PowerPotion"},{"floor":30.0,"key":"SpeedPotion"},{"floor":35.0,"key":"LiquidBronze"},{"floor":40.0,"key":"AttackPotion"},{"floor":44,"key":"GamblersBrew"}],"is_trial":false,"path_per_floor":["M","M","M","?","$","E","M","E","T","E","?","E","$","M","R","B",null,"M","M","?","M","?","E","E","E","T","M","R","M","E","$","R","B",null,"M","M","?","?","?","E","R","E","T","E","?","M","R","?","R","B",null],"character_chosen":"DEFECT","items_purchased":["Doom and Gloom","Poison Potion","Weak Potion","Genetic Algorithm","Oddly Smooth Stone","Reinforced Body","Happy Flower","Lee\u0027s Waffle"],"campfire_rested":0,"item_purchase_floors":[5,5,5,13,13,31,31,31],"current_hp_per_floor":[72,60,60,60,60,60,60,60,60,60,49,31,31,9,9,34,75,70,68,16,16,41,32,33,32,32,39,39,39,27,82,82,74,82,82,77,77,82,72,79,79,81,81,82,81,82,82,82,82,82],"gold":733,"neow_bonus":"BOSS_RELIC","is_prod":false,"is_daily":false,"chose_seed":false,"campfire_upgraded":5,"win_rate":0,"timestamp":1557982336,"path_taken":["M","M","M","?","$","E","M","E","T","E","?","E","?","?","R","BOSS","M","M","?","M","?","E","E","E","T","M","R","M","E","$","R","BOSS","M","M","?","?","?","E","R","E","T","E","?","?","R","?","R","BOSS"],"build_version":"2019-01-23","purchased_purges":1,"victory":true,"max_hp_per_floor":[75,75,75,75,75,75,75,75,75,75,75,75,75,75,75,75,75,75,75,75,75,75,75,75,75,75,75,75,75,75,82,82,82,82,82,82,82,82,82,82,82,82,82,82,82,82,82,82,82,82],"card_choices":[{"not_picked":["Darkness","Beam Cell"],"picked":"Conserve Battery","floor":1.0},{"not_picked":["Sweeping Beam","Consume"],"picked":"Glacier","floor":2.0},{"not_picked":["Chaos","Steam Power"],"picked":"Compile Driver","floor":3.0},{"not_picked":["BootSequence","Barrage"],"picked":"Storm","floor":6.0},{"not_picked":["Rebound","Go for the Eyes"],"picked":"Cold Snap","floor":7.0},{"not_picked":["Static Discharge","Gash"],"picked":"FTL","floor":8.0},{"not_picked":["Rebound","Beam Cell"],"picked":"Meteor Strike","floor":10.0},{"not_picked":["Ball Lightning","Leap"],"picked":"Conserve Battery","floor":12.0},{"not_picked":["Conserve Battery","Coolheaded"],"picked":"Storm","floor":14.0},{"not_picked":["Core Surge","Machine Learning"],"picked":"Thunder Strike","floor":16.0},{"not_picked":["Darkness","Undo"],"picked":"Double Energy","floor":18.0},{"not_picked":["Beam Cell","Compile Driver"],"picked":"Cold Snap+1","floor":19.0},{"not_picked":["Steam Power","Sweeping Beam"],"picked":"BootSequence","floor":21.0},{"not_picked":["Reprogram","Cold Snap"],"picked":"Self Repair","floor":23.0},{"not_picked":["Ball Lightning","Steam","Genetic Algorithm"],"picked":"SKIP","floor":24.0},{"not_picked":["Defragment+1","Compile Driver+1"],"picked":"Seek","floor":25.0},{"not_picked":["Redo","Rebound","Gash"],"picked":"SKIP","floor":27.0},{"not_picked":["Conserve Battery","Force Field"],"picked":"Turbo","floor":29.0},{"not_picked":["Barrage","Rebound","Genetic Algorithm"],"picked":"SKIP","floor":30.0},{"not_picked":["Reboot","Rainbow"],"picked":"Biased Cognition+1","floor":33.0},{"not_picked":["Cold Snap+1","Turbo"],"picked":"Capacitor+1","floor":35.0},{"not_picked":["Redo+1","Rebound+1","Stack+1"],"picked":"SKIP","floor":36.0},{"not_picked":["Stack+1","Auto Shields+1"],"picked":"Ball Lightning+1","floor":38.0},{"not_picked":["Redo","Coolheaded","Recycle+1"],"picked":"SKIP","floor":40.0},{"not_picked":["Sweeping Beam+1","Genetic Algorithm+1","Beam Cell"],"picked":"SKIP","floor":42.0},{"not_picked":["Thunder Strike","Coolheaded+1"],"picked":"Conserve Battery+1","floor":44},{"not_picked":["Leap+1","Redo+1","Streamline"],"picked":"SKIP","floor":46}],"player_experience":353174,"relics_obtained":[{"floor":6.0,"key":"Calipers"},{"floor":8.0,"key":"WingedGreaves"},{"floor":9.0,"key":"Dead Branch"},{"floor":10.0,"key":"Ice Cream"},{"floor":12.0,"key":"Pantograph"},{"floor":20.0,"key":"Unceasing Top"},{"floor":20.0,"key":"Cables"},{"floor":23.0,"key":"Matryoshka"},{"floor":24.0,"key":"Frozen Egg 2"},{"floor":25.0,"key":"Centennial Puzzle"},{"floor":26.0,"key":"Bronze Scales"},{"floor":26.0,"key":"Vajra"},{"floor":30.0,"key":"Dream Catcher"},{"floor":38.0,"key":"Pocketwatch"},{"floor":40.0,"key":"Old Coin"},{"floor":42.0,"key":"Art of War"},{"floor":43.0,"key":"Ancient Tea Set"},{"floor":43.0,"key":"Bag of Preparation"},{"floor":44,"key":"War Paint"},{"floor":45,"key":"Bird Faced Urn"}],"event_choices":[{"damage_healed":0.0,"max_hp_gain":0.0,"max_hp_loss":0.0,"gold_gain":175.0,"event_name":"Liars Game","player_choice":"AGREE","floor":4.0,"gold_loss":0.0,"damage_taken":0.0,"cards_obtained":["Doubt"]},{"damage_healed":0.0,"max_hp_gain":0.0,"max_hp_loss":0.0,"gold_gain":75.0,"event_name":"World of Goop","player_choice":"Gather Gold","floor":11.0,"gold_loss":0.0,"damage_taken":11.0},{"damage_healed":0.0,"max_hp_gain":0.0,"max_hp_loss":0.0,"gold_gain":0.0,"event_name":"Colosseum","player_choice":"Fight","floor":20.0,"gold_loss":0.0,"damage_taken":0.0},{"damage_healed":0.0,"max_hp_gain":0.0,"max_hp_loss":0.0,"gold_gain":0.0,"event_name":"Colosseum","player_choice":"Fought Nobs","floor":20.0,"gold_loss":0.0,"damage_taken":0.0},{"damage_healed":25.0,"max_hp_gain":0.0,"max_hp_loss":0.0,"gold_gain":0.0,"event_name":"The Library","player_choice":"Heal","floor":22.0,"gold_loss":0.0,"damage_taken":0.0},{"cards_removed":["FTL"],"damage_healed":0.0,"max_hp_gain":0.0,"max_hp_loss":0.0,"gold_gain":0.0,"event_name":"Falling","player_choice":"Removed Attack","floor":37.0,"gold_loss":0.0,"damage_taken":0.0},{"damage_healed":0.0,"max_hp_gain":0.0,"max_hp_loss":0.0,"gold_gain":0.0,"event_name":"MindBloom","player_choice":"Fight","floor":38.0,"gold_loss":0.0,"damage_taken":0.0},{"damage_healed":0.0,"max_hp_gain":0.0,"max_hp_loss":0.0,"gold_gain":0.0,"event_name":"Winding Halls","player_choice":"Embrace Madness","floor":39.0,"gold_loss":0.0,"damage_taken":10.0,"cards_obtained":["Madness","Madness"]},{"damage_healed":0,"gold_gain":0,"player_choice":"Fight","damage_taken":0,"max_hp_gain":0,"max_hp_loss":0,"event_name":"Mysterious Sphere","floor":45,"gold_loss":0},{"damage_healed":0,"gold_gain":0,"player_choice":"Ignored","damage_taken":0,"max_hp_gain":0,"max_hp_loss":0,"event_name":"Tomb of Lord Red Mask","floor":48,"gold_loss":0}],"is_beta":false,"boss_relics":[{"not_picked":["Philosopher\u0027s Stone","Calling Bell"],"picked":"Cursed Key"},{"not_picked":["Orrery","Velvet Choker"],"picked":"Inserter"}],"items_purged_floors":[5],"is_endless":false,"potions_floor_spawned":[2,7,14,16,20,21,25,27,30,35,40,44,45,46],"ascension_level":2}