{"gold_per_floor":[113,63,80,95,110,110,130,160,183,183,183,211,211,242,242,347,347,335,44,57,157,172,202,202,237,261,85,112,22,36,65,65,164,164,180,130,140,140,190,190,208,208,255,271,2,2,2,2,2,2],"floor_reached":51,"playtime":3840,"items_purged":["Second Wind","Strike_R","Strike_R+1"],"score":766,"play_id":"36cf929d-185b-496a-9248-a95c4ca8e54d","local_time":"20190524135327","is_ascension_mode":true,"campfire_choices":[{"data":"Bash","floor":6,"key":"SMITH"},{"data":"Inflame","floor":11,"key":"SMITH"},{"data":"Reaper","floor":13,"key":"SMITH"},{"data":"Disarm","floor":15,"key":"SMITH"},{"data":"Heavy Blade","floor":32,"key":"SMITH"},{"data":"Pommel Strike","floor":40,"key":"SMITH"},{"floor":42,"key":"DIG"},{"floor":49,"key":"REST"}],"neow_cost":"NONE","seed_source_timestamp":86069324992600,"circlet_count":0,"master_deck":["Defend_R","Defend_R+1","Defend_R","Bash+1","Pommel Strike+1","Seeing Red","Inflame+1","Disarm+1","Reaper+1","Sword Boomerang","Demon Form","Shrug It Off","Shockwave","Whirlwind","Armaments","Flex+1","Double Tap","Spot Weakness+1","Limit Break","Limit Break","Clothesline","Twin Strike+1","Heavy Blade+1","Feed","Sword Boomerang","Battle Trance","Rage+1","Battle Trance","Shrug It Off","Pommel Strike","Sword Boomerang+1"],"relics":["Burning Blood","Strawberry","Sundial","Juzu Bracelet","Omamori","Odd Mushroom","Anchor","Mark of Pain","PreservedInsect","Du-Vu Doll","Pear","Bottled Lightning","Smiling Mask","Potion Belt","Dream Catcher","Pen Nib","White Beast Statue","Shovel","Vajra","Boot","Oddly Smooth Stone"],"potions_floor_usage":[12,12,14,21,21,22,31,39,44,50,50,50,50],"damage_taken":[{"damage":0,"enemies":"2 Louse","floor":1,"turns":3},{"damage":5,"enemies":"Cultist","floor":3,"turns":4},{"damage":7,"enemies":"Small Slimes","floor":4,"turns":3},{"damage":4,"enemies":"Blue Slaver","floor":5,"turns":4},{"damage":5,"enemies":"Looter","floor":7,"turns":3},{"damage":27,"enemies":"Gremlin Nob","floor":8,"turns":4},{"damage":13,"enemies":"The Mushroom Lair","floor":12,"turns":4},{"damage":16,"enemies":"Lagavulin","floor":14,"turns":7},{"damage":31,"enemies":"Hexaghost","floor":16,"turns":9},{"damage":20,"enemies":"2 Thieves","floor":18,"turns":4},{"damage":6,"enemies":"3 Byrds","floor":20,"turns":4},{"damage":14,"enemies":"Colosseum Slavers","floor":21,"turns":5},{"damage":7,"enemies":"Colosseum Nobs","floor":21,"turns":3},{"damage":20,"enemies":"Sentry and Sphere","floor":22,"turns":5},{"damage":29,"enemies":"Gremlin Leader","floor":23,"turns":6},{"damage":14,"enemies":"Book of Stabbing","floor":25,"turns":5},{"damage":17,"enemies":"Gremlin Leader","floor":28,"turns":5},{"damage":20,"enemies":"3 Cultists","floor":30,"turns":5},{"damage":8,"enemies":"Book of Stabbing","floor":31,"turns":5},{"damage":9,"enemies":"Champ","floor":33,"turns":7},{"damage":34,"enemies":"3 Darklings","floor":35,"turns":7},{"damage":6,"enemies":"Orb Walker","floor":37,"turns":4},{"damage":12,"enemies":"2 Orb Walkers","floor":39,"turns":3},{"damage":24,"enemies":"Jaw Worm Horde","floor":41,"turns":3},{"damage":9,"enemies":"Sphere and 2 Shapes","floor":44,"turns":3},{"damage":45,"enemies":"Awakened One","floor":50,"turns":6}],"seed_played":"-5282702405082785992","potions_obtained":[{"floor":3,"key":"Dexterity Potion"},{"floor":4,"key":"Energy Potion"},{"floor":5,"key":"PowerPotion"},{"floor":14,"key":"Strength Potion"},{"floor":20,"key":"Dexterity Potion"},{"floor":21,"key":"Explosive Potion"},{"floor":22,"key":"Weak Potion"},{"floor":30,"key":"SkillPotion"},{"floor":31,"key":"SkillPotion"},{"floor":35,"key":"Ancient Potion"},{"floor":37,"key":"Poison Potion"},{"floor":39,"key":"Dexterity Potion"},{"floor":41,"key":"Energy Potion"},{"floor":44,"key":"SkillPotion"}],"is_trial":false,"path_per_floor":["M","?","M","M","M","R","M","E","T","?","R","?","R","E","R","B",null,"M","$","M","?","M","E","?","E","T","$","E","?","M","E","R","B",null,"M","$","M","?","?","R","M","R","T","M","$","$","?","$","R","B",null],"character_chosen":"IRONCLAD","items_purchased":["PreservedInsect","Shockwave","Whirlwind","Limit Break","Clothesline","Shrug It Off","Oddly Smooth Stone","Pommel Strike"],"campfire_rested":1,"item_purchase_floors":[19,19,19,27,27,45,45,45],"current_hp_per_floor":[87,87,87,86,87,87,87,66,66,49,49,42,42,44,44,31,87,82,82,87,88,74,60,60,68,68,68,78,78,83,95,95,97,97,97,97,100,100,94,94,76,76,76,73,73,73,73,73,100,77],"gold":2,"neow_bonus":"RANDOM_COMMON_RELIC","is_prod":false,"is_daily":false,"chose_seed":false,"campfire_upgraded":6,"win_rate":1,"timestamp":1558727607,"path_taken":["M","?","?","M","M","R","M","E","T","?","R","?","R","E","R","BOSS","M","$","M","?","M","E","?","E","T","?","E","?","M","E","R","BOSS","M","$","M","?","?","R","M","R","T","M","?","$","?","?","R","BOSS"],"build_version":"2019-01-23","purchased_purges":3,"victory":true,"max_hp_per_floor":[87,87,87,87,87,87,87,87,87,87,87,87,87,87,87,87,87,87,87,87,97,97,97,97,97,97,97,97,97,97,97,97,97,97,97,97,100,100,100,100,100,100,100,100,100,100,100,100,100,103],"card_choices":[{"not_picked":["True Grit","Second Wind","Hemokinesis"],"picked":"SKIP","floor":1},{"not_picked":["Bloodletting","Clash"],"picked":"Pommel Strike","floor":3},{"not_picked":["True Grit","Rupture"],"picked":"Seeing Red","floor":4},{"not_picked":["Ghostly Armor","Clash"],"picked":"Inflame","floor":5},{"not_picked":["Rampage","Twin Strike"],"picked":"Disarm","floor":7},{"not_picked":["Burning Pact","True Grit","Body Slam"],"picked":"SKIP","floor":8},{"not_picked":["Flex","Perfected Strike"],"picked":"Reaper","floor":12},{"not_picked":["Power Through","Burning Pact"],"picked":"Sword Boomerang","floor":14},{"not_picked":["Reaper","Berserk"],"picked":"Demon Form","floor":16},{"not_picked":["Clothesline","Sever Soul"],"picked":"Shrug It Off","floor":18},{"not_picked":["Iron Wave","Bloodletting"],"picked":"Armaments","floor":20},{"not_picked":["Clash","Dropkick"],"picked":"Flex+1","floor":21},{"not_picked":["Flex+1","Armaments"],"picked":"Double Tap","floor":22},{"not_picked":["Burning Pact","Rupture"],"picked":"Spot Weakness","floor":23},{"not_picked":["Armaments","Perfected Strike","Brutality"],"picked":"SKIP","floor":25},{"not_picked":["Rupture","Flex"],"picked":"Twin Strike+1","floor":28},{"not_picked":["Corruption","Body Slam","Combust"],"picked":"SKIP","floor":30},{"not_picked":["Perfected Strike","Power Through"],"picked":"Heavy Blade","floor":31},{"not_picked":["Dark Embrace","Barricade"],"picked":"Feed","floor":33},{"not_picked":["Power Through+1","Anger"],"picked":"Sword Boomerang","floor":35},{"not_picked":["Anger+1","Rupture"],"picked":"Battle Trance","floor":37},{"not_picked":["Dual Wield+1","Disarm+1"],"picked":"Rage+1","floor":39},{"not_picked":["Headbutt+1","Combust+1"],"picked":"Battle Trance","floor":41},{"not_picked":["Reckless Charge+1","Perfected Strike","Thunderclap"],"picked":"SKIP","floor":44},{"not_picked":["Armaments+1","Twin Strike"],"picked":"Sword Boomerang+1","floor":49}],"player_experience":12660,"relics_obtained":[{"floor":8,"key":"Juzu Bracelet"},{"floor":9,"key":"Omamori"},{"floor":12,"key":"Odd Mushroom"},{"floor":14,"key":"Anchor"},{"floor":21,"key":"Du-Vu Doll"},{"floor":21,"key":"Pear"},{"floor":23,"key":"Bottled Lightning"},{"floor":25,"key":"Smiling Mask"},{"floor":26,"key":"Potion Belt"},{"floor":28,"key":"Dream Catcher"},{"floor":31,"key":"Pen Nib"},{"floor":39,"key":"Shovel"},{"floor":42,"key":"Vajra"},{"floor":43,"key":"Boot"}],"event_choices":[{"damage_healed":0,"gold_gain":0,"player_choice":"Paid Gold","damage_taken":0,"relics_obtained":["Sundial"],"max_hp_gain":0,"max_hp_loss":0,"event_name":"WeMeetAgain","floor":2,"gold_loss":50},{"damage_healed":0,"gold_gain":0,"player_choice":"Entered Light","damage_taken":17,"max_hp_gain":0,"max_hp_loss":0,"event_name":"Shining Light","floor":10,"gold_loss":0,"cards_upgraded":["Defend_R","Strike_R"]},{"damage_healed":0,"gold_gain":0,"player_choice":"Fought Mushrooms","damage_taken":0,"max_hp_gain":0,"max_hp_loss":0,"event_name":"Mushrooms","floor":12,"gold_loss":0},{"damage_healed":0,"gold_gain":0,"player_choice":"Fight","damage_taken":0,"max_hp_gain":0,"max_hp_loss":0,"event_name":"Colosseum","floor":21,"gold_loss":0},{"damage_healed":0,"gold_gain":0,"player_choice":"Fought Nobs","damage_taken":0,"max_hp_gain":0,"max_hp_loss":0,"event_name":"Colosseum","floor":21,"gold_loss":0},{"damage_healed":0,"gold_gain":0,"cards_transformed":["Strike_R","Strike_R"],"player_choice":"Became Test Subject","damage_taken":0,"max_hp_gain":0,"max_hp_loss":0,"event_name":"Drug Dealer","floor":24,"gold_loss":0,"cards_obtained":["Limit Break","Second Wind"]},{"cards_removed":["Strike_R"],"damage_healed":0,"gold_gain":0,"player_choice":"Upgrade and Remove","damage_taken":0,"max_hp_gain":0,"max_hp_loss":0,"event_name":"Designer","floor":29,"gold_loss":90,"cards_upgraded":["Spot Weakness"]},{"damage_healed":0,"gold_gain":0,"player_choice":"Ignored","damage_taken":0,"max_hp_gain":0,"max_hp_loss":0,"event_name":"Tomb of Lord Red Mask","floor":38,"gold_loss":0},{"damage_healed":0,"gold_gain":0,"player_choice":"Fight","damage_taken":0,"max_hp_gain":0,"max_hp_loss":0,"event_name":"Mysterious Sphere","floor":39,"gold_loss":0},{"cards_removed":["Defend_R"],"damage_healed":0,"gold_gain":0,"player_choice":"Removed Skill","damage_taken":0,"max_hp_gain":0,"max_hp_loss":0,"event_name":"Falling","floor":47,"gold_loss":0}],"is_beta":false,"boss_relics":[{"not_picked":["Fusion Hammer","Snecko Eye"],"picked":"Mark of Pain"},{"not_picked":["Black Star","Runic Cube"],"picked":"White Beast Statue"}],"items_purged_floors":[27,36,45],"is_endless":false,"potions_floor_spawned":[3,4,5,14,20,21,22,30,31,35,37,39,41,44],"ascension_level":1}