{"gold_per_floor":[19,94,109,123,139,173,173,183,183,183,211,211,241,241,241,241],"floor_reached":16,"playtime":769,"items_purged":[],"score":240,"play_id":"8e624534-e0a7-4c26-9797-0302f34a669b","local_time":"20190403201439","is_ascension_mode":true,"campfire_choices":[{"floor":7,"key":"REST"},{"floor":10,"key":"REST"},{"floor":12,"key":"REST"},{"floor":15,"key":"REST"}],"neow_cost":"NO_GOLD","seed_source_timestamp":186081165829,"circlet_count":0,"master_deck":["AscendersBane","Defend_G+1","Defend_G","Defend_G","Defend_G","Defend_G","Strike_G+1","Strike_G","Strike_G","Strike_G","Strike_G","Survivor","Neutralize","Quick Slash","Dagger Spray","Glass Knife","Predator","Noxious Fumes","Escape Plan"],"relics":["Ring of the Snake","Du-Vu Doll","Bag of Preparation","Mummified Hand","Bottled Lightning","Bronze Scales"],"potions_floor_usage":[6,16,16],"damage_taken":[{"damage":0,"enemies":"Small Slimes","floor":1,"turns":3},{"damage":0,"enemies":"2 Louse","floor":3,"turns":2},{"damage":0,"enemies":"Cultist","floor":4,"turns":3},{"damage":7,"enemies":"3 Louse","floor":5,"turns":4},{"damage":32,"enemies":"Lagavulin","floor":6,"turns":5},{"damage":0,"enemies":"Large Slime","floor":8,"turns":4},{"damage":32,"enemies":"3 Sentries","floor":11,"turns":9},{"damage":6,"enemies":"Gremlin Nob","floor":13,"turns":3},{"damage":30,"enemies":"Hexaghost","floor":16,"turns":10}],"seed_played":"3408913834544346396","potions_obtained":[{"floor":3,"key":"Swift Potion"},{"floor":6,"key":"Weak Potion"},{"floor":13,"key":"Block Potion"}],"is_trial":false,"path_per_floor":["M","?","M","M","M","E","R","M","T","R","E","R","E","?","R","B"],"character_chosen":"THE_SILENT","items_purchased":[],"campfire_rested":4,"item_purchase_floors":[],"current_hp_per_floor":[59,48,48,48,41,9,28,28,28,47,15,34,28,8,27,0],"gold":241,"neow_bonus":"ONE_RARE_RELIC","is_prod":false,"is_daily":false,"chose_seed":false,"campfire_upgraded":0,"win_rate":0,"timestamp":1554315279,"path_taken":["M","?","M","M","M","E","R","M","T","R","E","R","E","?","R","BOSS"],"build_version":"2019-01-23","purchased_purges":0,"victory":false,"max_hp_per_floor":[66,66,66,66,66,66,66,66,66,66,66,66,66,66,66,66],"card_choices":[{"not_picked":["Dagger Throw","Dodge and Roll"],"picked":"Quick Slash","floor":1},{"not_picked":["Flying Knee","Endless Agony","Cloak And Dagger"],"picked":"SKIP","floor":3},{"not_picked":["Prepared","Backflip"],"picked":"Dagger Spray","floor":4},{"not_picked":["Bane","Sucker Punch"],"picked":"Glass Knife","floor":5},{"not_picked":["Quick Slash","Flechettes"],"picked":"Predator","floor":6},{"not_picked":["Bane","Dagger Spray","Poisoned Stab"],"picked":"SKIP","floor":8},{"not_picked":["Bouncing Flask","Setup"],"picked":"Noxious Fumes","floor":11},{"not_picked":["Calculated Gamble","Unload"],"picked":"Escape Plan","floor":13}],"player_experience":2326885,"relics_obtained":[{"floor":6,"key":"Bag of Preparation"},{"floor":9,"key":"Mummified Hand"},{"floor":11,"key":"Bottled Lightning"},{"floor":13,"key":"Bronze Scales"}],"event_choices":[{"damage_healed":0,"gold_gain":75,"player_choice":"Gather Gold","damage_taken":11,"max_hp_gain":0,"max_hp_loss":0,"event_name":"World of Goop","floor":2,"gold_loss":0},{"damage_healed":0,"gold_gain":0,"player_choice":"Entered Light","damage_taken":20,"max_hp_gain":0,"max_hp_loss":0,"event_name":"Shining Light","floor":14,"gold_loss":0,"cards_upgraded":["Defend_G","Strike_G"]}],"is_beta":false,"boss_relics":[],"items_purged_floors":[],"is_endless":false,"potions_floor_spawned":[3,6,13],"killed_by":"Hexaghost","ascension_level":20}