{"gold_per_floor":[114,37,37,53,73,104,104,45,45,45,80,80,110,123,123,198,198,210,135,151,51,51,85,85,85,85,115,115,115,215,228,228,304,304,319,419,48,65,65,65,90,90,90,90,90,104,117,145,145,145],"floor_reached":50,"playtime":6338,"items_purged":["Strike_B","Strike_B","Strike_B"],"score":1254,"play_id":"c3227f30-deaa-4912-8901-ecda695d2124","local_time":"20190429194958","is_ascension_mode":true,"campfire_choices":[{"data":"Sunder","floor":7.0,"key":"SMITH"},{"data":"Buffer","floor":10.0,"key":"SMITH"},{"data":"Zap","floor":15.0,"key":"SMITH"},{"floor":24.0,"key":"REST"},{"floor":29.0,"key":"REST"},{"floor":32.0,"key":"REST"},{"floor":40,"key":"REST"},{"floor":42,"key":"RECALL"},{"floor":44,"key":"REST"},{"floor":49,"key":"REST"}],"neow_cost":"NONE","seed_source_timestamp":1639649187357115,"circlet_count":0,"master_deck":["AscendersBane","Defend_B","Defend_B","Defend_B","Defend_B","Zap+1","Dualcast","Chill","Buffer+1","Cold Snap","Sunder+1","Biased Cognition","Ball Lightning","Ball Lightning","Capacitor","Cold Snap","Creative AI","Recycle","Defragment","Buffer","Cold Snap","Seek","Double Energy","Defragment","Electrodynamics","Hologram+1"],"special_seed":0,"relics":["Cracked Core","NeowsBlessing","Question Card","Art of War","Anchor","Omamori","Bottled Lightning","Cursed Key","Gremlin Horn","Pear","Girya","Dodecahedron","Sozu","Ice Cream","PreservedInsect","Bronze Scales","Letter Opener"],"potions_floor_usage":[],"damage_taken":[{"damage":0.0,"enemies":"Cultist","floor":1.0,"turns":1.0},{"damage":0.0,"enemies":"Jaw Worm","floor":4.0,"turns":1.0},{"damage":0.0,"enemies":"Small Slimes","floor":5.0,"turns":1.0},{"damage":18.0,"enemies":"Lagavulin","floor":6.0,"turns":8.0},{"damage":0.0,"enemies":"Gremlin Nob","floor":11.0,"turns":4.0},{"damage":0.0,"enemies":"3 Sentries","floor":13.0,"turns":5.0},{"damage":0.0,"enemies":"Exordium Wildlife","floor":14.0,"turns":4.0},{"damage":10.0,"enemies":"Slime Boss","floor":16.0,"turns":8.0},{"damage":0.0,"enemies":"Chosen","floor":18.0,"turns":4.0},{"damage":1.0,"enemies":"3 Byrds","floor":20.0,"turns":6.0},{"damage":51.0,"enemies":"Book of Stabbing","floor":23.0,"turns":6.0},{"damage":9.0,"enemies":"Gremlin Leader","floor":27.0,"turns":6.0},{"damage":5.0,"enemies":"Colosseum Slavers","floor":30.0,"turns":4.0},{"damage":50.0,"enemies":"Colosseum Nobs","floor":30.0,"turns":6.0},{"damage":0.0,"enemies":"3 Cultists","floor":31.0,"turns":5.0},{"damage":12.0,"enemies":"Champ","floor":33.0,"turns":14.0},{"damage":35,"enemies":"3 Darklings","floor":35,"turns":7},{"damage":0,"enemies":"Mind Bloom Boss Battle","floor":36,"turns":9},{"damage":0,"enemies":"3 Shapes","floor":38,"turns":5},{"damage":7,"enemies":"Nemesis","floor":41,"turns":9},{"damage":11,"enemies":"3 Darklings","floor":46,"turns":3},{"damage":29,"enemies":"Transient","floor":47,"turns":6},{"damage":0,"enemies":"Reptomancer","floor":48,"turns":5},{"damage":86,"enemies":"Time Eater","floor":50,"turns":12}],"seed_played":"-8548596937565583388","potions_obtained":[{"floor":1.0,"key":"LiquidBronze"},{"floor":6.0,"key":"Dexterity Potion"},{"floor":11.0,"key":"FairyPotion"},{"floor":23.0,"key":"PowerPotion"},{"floor":31.0,"key":"LiquidBronze"}],"is_trial":false,"path_per_floor":["M","$","?","M","M","E","R","$","T","R","E","?","E","M","R","B",null,"M","$","M","$","?","E","R","?","T","E","$","R","?","M","R","B",null,"M","?","$","M","?","R","E","R","T","R","?","M","M","E","R","B"],"character_chosen":"DEFECT","items_purchased":["Buffer","Ball Lightning","PreservedInsect","Defragment"],"campfire_rested":6,"item_purchase_floors":[2,8,37,37],"current_hp_per_floor":[64,64,64,64,64,46,46,46,46,46,46,46,46,46,46,36,62,62,62,61,61,61,10,31,31,31,32,32,56,1,1,25,13,64,29,29,29,29,29,53,46,46,46,70,70,59,30,30,53,0],"gold":145,"neow_bonus":"THREE_ENEMY_KILL","is_prod":false,"is_daily":false,"chose_seed":false,"campfire_upgraded":3,"win_rate":0,"timestamp":1556560198,"path_taken":["M","$","?","M","?","E","R","?","T","R","E","?","E","M","R","BOSS","M","$","M","$","?","E","R","?","T","E","?","R","?","?","R","BOSS","M","?","$","M","?","R","E","R","T","R","?","M","?","E","R","BOSS"],"build_version":"2019-01-23","purchased_purges":3,"victory":false,"max_hp_per_floor":[71,71,71,71,71,71,71,71,71,71,71,71,71,71,71,71,71,71,71,71,71,71,71,71,71,71,81,81,81,81,81,81,81,81,81,81,81,81,81,81,81,81,81,81,77,77,77,77,77,77],"card_choices":[{"not_picked":["Sweeping Beam","Hologram"],"picked":"Chill","floor":1.0},{"not_picked":["Scrape","Steam","Go for the Eyes"],"picked":"Cold Snap","floor":4.0},{"not_picked":["Sweeping Beam","Beam Cell","Rebound"],"picked":"Sunder","floor":5.0},{"not_picked":["Lockon","Loop","Cold Snap"],"picked":"Biased Cognition","floor":6.0},{"not_picked":["Sweeping Beam","Rip and Tear","Leap"],"picked":"Ball Lightning","floor":11.0},{"not_picked":["Sunder","Streamline","Conserve Battery"],"picked":"Capacitor","floor":13.0},{"not_picked":["Sunder","Compile Driver","Hologram"],"picked":"Cold Snap","floor":14.0},{"not_picked":["Reboot","Rainbow","Thunder Strike"],"picked":"Creative AI","floor":16.0},{"not_picked":["Genetic Algorithm","Lockon","Force Field"],"picked":"Recycle","floor":18.0},{"not_picked":["Self Repair","Hologram+1","Blizzard"],"picked":"Defragment","floor":20.0},{"not_picked":["Heatsinks","Turbo","Genetic Algorithm","Go for the Eyes"],"picked":"SKIP","floor":23.0},{"not_picked":["Streamline","Turbo","Hello World","Gash+1"],"picked":"SKIP","floor":27.0},{"not_picked":["Barrage","Go for the Eyes+1","Force Field+1"],"picked":"Buffer","floor":30.0},{"not_picked":["FTL","Scrape+1","Go for the Eyes"],"picked":"Cold Snap","floor":31.0},{"not_picked":["Electrodynamics","Reboot","Creative AI"],"picked":"Seek","floor":33.0},{"not_picked":["Rebound+1","White Noise","Hello World","Hologram"],"picked":"SKIP","floor":35},{"not_picked":["Barrage+1","Steam","Beam Cell+1"],"picked":"Double Energy","floor":36},{"not_picked":["Hologram","Steam","Skim"],"picked":"Electrodynamics","floor":38},{"not_picked":["Conserve Battery","Barrage+1","Force Field","Beam Cell"],"picked":"SKIP","floor":41},{"not_picked":["Turbo","Beam Cell","Ball Lightning"],"picked":"Hologram+1","floor":46},{"not_picked":["Barrage+1","Compile Driver","Blizzard","Streamline"],"picked":"SKIP","floor":47},{"not_picked":["Fusion+1","Steam Power+1","Thunder Strike","White Noise"],"picked":"SKIP","floor":48}],"player_experience":2606464,"relics_obtained":[{"floor":6.0,"key":"Art of War"},{"floor":9.0,"key":"Anchor"},{"floor":11.0,"key":"Omamori"},{"floor":13.0,"key":"Bottled Lightning"},{"floor":23.0,"key":"Gremlin Horn"},{"floor":27.0,"key":"Pear"},{"floor":30.0,"key":"Girya"},{"floor":30.0,"key":"Dodecahedron"},{"floor":36,"key":"Ice Cream"},{"floor":41,"key":"Bronze Scales"},{"floor":48,"key":"Letter Opener"}],"event_choices":[{"damage_healed":0.0,"max_hp_gain":0.0,"max_hp_loss":0.0,"gold_gain":0.0,"event_name":"WeMeetAgain","player_choice":"Gave Potion","floor":3.0,"gold_loss":0.0,"damage_taken":0.0,"relics_obtained":["Question Card"]},{"damage_healed":0.0,"max_hp_gain":0.0,"max_hp_loss":0.0,"gold_gain":0.0,"event_name":"Match and Keep!","player_choice":"1 cards matched","floor":12.0,"gold_loss":0.0,"damage_taken":0.0,"cards_obtained":["Pain"]},{"damage_healed":0.0,"max_hp_gain":0.0,"max_hp_loss":0.0,"gold_gain":0.0,"event_name":"Match and Keep!","player_choice":"1 cards matched","floor":12.0,"gold_loss":0.0,"damage_taken":0.0,"cards_obtained":["Pain"]},{"damage_healed":0.0,"max_hp_gain":0.0,"max_hp_loss":0.0,"gold_gain":0.0,"event_name":"Match and Keep!","player_choice":"1 cards matched","floor":12.0,"gold_loss":0.0,"damage_taken":0.0,"cards_obtained":["Pain"]},{"cards_removed":["Strike_B"],"damage_healed":0.0,"max_hp_gain":0.0,"max_hp_loss":0.0,"gold_gain":0.0,"event_name":"Back to Basics","player_choice":"Elegance","floor":22.0,"gold_loss":0.0,"damage_taken":0.0},{"damage_healed":0.0,"max_hp_gain":0.0,"max_hp_loss":0.0,"gold_gain":0.0,"event_name":"The Mausoleum","player_choice":"Ignored","floor":25.0,"gold_loss":0.0,"damage_taken":0.0},{"damage_healed":0.0,"max_hp_gain":0.0,"max_hp_loss":0.0,"gold_gain":0.0,"event_name":"Colosseum","player_choice":"Fight","floor":30.0,"gold_loss":0.0,"damage_taken":0.0},{"damage_healed":0.0,"max_hp_gain":0.0,"max_hp_loss":0.0,"gold_gain":0.0,"event_name":"Colosseum","player_choice":"Fought Nobs","floor":30.0,"gold_loss":0.0,"damage_taken":0.0},{"damage_healed":0,"gold_gain":0,"player_choice":"Fight","damage_taken":0,"max_hp_gain":0,"max_hp_loss":0,"event_name":"MindBloom","floor":36,"gold_loss":0},{"damage_healed":0,"gold_gain":0,"player_choice":"Ignored","damage_taken":0,"max_hp_gain":0,"max_hp_loss":0,"event_name":"The Moai Head","floor":39,"gold_loss":0},{"damage_healed":0,"gold_gain":0,"player_choice":"Max HP","damage_taken":0,"max_hp_gain":0,"max_hp_loss":4,"event_name":"Winding Halls","floor":45,"gold_loss":0}],"is_beta":false,"boss_relics":[{"not_picked":["Calling Bell","Philosopher\u0027s Stone"],"picked":"Cursed Key"},{"not_picked":["Coffee Dripper","Pandora\u0027s Box"],"picked":"Sozu"}],"items_purged_floors":[19,21,37],"is_endless":false,"potions_floor_spawned":[1,6,11,14,16,18,23,30,31,38,47],"killed_by":"Time Eater","ascension_level":20}