{"gold_per_floor":[111,125,125,50,50,79,91,130,142,172,21,51,68,68,68,164,164,179,193,193,33,48,48,48],"floor_reached":24,"playtime":1073,"items_purged":["Decay"],"score":428,"play_id":"4f6a16f4-89eb-4b24-895d-e31490ec97fb","local_time":"20190316215400","is_ascension_mode":true,"campfire_choices":[{"floor":15,"key":"REST"},{"floor":23,"key":"REST"}],"neow_cost":"NONE","seed_source_timestamp":92389326676288,"circlet_count":0,"master_deck":["AscendersBane","Strike_B","Strike_B+1","Strike_B","Defend_B","Defend_B+1","Defend_B","Defend_B+1","Zap+1","Dualcast","Sunder","Conserve Battery","Compile Driver","Sunder","Leap","FTL","Core Surge","Injury","Parasite","Steam+1","Coolheaded+1","Leap+1"],"relics":["Busted Crown","MawBank","Letter Opener","Bottled Flame","War Paint","DataDisk","Golden Idol","Calling Bell","Bag of Marbles","Toxic Egg 2","Emotion Chip"],"potions_floor_usage":[12,12,18,22],"damage_taken":[{"damage":1,"enemies":"Cultist","floor":1,"turns":4},{"damage":0,"enemies":"2 Louse","floor":2,"turns":2},{"damage":16,"enemies":"Lagavulin","floor":6,"turns":7},{"damage":10,"enemies":"3 Sentries","floor":8,"turns":7},{"damage":0,"enemies":"Small Slimes","floor":10,"turns":2},{"damage":5,"enemies":"Gremlin Nob","floor":12,"turns":3},{"damage":2,"enemies":"Looter","floor":13,"turns":3},{"damage":15,"enemies":"The Guardian","floor":16,"turns":10},{"damage":22,"enemies":"3 Byrds","floor":18,"turns":4},{"damage":24,"enemies":"Shell Parasite","floor":19,"turns":3},{"damage":0,"enemies":"Centurion and Healer","floor":22,"turns":5},{"damage":31,"enemies":"Gremlin Leader","floor":24,"turns":2}],"seed_played":"-2478559099146704853","potions_obtained":[{"floor":1,"key":"EssenceOfSteel"},{"floor":8,"key":"Swift Potion"},{"floor":16,"key":"AttackPotion"},{"floor":19,"key":"Dexterity Potion"}],"is_trial":false,"path_per_floor":["M","M","?","?","?","E","?","E","T","M","$","E","M","?","R","B",null,"M","M","?","$","M","R","E"],"character_chosen":"DEFECT","items_purchased":["War Paint","SteroidPotion","Leap+1"],"campfire_rested":2,"item_purchase_floors":[11,21,21],"current_hp_per_floor":[63,63,68,68,68,52,29,19,19,19,19,14,12,12,32,17,56,34,10,10,10,10,30,0],"gold":48,"neow_bonus":"BOSS_RELIC","is_prod":false,"is_daily":false,"chose_seed":false,"campfire_upgraded":0,"win_rate":0,"timestamp":1552769640,"path_taken":["M","M","?","?","?","E","?","E","T","M","$","E","M","?","R","BOSS","M","M","?","$","M","R","E"],"build_version":"2019-01-23","purchased_purges":1,"victory":false,"max_hp_per_floor":[71,71,76,76,76,76,76,76,76,76,76,76,76,69,69,69,69,69,69,69,69,69,69,69],"card_choices":[{"not_picked":[],"picked":"Sunder","floor":1},{"not_picked":[],"picked":"Conserve Battery","floor":2},{"not_picked":[],"picked":"Compile Driver","floor":6},{"not_picked":[],"picked":"Sunder","floor":8},{"not_picked":["Stack"],"picked":"SKIP","floor":10},{"not_picked":["Stack"],"picked":"SKIP","floor":10},{"not_picked":[],"picked":"Leap","floor":12},{"not_picked":[],"picked":"FTL","floor":13},{"not_picked":[],"picked":"Core Surge","floor":16},{"not_picked":[],"picked":"Steam+1","floor":18},{"not_picked":[],"picked":"Coolheaded+1","floor":19},{"not_picked":["Steam+1"],"picked":"SKIP","floor":22}],"player_experience":2078021,"relics_obtained":[{"floor":6,"key":"MawBank"},{"floor":8,"key":"Letter Opener"},{"floor":9,"key":"Bottled Flame"},{"floor":12,"key":"DataDisk"},{"floor":17,"key":"Bag of Marbles"},{"floor":17,"key":"Toxic Egg 2"},{"floor":17,"key":"Emotion Chip"}],"event_choices":[{"damage_healed":0,"gold_gain":0,"player_choice":"Donut","damage_taken":0,"max_hp_gain":5,"max_hp_loss":0,"event_name":"Big Fish","floor":3,"gold_loss":0},{"cards_removed":["Strike_B"],"damage_healed":0,"gold_gain":0,"player_choice":"Card Removal","damage_taken":0,"max_hp_gain":0,"max_hp_loss":0,"event_name":"The Cleric","floor":4,"gold_loss":75},{"damage_healed":0,"gold_gain":0,"player_choice":"Ignored","damage_taken":0,"max_hp_gain":0,"max_hp_loss":0,"event_name":"Liars Game","floor":5,"gold_loss":0},{"damage_healed":0,"gold_gain":0,"player_choice":"Entered Light","damage_taken":23,"max_hp_gain":0,"max_hp_loss":0,"event_name":"Shining Light","floor":7,"gold_loss":0,"cards_upgraded":["Defend_B","Strike_B"]},{"damage_healed":0,"gold_gain":0,"player_choice":"Lose Max HP","damage_taken":0,"relics_obtained":["Golden Idol"],"max_hp_gain":0,"max_hp_loss":7,"event_name":"Golden Idol","floor":14,"gold_loss":0},{"damage_healed":0,"gold_gain":0,"player_choice":"Ignored","damage_taken":0,"max_hp_gain":0,"max_hp_loss":0,"event_name":"N\u0027loth","floor":20,"gold_loss":0}],"is_beta":false,"boss_relics":[{"not_picked":["White Beast Statue","Lizard Tail"],"picked":"Calling Bell"}],"items_purged_floors":[21],"is_endless":false,"potions_floor_spawned":[1,8,16,19],"killed_by":"Gremlin Leader","ascension_level":20}