{"gold_per_floor":[117,130,4,4,4,4,36,36,85,115,115,115,129,152,152,251,251,270,295,295,316,316,316,350,350,350,389,389,441,454,489,489,489],"floor_reached":33,"playtime":2099,"items_purged":["Strike_G"],"score":582,"play_id":"bfe0de18-a3f0-400d-b838-b6a1568227e1","local_time":"20190414131115","is_ascension_mode":true,"campfire_choices":[{"data":"Dagger Spray","floor":6.0,"key":"SMITH"},{"data":"Deadly Poison","floor":8.0,"key":"SMITH"},{"floor":12.0,"key":"REST"},{"data":"Injury","floor":15.0,"key":"PURGE"},{"floor":23.0,"key":"REST"},{"floor":25,"key":"REST"},{"floor":28,"key":"REST"},{"floor":32,"key":"REST"}],"neow_cost":"NONE","seed_source_timestamp":401853055090718,"circlet_count":0,"master_deck":["AscendersBane","Defend_G+1","Defend_G","Defend_G","Defend_G","Defend_G","Survivor","Neutralize","Dagger Spray+1","Predator","Catalyst","Deadly Poison+1","Dodge and Roll","Backstab","Poisoned Stab","Malaise+1","Deadly Poison+1","Choke+1","Acrobatics+1","Crippling Poison","Deflect"],"special_seed":0,"relics":["Ring of the Snake","Peace Pipe","Thread and Needle","Happy Flower","Bag of Preparation","Golden Idol","Astrolabe","Tingsha","Letter Opener","War Paint","Red Mask"],"potions_floor_usage":[27],"damage_taken":[{"damage":1.0,"enemies":"2 Louse","floor":1.0,"turns":3.0},{"damage":4.0,"enemies":"Jaw Worm","floor":2.0,"turns":3.0},{"damage":6.0,"enemies":"Gremlin Nob","floor":7.0,"turns":3.0},{"damage":21.0,"enemies":"Lagavulin","floor":10.0,"turns":5.0},{"damage":0.0,"enemies":"Cultist","floor":13.0,"turns":2.0},{"damage":0.0,"enemies":"2 Fungi Beasts","floor":14.0,"turns":3.0},{"damage":6.0,"enemies":"The Guardian","floor":16.0,"turns":9.0},{"damage":2.0,"enemies":"Shell Parasite","floor":18.0,"turns":6.0},{"damage":2.0,"enemies":"Spheric Guardian","floor":19.0,"turns":5.0},{"damage":18.0,"enemies":"Snake Plant","floor":21.0,"turns":4.0},{"damage":8.0,"enemies":"Colosseum Slavers","floor":22.0,"turns":4.0},{"damage":22,"enemies":"Slavers","floor":24,"turns":6},{"damage":29,"enemies":"Gremlin Leader","floor":27,"turns":5},{"damage":1,"enemies":"Snecko","floor":30,"turns":5},{"damage":31,"enemies":"Masked Bandits","floor":31,"turns":5},{"damage":24,"enemies":"Champ","floor":33,"turns":10}],"seed_played":"-608217023920781374","potions_obtained":[{"floor":2.0,"key":"Explosive Potion"},{"floor":10.0,"key":"AttackPotion"},{"floor":16.0,"key":"LiquidBronze"}],"is_trial":false,"path_per_floor":["M","M","$","?","$","R","E","R","T","E","?","R","M","M","R","B",null,"M","M","?","M","?","R","E","R","T","E","R","T","M","?","R","B"],"character_chosen":"THE_SILENT","items_purchased":["Deadly Poison"],"campfire_rested":5,"item_purchase_floors":[3],"current_hp_per_floor":[58,54,54,49,49,49,43,43,43,22,22,41,41,41,41,35,58,56,54,54,36,28,47,25,44,44,15,34,34,33,2,21,0],"gold":489,"neow_bonus":"THREE_CARDS","is_prod":false,"is_daily":false,"chose_seed":false,"campfire_upgraded":2,"win_rate":0,"timestamp":1555240275,"path_taken":["M","M","$","?","$","R","E","R","T","E","?","R","M","M","R","BOSS","M","M","?","?","?","R","E","R","T","E","R","?","M","?","R","BOSS"],"build_version":"2019-01-23","purchased_purges":1,"victory":false,"max_hp_per_floor":[66,66,66,66,66,66,66,66,66,66,66,66,66,66,66,66,66,66,66,66,66,66,66,66,66,66,66,66,66,66,66,66,66],"card_choices":[{"not_picked":["Quick Slash","Underhanded Strike"],"picked":"Dagger Spray","floor":0.0},{"not_picked":["Poisoned Stab","Eviscerate"],"picked":"Predator","floor":1.0},{"not_picked":["Predator","Blade Dance"],"picked":"Catalyst","floor":2.0},{"not_picked":["Dagger Throw","Finisher","Deflect"],"picked":"SKIP","floor":7.0},{"not_picked":["Distraction","Sucker Punch"],"picked":"Dodge and Roll","floor":10.0},{"not_picked":["Prepared","Choke"],"picked":"Backstab","floor":13.0},{"not_picked":["Cloak And Dagger","Flying Knee"],"picked":"Poisoned Stab","floor":14.0},{"not_picked":["Night Terror","Tools of the Trade"],"picked":"Malaise","floor":16.0},{"not_picked":["Accuracy","Poisoned Stab+1","Prepared"],"picked":"SKIP","floor":18.0},{"not_picked":["Dagger Throw","Dagger Spray","Underhanded Strike"],"picked":"SKIP","floor":19.0},{"not_picked":["Endless Agony","Quick Slash"],"picked":"Crippling Poison","floor":21.0},{"not_picked":["Sucker Punch","Outmaneuver","Eviscerate"],"picked":"SKIP","floor":24},{"not_picked":["Choke","Outmaneuver+1","Tools of the Trade"],"picked":"SKIP","floor":27},{"not_picked":["Cloak And Dagger","Dodge and Roll","Riddle With Holes+1"],"picked":"SKIP","floor":30},{"not_picked":["Blade Dance","Dodge and Roll"],"picked":"Deflect","floor":31}],"player_experience":2486301,"relics_obtained":[{"floor":7.0,"key":"Thread and Needle"},{"floor":9.0,"key":"Happy Flower"},{"floor":10.0,"key":"Bag of Preparation"},{"floor":24,"key":"Tingsha"},{"floor":26,"key":"Letter Opener"},{"floor":27,"key":"War Paint"},{"floor":31,"key":"Red Mask"}],"event_choices":[{"damage_healed":0.0,"max_hp_gain":0.0,"max_hp_loss":0.0,"gold_gain":0.0,"event_name":"Scrap Ooze","player_choice":"Success","floor":4.0,"gold_loss":0.0,"damage_taken":5.0,"relics_obtained":["Peace Pipe"]},{"damage_healed":0.0,"max_hp_gain":0.0,"max_hp_loss":0.0,"gold_gain":0.0,"event_name":"Golden Idol","player_choice":"Take Wound","floor":11.0,"gold_loss":0.0,"damage_taken":0.0,"relics_obtained":["Golden Idol"],"cards_obtained":["Injury"]},{"cards_removed":["Strike_G"],"damage_healed":0.0,"max_hp_gain":0.0,"max_hp_loss":0.0,"gold_gain":0.0,"event_name":"Bonfire Elementals","player_choice":"Offered Basic","floor":20.0,"gold_loss":0.0,"damage_taken":0.0},{"damage_healed":0.0,"max_hp_gain":0.0,"max_hp_loss":0.0,"gold_gain":0.0,"event_name":"Colosseum","player_choice":"Fight","floor":22.0,"gold_loss":0.0,"damage_taken":0.0},{"damage_healed":0.0,"max_hp_gain":0.0,"max_hp_loss":0.0,"gold_gain":0.0,"event_name":"Colosseum","player_choice":"Fled From Nobs","floor":22.0,"gold_loss":0.0,"damage_taken":0.0},{"damage_healed":0,"gold_gain":0,"player_choice":"Fought Bandits","damage_taken":0,"max_hp_gain":0,"max_hp_loss":0,"event_name":"Masked Bandits","floor":31,"gold_loss":0}],"is_beta":false,"boss_relics":[{"not_picked":["Empty Cage","Coffee Dripper"],"picked":"Astrolabe"}],"items_purged_floors":[3],"is_endless":false,"potions_floor_spawned":[2,10,16,18,19,22],"killed_by":"Champ","ascension_level":20}