{"gold_per_floor":[16,16,31,31,44,44,73,99,134,146,158,201,227,239],"floor_reached":14,"playtime":505,"items_purged":[],"score":190,"play_id":"7da8f515-ad03-4644-83c9-980cba53965d","local_time":"20190421163046","is_ascension_mode":true,"campfire_choices":[{"data":"Zap","floor":6,"key":"SMITH"},{"floor":11,"key":"REST"}],"neow_cost":"NO_GOLD","seed_source_timestamp":12625170948471,"circlet_count":0,"master_deck":["AscendersBane","Strike_B","Strike_B+1","Strike_B","Defend_B","Defend_B","Defend_B","Defend_B","Zap+1","Dualcast","Auto Shields+1","Capacitor","Loop","Sweeping Beam","Electrodynamics","Cold Snap","Reprogram"],"relics":["Cracked Core","Mango","MawBank","Boot","Bag of Marbles"],"potions_floor_usage":[5,7,13],"damage_taken":[{"damage":5,"enemies":"2 Louse","floor":1,"turns":4},{"damage":0,"enemies":"Jaw Worm","floor":3,"turns":3},{"damage":2,"enemies":"Small Slimes","floor":5,"turns":3},{"damage":10,"enemies":"3 Sentries","floor":7,"turns":8},{"damage":33,"enemies":"Gremlin Gang","floor":8,"turns":5},{"damage":24,"enemies":"Lagavulin","floor":12,"turns":6},{"damage":0,"enemies":"2 Fungi Beasts","floor":13,"turns":2},{"damage":8,"enemies":"Large Slime","floor":14,"turns":1}],"seed_played":"2758685538611603301","potions_obtained":[{"floor":1,"key":"Fire Potion"},{"floor":5,"key":"Fire Potion"},{"floor":8,"key":"LiquidBronze"},{"floor":12,"key":"SneckoOil"}],"is_trial":false,"path_per_floor":["M","?","M","$","M","R","E","M","T","?","R","E","M","M"],"character_chosen":"DEFECT","items_purchased":[],"campfire_rested":1,"item_purchase_floors":[],"current_hp_per_floor":[73,47,47,47,45,45,35,2,2,2,27,3,3,0],"gold":239,"neow_bonus":"ONE_RARE_RELIC","is_prod":false,"is_daily":false,"chose_seed":false,"campfire_upgraded":1,"win_rate":0,"timestamp":1555889446,"path_taken":["M","?","M","?","M","R","E","M","T","?","R","E","M","M"],"build_version":"2019-01-23","purchased_purges":0,"victory":false,"max_hp_per_floor":[85,85,85,85,85,85,85,85,85,85,85,85,85,85],"card_choices":[{"not_picked":["Ball Lightning","Turbo"],"picked":"Auto Shields","floor":1},{"not_picked":["Cold Snap","Doom and Gloom"],"picked":"Capacitor","floor":3},{"not_picked":["Barrage","Go for the Eyes"],"picked":"Loop","floor":5},{"not_picked":["Melter","Storm"],"picked":"Sweeping Beam","floor":7},{"not_picked":["Self Repair","Double Energy"],"picked":"Electrodynamics","floor":8},{"not_picked":["Consume","Hyperbeam"],"picked":"Cold Snap","floor":12},{"not_picked":["Consume","Hello World"],"picked":"Reprogram","floor":13}],"player_experience":739909,"relics_obtained":[{"floor":7,"key":"MawBank"},{"floor":9,"key":"Boot"},{"floor":12,"key":"Bag of Marbles"}],"event_choices":[{"damage_healed":0,"gold_gain":0,"player_choice":"Entered Light","damage_taken":26,"max_hp_gain":0,"max_hp_loss":0,"event_name":"Shining Light","floor":2,"gold_loss":0,"cards_upgraded":["Strike_B","Auto Shields"]},{"cards_removed":["Strike_B"],"damage_healed":0,"gold_gain":0,"player_choice":"Purged","damage_taken":0,"max_hp_gain":0,"max_hp_loss":0,"event_name":"Purifier","floor":10,"gold_loss":0}],"is_beta":false,"boss_relics":[],"items_purged_floors":[],"is_endless":false,"potions_floor_spawned":[1,5,8,12],"killed_by":"Large Slime","ascension_level":18}