{"gold_per_floor":[364,539,539,553,568,182,212,177,177,205,224,253,273,290,290,394,394,413,413,427,444,475,508,134,169,169,225,243,316,330,363,363,462,462,482,502,1501,50,68,99,99,133,133,150,165,55,69,100,100,100,100,100,50,81,81],"floor_reached":56,"playtime":11552,"items_purged":["Doubt","Strike_B","Normality","Normality","Defend_B"],"score":2181,"play_id":"0e672d9f-dd46-460a-8cdd-a8331f17fe45","local_time":"20190523200858","is_ascension_mode":true,"campfire_choices":[{"data":"Hologram","floor":15.0,"key":"SMITH"},{"data":"Biased Cognition","floor":32.0,"key":"SMITH"},{"floor":49.0,"key":"RECALL"},{"data":"Defragment","floor":52.0,"key":"SMITH"}],"neow_cost":"TEN_PERCENT_HP_LOSS","seed_source_timestamp":392565354260117,"circlet_count":0,"master_deck":["Strike_B+1","Strike_B+1","Defend_B","Defend_B","Defend_B","Zap","Dualcast","Glacier","Electrodynamics","Self Repair","Glacier","Glacier","Barrage+1","Hologram+1","Sunder+1","Biased Cognition+1","Doom and Gloom+1","Genetic Algorithm","Compile Driver+1","White Noise","Blizzard+1","Loop+1","Defragment+1","Seek+1","Conserve Battery+1","Glacier+1","Barrage+1","Seek+1","Skim+1","Defragment+1"],"special_seed":0,"relics":["Cracked Core","Molten Egg 2","ClockworkSouvenir","Smiling Mask","The Courier","Calipers","Bag of Marbles","Runic Dome","Red Mask","Ornamental Fan","Bag of Preparation","Mummified Hand","Ice Cream","Symbiotic Virus","Tiny Chest","Toxic Egg 2","Potion Belt","Inserter","OrangePellets","Oddly Smooth Stone","Meat on the Bone","Happy Flower","Ancient Tea Set","Whetstone","Bottled Tornado","Blood Vial","Question Card","Centennial Puzzle","Cables","Kunai","DataDisk","Bottled Lightning"],"potions_floor_usage":[55,55,55,55],"damage_taken":[{"damage":0.0,"enemies":"Small Slimes","floor":1.0,"turns":4.0},{"damage":7.0,"enemies":"Jaw Worm","floor":4.0,"turns":3.0},{"damage":0.0,"enemies":"Cultist","floor":5.0,"turns":5.0},{"damage":14.0,"enemies":"Lagavulin","floor":7.0,"turns":10.0},{"damage":31.0,"enemies":"Gremlin Nob","floor":10.0,"turns":7.0},{"damage":0.0,"enemies":"Large Slime","floor":11.0,"turns":5.0},{"damage":10.0,"enemies":"3 Sentries","floor":12.0,"turns":4.0},{"damage":0.0,"enemies":"Blue Slaver","floor":13.0,"turns":4.0},{"damage":0.0,"enemies":"2 Fungi Beasts","floor":14.0,"turns":2.0},{"damage":0.0,"enemies":"Slime Boss","floor":16.0,"turns":8.0},{"damage":7.0,"enemies":"Shell Parasite","floor":18.0,"turns":6.0},{"damage":14.0,"enemies":"3 Byrds","floor":20.0,"turns":4.0},{"damage":0.0,"enemies":"Centurion and Healer","floor":21.0,"turns":10.0},{"damage":0.0,"enemies":"Masked Bandits","floor":22.0,"turns":4.0},{"damage":0.0,"enemies":"Book of Stabbing","floor":23.0,"turns":6.0},{"damage":6.0,"enemies":"Gremlin Leader","floor":25.0,"turns":5.0},{"damage":0.0,"enemies":"Slavers","floor":27.0,"turns":4.0},{"damage":0.0,"enemies":"Snake Plant","floor":28.0,"turns":2.0},{"damage":0.0,"enemies":"3 Cultists","floor":30.0,"turns":2.0},{"damage":0.0,"enemies":"Gremlin Leader","floor":31.0,"turns":6.0},{"damage":0.0,"enemies":"Collector","floor":33.0,"turns":9.0},{"damage":0.0,"enemies":"3 Darklings","floor":35.0,"turns":5.0},{"damage":3.0,"enemies":"3 Shapes","floor":36.0,"turns":5.0},{"damage":0.0,"enemies":"Spire Growth","floor":39.0,"turns":6.0},{"damage":0.0,"enemies":"Reptomancer","floor":40.0,"turns":9.0},{"damage":0.0,"enemies":"Giant Head","floor":42.0,"turns":6.0},{"damage":0.0,"enemies":"3 Darklings","floor":44.0,"turns":1.0},{"damage":0.0,"enemies":"Sphere and 2 Shapes","floor":45.0,"turns":3.0},{"damage":0.0,"enemies":"Maw","floor":47.0,"turns":6.0},{"damage":0.0,"enemies":"Nemesis","floor":48.0,"turns":5.0},{"damage":0.0,"enemies":"Donu and Deca","floor":50.0,"turns":10.0},{"damage":0.0,"enemies":"Shield and Spear","floor":54.0,"turns":3.0},{"damage":1,"enemies":"The Heart","floor":55,"turns":10}],"seed_played":"2429764008943695196","potions_obtained":[{"floor":1.0,"key":"FearPotion"},{"floor":10.0,"key":"Swift Potion"},{"floor":11.0,"key":"Weak Potion"},{"floor":13.0,"key":"Strength Potion"},{"floor":14.0,"key":"AttackPotion"},{"floor":21.0,"key":"EssenceOfSteel"},{"floor":23.0,"key":"Strength Potion"},{"floor":27.0,"key":"GamblersBrew"},{"floor":30.0,"key":"Regen Potion"},{"floor":31.0,"key":"Energy Potion"},{"floor":33.0,"key":"Poison Potion"},{"floor":35.0,"key":"PowerPotion"},{"floor":40.0,"key":"SkillPotion"},{"floor":44.0,"key":"SteroidPotion"},{"floor":48.0,"key":"FocusPotion"}],"is_trial":false,"path_per_floor":["M","?","?","M","M","$","E","?","T","E","M","E","M","M","R","B",null,"M","?","M","M","?","E","$","E","T","E","M","T","M","E","R","B",null,"M","M","?","$","M","E","?","E","T","M","M","$","M","E","R","B",null,"R","$","E","B",null],"character_chosen":"DEFECT","items_purchased":["ClockworkSouvenir","Self Repair","Glacier","Bag of Preparation","Mummified Hand","OrangePellets","Oddly Smooth Stone","Meat on the Bone","Happy Flower","Ancient Tea Set","Glacier+1","Whetstone","Bottled Tornado","Blood Vial","Question Card","Skim+1"],"campfire_rested":0,"item_purchase_floors":[6,6,6,24,24,38,38,38,38,38,38,38,38,38,38,46],"current_hp_per_floor":[68,68,56,49,49,49,42,59,59,35,42,39,46,53,53,60,66,66,66,59,66,68,68,68,68,68,68,68,68,68,68,68,68,68,68,68,68,68,68,68,68,68,68,68,68,68,68,68,68,68,68,68,68,68,68],"gold":81,"neow_bonus":"TWO_FIFTY_GOLD","is_prod":false,"is_daily":false,"chose_seed":false,"campfire_upgraded":3,"win_rate":0,"timestamp":1558622338,"path_taken":["M","?","?","M","M","$","E","?","T","E","M","E","M","M","R","BOSS","M","?","?","M","?","E","$","E","T","E","M","?","M","E","R","BOSS","M","M","?","$","M","E","?","E","T","M","M","$","M","E","R","BOSS","R","$","E","BOSS"],"build_version":"2019-01-23","purchased_purges":5,"victory":true,"max_hp_per_floor":[68,68,68,68,68,68,68,68,68,68,68,68,68,68,68,68,68,68,68,68,68,68,68,68,68,68,68,68,68,68,68,68,68,68,68,68,68,68,68,68,68,68,68,68,68,68,68,68,68,68,68,68,68,68,68],"card_choices":[{"not_picked":["Rebound","Turbo","Leap"],"picked":"SKIP","floor":1.0},{"not_picked":["Barrage+1","Redo"],"picked":"Glacier","floor":4.0},{"not_picked":["Melter+1","Redo"],"picked":"Electrodynamics","floor":5.0},{"not_picked":["Reinforced Body","Go for the Eyes+1"],"picked":"Glacier","floor":7.0},{"not_picked":["Scrape+1","Streamline+1"],"picked":"Barrage+1","floor":10.0},{"not_picked":["Consume","Cold Snap+1","Fusion"],"picked":"SKIP","floor":11.0},{"not_picked":["Compile Driver+1","Beam Cell+1"],"picked":"Hologram","floor":12.0},{"not_picked":["Stack","Aggregate"],"picked":"Sunder+1","floor":13.0},{"not_picked":["Go for the Eyes+1","Cold Snap+1","Redo"],"picked":"SKIP","floor":14.0},{"not_picked":["Fission","Machine Learning"],"picked":"Biased Cognition","floor":16.0},{"not_picked":["Coolheaded","Conserve Battery"],"picked":"Doom and Gloom+1","floor":18.0},{"not_picked":["Stack+1","Leap","Double Energy"],"picked":"SKIP","floor":20.0},{"not_picked":["Recycle","Chill"],"picked":"Compile Driver+1","floor":21.0},{"not_picked":["Leap","Gash+1"],"picked":"White Noise","floor":22.0},{"not_picked":["Steam","Loop"],"picked":"Blizzard+1","floor":23.0},{"not_picked":["Rainbow","Sweeping Beam+1"],"picked":"Loop+1","floor":25.0},{"not_picked":["Turbo","Go for the Eyes+1","Gash+1"],"picked":"SKIP","floor":27.0},{"not_picked":["Stack","Blizzard+1","Compile Driver+1"],"picked":"SKIP","floor":28.0},{"not_picked":["Leap+1","Go for the Eyes+1"],"picked":"Defragment","floor":30.0},{"not_picked":["Coolheaded+1","Turbo+1","Barrage+1"],"picked":"SKIP","floor":31.0},{"not_picked":["Amplify+1","Electrodynamics"],"picked":"Seek+1","floor":33.0},{"not_picked":["Fusion+1","Beam Cell+1"],"picked":"Conserve Battery+1","floor":35.0},{"not_picked":["Self Repair","Beam Cell+1","Static Discharge"],"picked":"SKIP","floor":36.0},{"not_picked":["Compile Driver+1","Force Field+1","Redo+1"],"picked":"Barrage+1","floor":39.0},{"not_picked":["Chaos+1","Rebound+1","Undo+1","Gash+1"],"picked":"SKIP","floor":40.0},{"not_picked":["Beam Cell+1","Static Discharge+1","Hologram+1"],"picked":"Seek+1","floor":42.0},{"not_picked":["Streamline+1","Chill+1","Redo+1","Hologram+1"],"picked":"SKIP","floor":44.0},{"not_picked":["Streamline+1","Hologram+1","Leap+1","Ball Lightning+1"],"picked":"SKIP","floor":45.0},{"not_picked":["Streamline+1","Hologram+1","Leap+1","Ball Lightning+1"],"picked":"SKIP","floor":45.0},{"not_picked":["Rebound+1","Ball Lightning+1","Stack+1","Aggregate+1"],"picked":"SKIP","floor":47.0},{"not_picked":["Undo+1","Darkness+1","Genetic Algorithm+1","Recycle+1"],"picked":"SKIP","floor":48.0},{"not_picked":["Gash+1","Beam Cell+1","Cold Snap+1","Defragment+1"],"picked":"SKIP","floor":54.0},{"not_picked":["Gash+1","Beam Cell+1","Cold Snap+1"],"picked":"Defragment+1","floor":54.0}],"player_experience":677500,"relics_obtained":[{"floor":7.0,"key":"Smiling Mask"},{"floor":9.0,"key":"The Courier"},{"floor":10.0,"key":"Calipers"},{"floor":12.0,"key":"Bag of Marbles"},{"floor":22.0,"key":"Red Mask"},{"floor":23.0,"key":"Ornamental Fan"},{"floor":25.0,"key":"Ice Cream"},{"floor":26.0,"key":"Symbiotic Virus"},{"floor":27.0,"key":"Tiny Chest"},{"floor":29.0,"key":"Toxic Egg 2"},{"floor":31.0,"key":"Potion Belt"},{"floor":40.0,"key":"Centennial Puzzle"},{"floor":42.0,"key":"Kunai"},{"floor":48.0,"key":"DataDisk"},{"floor":54.0,"key":"Bottled Lightning"}],"event_choices":[{"damage_healed":0.0,"max_hp_gain":0.0,"max_hp_loss":0.0,"gold_gain":175.0,"event_name":"Liars Game","player_choice":"AGREE","floor":2.0,"gold_loss":0.0,"damage_taken":0.0,"cards_obtained":["Doubt"]},{"damage_healed":0.0,"max_hp_gain":0.0,"max_hp_loss":0.0,"gold_gain":0.0,"event_name":"Scrap Ooze","player_choice":"Success","floor":3.0,"gold_loss":0.0,"damage_taken":12.0,"relics_obtained":["Molten Egg 2"]},{"damage_healed":17.0,"max_hp_gain":0.0,"max_hp_loss":0.0,"gold_gain":0.0,"event_name":"The Cleric","player_choice":"Healed","floor":8.0,"gold_loss":35.0,"damage_taken":0.0},{"damage_healed":0.0,"max_hp_gain":0.0,"max_hp_loss":0.0,"gold_gain":0.0,"cards_transformed":["Strike_B"],"event_name":"Transmorgrifier","player_choice":"Transformed","floor":19.0,"gold_loss":0.0,"damage_taken":0.0,"cards_obtained":["Genetic Algorithm"]},{"damage_healed":0.0,"max_hp_gain":0.0,"max_hp_loss":0.0,"gold_gain":0.0,"event_name":"Masked Bandits","player_choice":"Fought Bandits","floor":22.0,"gold_loss":0.0,"damage_taken":0.0},{"damage_healed":0.0,"max_hp_gain":0.0,"max_hp_loss":0.0,"gold_gain":999.0,"event_name":"MindBloom","player_choice":"Gold","floor":37.0,"gold_loss":0.0,"damage_taken":0.0,"cards_obtained":["Normality","Normality"]},{"damage_healed":0.0,"max_hp_gain":0.0,"max_hp_loss":0.0,"gold_gain":0.0,"event_name":"WeMeetAgain","player_choice":"Gave Potion","floor":41.0,"gold_loss":0.0,"damage_taken":0.0,"relics_obtained":["Cables"]}],"is_beta":false,"boss_relics":[{"not_picked":["FrozenCore","Tiny House"],"picked":"Runic Dome"},{"not_picked":["Empty Cage","Busted Crown"],"picked":"Inserter"}],"items_purged_floors":[6,24,38,46,53],"is_endless":false,"potions_floor_spawned":[1,10,11,13,14,21,23,27,30,31,33,35,40,44,48],"ascension_level":6}