{"gold_per_floor":[113,113,7,7,7,35,35,65,122,149,149,165,185,212,212,291,291,306,322,136,51,51,51,78,78,78,78,78,78,105,25,25,100,100,111,11,25,96,96,96,124,0,0,20,20,120,138,88,88,88,88],"floor_reached":52,"playtime":3834,"items_purged":["Strike_G","Pain","Strike_G","Strike_G"],"score":2006,"play_id":"81f7be21-db82-4e6b-8fe5-83a07b5ae88f","local_time":"20190511171444","is_ascension_mode":true,"campfire_choices":[{"data":"Cloak And Dagger","floor":11.0,"key":"SMITH"},{"data":"Footwork","floor":15.0,"key":"SMITH"},{"data":"A Thousand Cuts","floor":23.0,"key":"SMITH"},{"floor":25.0,"key":"REST"},{"floor":27.0,"key":"REST"},{"data":"Leg Sweep","floor":29.0,"key":"SMITH"},{"data":"Footwork","floor":32.0,"key":"SMITH"},{"floor":40.0,"key":"REST"},{"floor":45,"key":"REST"},{"floor":49,"key":"REST"}],"neow_cost":"NONE","seed_source_timestamp":87858721263,"circlet_count":0,"master_deck":["AscendersBane","Defend_G","Defend_G","Defend_G","Defend_G","Defend_G","Strike_G","Strike_G","Survivor","Neutralize","Bouncing Flask+1","Footwork+1","Dagger Throw","Bane","Cloak And Dagger+1","Poisoned Stab","A Thousand Cuts+1","Leg Sweep+1","Corpse Explosion","Backstab","Acrobatics","Footwork+1","A Thousand Cuts","Backstab","Noxious Fumes","Deflect+1","PiercingWail","PiercingWail","Catalyst"],"special_seed":0,"relics":["Ring of the Snake","NeowsBlessing","Kunai","Strawberry","Tiny Chest","The Courier","Odd Mushroom","Sozu","Art of War","Juzu Bracelet","Ancient Tea Set","Ninja Scroll","WarpedTongs","Prayer Wheel","Runic Pyramid","Smiling Mask","Red Mask","Centennial Puzzle","Du-Vu Doll"],"potions_floor_usage":[47],"damage_taken":[{"damage":0.0,"enemies":"Cultist","floor":1.0,"turns":1.0},{"damage":0.0,"enemies":"Lagavulin","floor":6.0,"turns":1.0},{"damage":0.0,"enemies":"Gremlin Nob","floor":8.0,"turns":1.0},{"damage":36.0,"enemies":"3 Sentries","floor":10.0,"turns":14.0},{"damage":0.0,"enemies":"Jaw Worm","floor":12.0,"turns":3.0},{"damage":0.0,"enemies":"Small Slimes","floor":13.0,"turns":4.0},{"damage":21.0,"enemies":"The Mushroom Lair","floor":14.0,"turns":4.0},{"damage":7.0,"enemies":"The Guardian","floor":16.0,"turns":12.0},{"damage":10.0,"enemies":"Chosen","floor":18.0,"turns":5.0},{"damage":15.0,"enemies":"Shell Parasite","floor":19.0,"turns":5.0},{"damage":32.0,"enemies":"Gremlin Leader","floor":24.0,"turns":7.0},{"damage":19.0,"enemies":"Slavers","floor":30.0,"turns":3.0},{"damage":0.0,"enemies":"Champ","floor":33.0,"turns":17.0},{"damage":38.0,"enemies":"3 Darklings","floor":35.0,"turns":3.0},{"damage":7.0,"enemies":"Orb Walker","floor":37.0,"turns":4.0},{"damage":13.0,"enemies":"Reptomancer","floor":41.0,"turns":7.0},{"damage":0,"enemies":"3 Darklings","floor":44,"turns":6},{"damage":1,"enemies":"Mind Bloom Boss Battle","floor":46,"turns":7},{"damage":34,"enemies":"Transient","floor":47,"turns":6},{"damage":8,"enemies":"Awakened One","floor":50,"turns":18},{"damage":30,"enemies":"Donu and Deca","floor":51,"turns":8}],"seed_played":"-1244652604085418898","potions_obtained":[{"floor":8.0,"key":"GamblersBrew"},{"floor":14.0,"key":"Block Potion"},{"floor":16.0,"key":"Fire Potion"}],"is_trial":false,"path_per_floor":["M","?","$","?","$","E","$","E","T","E","R","M","M","?","R","B",null,"M","M","$","?","?","R","E","R","T","R","?","R","E","$","R","B",null,"M","$","M","T","$","R","E","?","T","M","R","?","M","$","R","B","B",null],"character_chosen":"THE_SILENT","items_purchased":["Footwork","Dagger Throw","Art of War"],"campfire_rested":5,"item_purchase_floors":[3,3,20],"current_hp_per_floor":[59,59,59,64,64,64,64,71,71,35,35,35,35,14,14,7,60,50,35,35,35,51,51,19,42,42,65,65,65,46,46,46,46,70,32,32,25,25,25,48,35,35,35,35,58,57,23,23,46,38,8],"gold":88,"neow_bonus":"THREE_ENEMY_KILL","is_prod":false,"is_daily":false,"chose_seed":false,"campfire_upgraded":5,"win_rate":0,"timestamp":1557587684,"path_taken":["M","?","$","?","$","E","?","E","T","E","R","M","?","?","R","BOSS","M","M","$","?","?","R","E","R","T","R","?","R","E","$","R","BOSS","M","$","M","?","?","R","E","?","T","M","R","?","M","$","R","BOSS","BOSS"],"build_version":"2019-01-23","purchased_purges":4,"victory":true,"max_hp_per_floor":[66,66,66,71,71,71,71,78,78,78,78,78,78,78,78,78,78,78,78,78,78,78,78,78,78,78,78,78,78,78,78,78,78,78,78,78,78,78,78,78,78,78,78,78,78,78,78,78,78,78,78],"card_choices":[{"not_picked":["Deflect","Prepared"],"picked":"Bouncing Flask","floor":1.0},{"not_picked":["Quick Slash","Night Terror"],"picked":"Bane","floor":6.0},{"not_picked":["Quick Slash","Prepared"],"picked":"Cloak And Dagger","floor":8.0},{"not_picked":["Dodge and Roll","Escape Plan"],"picked":"Poisoned Stab","floor":10.0},{"not_picked":["PiercingWail","Masterful Stab"],"picked":"A Thousand Cuts","floor":12.0},{"not_picked":["Masterful Stab","Deadly Poison"],"picked":"Leg Sweep","floor":13.0},{"not_picked":["Adrenaline","Envenom"],"picked":"Corpse Explosion","floor":16.0},{"not_picked":["Sucker Punch","Accuracy"],"picked":"Backstab","floor":18.0},{"not_picked":["Flying Knee","All Out Attack"],"picked":"Acrobatics","floor":19.0},{"not_picked":["All Out Attack","Finisher","Slice"],"picked":"SKIP","floor":24.0},{"not_picked":["Bane","Prepared"],"picked":"Footwork","floor":30.0},{"not_picked":["Venomology","Doppelganger"],"picked":"A Thousand Cuts","floor":33.0},{"not_picked":["Deadly Poison+1","Sucker Punch"],"picked":"Backstab","floor":35.0},{"not_picked":["Dagger Throw","Heel Hook+1","Underhanded Strike"],"picked":"SKIP","floor":35.0},{"not_picked":["Leg Sweep","Quick Slash+1"],"picked":"Noxious Fumes","floor":37.0},{"not_picked":["Blade Dance","Sucker Punch","Prepared"],"picked":"SKIP","floor":37.0},{"not_picked":["Acrobatics+1","Deadly Poison+1"],"picked":"Deflect+1","floor":41.0},{"not_picked":["All Out Attack+1","Quick Slash","Blade Dance"],"picked":"SKIP","floor":44},{"not_picked":["Quick Slash","Dodge and Roll","Die Die Die"],"picked":"SKIP","floor":44},{"not_picked":["Prepared","Calculated Gamble+1"],"picked":"PiercingWail","floor":46},{"not_picked":["Acrobatics+1","Blade Dance"],"picked":"PiercingWail","floor":47},{"not_picked":["Dodge and Roll","Infinite Blades"],"picked":"Catalyst","floor":47}],"player_experience":2646461,"relics_obtained":[{"floor":6.0,"key":"Kunai"},{"floor":8.0,"key":"Strawberry"},{"floor":9.0,"key":"Tiny Chest"},{"floor":10.0,"key":"The Courier"},{"floor":14.0,"key":"Odd Mushroom"},{"floor":24.0,"key":"Ancient Tea Set"},{"floor":26.0,"key":"Ninja Scroll"},{"floor":30.0,"key":"Prayer Wheel"},{"floor":41.0,"key":"Smiling Mask"},{"floor":43.0,"key":"Centennial Puzzle"},{"floor":46,"key":"Du-Vu Doll"}],"event_choices":[{"damage_healed":0.0,"max_hp_gain":0.0,"max_hp_loss":0.0,"gold_gain":0.0,"event_name":"Living Wall","player_choice":"Grow","floor":2.0,"gold_loss":0.0,"damage_taken":0.0,"cards_upgraded":["Bouncing Flask"]},{"damage_healed":0.0,"max_hp_gain":5.0,"max_hp_loss":0.0,"gold_gain":0.0,"event_name":"Big Fish","player_choice":"Donut","floor":4.0,"gold_loss":0.0,"damage_taken":0.0},{"damage_healed":0.0,"max_hp_gain":0.0,"max_hp_loss":0.0,"gold_gain":0.0,"event_name":"Mushrooms","player_choice":"Fought Mushrooms","floor":14.0,"gold_loss":0.0,"damage_taken":0.0},{"damage_healed":0.0,"max_hp_gain":0.0,"max_hp_loss":0.0,"gold_gain":0.0,"event_name":"Addict","player_choice":"Obtained Relic","floor":21.0,"gold_loss":85.0,"damage_taken":0.0,"relics_obtained":["Juzu Bracelet"]},{"damage_healed":16.0,"max_hp_gain":0.0,"max_hp_loss":0.0,"gold_gain":0.0,"event_name":"The Library","player_choice":"Heal","floor":22.0,"gold_loss":0.0,"damage_taken":0.0},{"damage_healed":0.0,"max_hp_gain":0.0,"max_hp_loss":0.0,"gold_gain":0.0,"event_name":"Accursed Blacksmith","player_choice":"Rummage","floor":28.0,"gold_loss":0.0,"damage_taken":0.0,"relics_obtained":["WarpedTongs"],"cards_obtained":["Pain"]},{"damage_healed":0.0,"max_hp_gain":0.0,"max_hp_loss":0.0,"gold_gain":0.0,"event_name":"Tomb of Lord Red Mask","player_choice":"Paid","floor":42.0,"gold_loss":124.0,"damage_taken":0.0,"relics_obtained":["Red Mask"]},{"damage_healed":0,"gold_gain":0,"player_choice":"Fight","damage_taken":0,"max_hp_gain":0,"max_hp_loss":0,"event_name":"MindBloom","floor":46,"gold_loss":0}],"is_beta":false,"boss_relics":[{"not_picked":["Empty Cage","Pandora\u0027s Box"],"picked":"Sozu"},{"not_picked":["Lizard Tail","Velvet Choker"],"picked":"Runic Pyramid"}],"items_purged_floors":[20,31,36,48],"is_endless":false,"potions_floor_spawned":[8,14,16,18,19,33,37,44,46],"ascension_level":20}