{"gold_per_floor":[363,378,30,30,42,42,106,106,106,106,124,158,172,186,186,186],"floor_reached":16,"playtime":773,"items_purged":[],"score":224,"play_id":"3eeb0ff2-1d8d-42a6-b068-609c322a6e18","local_time":"20190310222747","is_ascension_mode":true,"campfire_choices":[{"data":"Whirlwind","floor":6,"key":"SMITH"},{"floor":8,"key":"REST"},{"data":"Corruption","floor":10,"key":"SMITH"},{"data":"Bash","floor":15,"key":"SMITH"}],"neow_cost":"PERCENT_DAMAGE","seed_source_timestamp":106522838471369,"circlet_count":0,"master_deck":["AscendersBane","Strike_R","Strike_R","Strike_R","Strike_R","Defend_R","Defend_R","Defend_R","Defend_R","Bash+1","Corruption+1","Rampage","Whirlwind+1","Evolve","Flex","Flex","Double Tap","Clothesline","Ghostly Armor","Sentinel"],"relics":["Burning Blood","Gremlin Horn","Tiny Chest","Question Card","Pantograph"],"potions_floor_usage":[5,7,14],"damage_taken":[{"damage":1,"enemies":"Cultist","floor":1,"turns":3},{"damage":5,"enemies":"2 Louse","floor":2,"turns":3},{"damage":0,"enemies":"Small Slimes","floor":5,"turns":3},{"damage":31,"enemies":"Gremlin Nob","floor":7,"turns":4},{"damage":21,"enemies":"Blue Slaver","floor":11,"turns":4},{"damage":35,"enemies":"3 Sentries","floor":12,"turns":6},{"damage":12,"enemies":"Looter","floor":13,"turns":4},{"damage":1,"enemies":"2 Fungi Beasts","floor":14,"turns":3},{"damage":43,"enemies":"The Guardian","floor":16,"turns":6}],"seed_played":"-4038716647912599712","potions_obtained":[{"floor":2,"key":"Poison Potion"},{"floor":5,"key":"Strength Potion"},{"floor":13,"key":"Explosive Potion"},{"floor":14,"key":"Ancient Potion"}],"is_trial":false,"path_per_floor":["M","M","$","?","M","R","E","R","T","R","M","E","M","M","R","B"],"character_chosen":"IRONCLAD","items_purchased":["Gremlin Horn","Whirlwind"],"campfire_rested":1,"item_purchase_floors":[3,3],"current_hp_per_floor":[55,56,56,56,62,62,37,59,59,59,44,15,9,14,14,0],"gold":186,"neow_bonus":"TWO_FIFTY_GOLD","is_prod":false,"is_daily":false,"chose_seed":false,"campfire_upgraded":3,"win_rate":0,"timestamp":1552253267,"path_taken":["M","M","$","?","M","R","E","R","T","R","M","E","M","M","R","BOSS"],"build_version":"2019-01-23","purchased_purges":0,"victory":false,"max_hp_per_floor":[75,75,75,75,75,75,75,75,75,75,75,75,75,75,75,75],"card_choices":[{"not_picked":["Thunderclap","Headbutt"],"picked":"Corruption","floor":1},{"not_picked":["Iron Wave","Disarm"],"picked":"Rampage","floor":2},{"not_picked":["Metallicize","True Grit"],"picked":"Flex","floor":5},{"not_picked":["Warcry","Anger"],"picked":"Flex","floor":7},{"not_picked":["Sword Boomerang","Heavy Blade","Clothesline"],"picked":"Double Tap","floor":11},{"not_picked":["Headbutt","Barricade","Wild Strike"],"picked":"Clothesline","floor":12},{"not_picked":["Sword Boomerang","Havoc","Hemokinesis"],"picked":"Ghostly Armor","floor":13},{"not_picked":["Headbutt","Pummel","Fire Breathing"],"picked":"Sentinel","floor":14}],"player_experience":1991962,"relics_obtained":[{"floor":7,"key":"Tiny Chest"},{"floor":9,"key":"Question Card"},{"floor":12,"key":"Pantograph"}],"event_choices":[{"damage_healed":0,"gold_gain":0,"cards_transformed":["Strike_R"],"player_choice":"Transformed","damage_taken":0,"max_hp_gain":0,"max_hp_loss":0,"event_name":"Transmorgrifier","floor":4,"gold_loss":0,"cards_obtained":["Evolve"]}],"is_beta":false,"boss_relics":[],"items_purged_floors":[],"is_endless":false,"potions_floor_spawned":[2,5,13,14],"killed_by":"The Guardian","ascension_level":20}