{"gold_per_floor":[360,360,360,37,56,84,84,49,119,133,168,186,186,197,197,197],"floor_reached":16,"playtime":1462,"items_purged":["Decay"],"score":116,"play_id":"098c36c4-5fde-478c-94a9-2c3e143fa1f4","local_time":"20190504103254","is_ascension_mode":true,"campfire_choices":[{"data":"Havoc","floor":7,"key":"SMITH"},{"data":"Uppercut","floor":13,"key":"SMITH"},{"floor":15,"key":"REST"}],"neow_cost":"CURSE","seed_source_timestamp":835100034100,"circlet_count":0,"master_deck":["Strike_R","Strike_R+1","Strike_R","Strike_R","Strike_R","Defend_R","Defend_R","Defend_R","Defend_R","Bash+1","Havoc+1","Uppercut+1","Burning Pact"],"relics":["Burning Blood","Anchor","Strange Spoon","Paper Frog","Sundial","Art of War"],"potions_floor_usage":[6,11,16,16],"damage_taken":[{"damage":17,"enemies":"Jaw Worm","floor":1,"turns":4},{"damage":0,"enemies":"Small Slimes","floor":5,"turns":3},{"damage":42,"enemies":"Lagavulin","floor":6,"turns":8},{"damage":0,"enemies":"Cultist","floor":10,"turns":2},{"damage":27,"enemies":"3 Sentries","floor":11,"turns":8},{"damage":0,"enemies":"Looter","floor":12,"turns":3},{"damage":1,"enemies":"Large Slime","floor":14,"turns":4},{"damage":61,"enemies":"Slime Boss","floor":16,"turns":8}],"seed_played":"2586746504626026042","potions_obtained":[{"floor":1,"key":"AttackPotion"},{"floor":5,"key":"PowerPotion"},{"floor":10,"key":"Dexterity Potion"},{"floor":12,"key":"Energy Potion"}],"is_trial":false,"path_per_floor":["M","?","?","$","M","E","R","?","T","M","E","M","R","M","R","B"],"character_chosen":"IRONCLAD","items_purchased":["Strange Spoon","Havoc"],"campfire_rested":1,"item_purchase_floors":[4,4],"current_hp_per_floor":[69,53,50,50,56,20,20,40,40,46,25,31,31,36,60,0],"gold":197,"neow_bonus":"TWO_FIFTY_GOLD","is_prod":false,"is_daily":false,"chose_seed":false,"campfire_upgraded":2,"win_rate":0,"timestamp":1556958774,"path_taken":["M","?","?","$","M","E","R","?","T","M","E","M","R","M","R","BOSS"],"build_version":"2019-01-23","purchased_purges":1,"victory":false,"max_hp_per_floor":[80,80,80,80,80,80,80,80,80,80,80,80,80,80,80,80],"card_choices":[{"not_picked":["Havoc","Wild Strike","Burning Pact"],"picked":"SKIP","floor":1},{"not_picked":["Iron Wave","Clothesline","Power Through"],"picked":"SKIP","floor":5},{"not_picked":["Metallicize","Pummel","Double Tap"],"picked":"SKIP","floor":6},{"not_picked":["Flex","Anger"],"picked":"Uppercut","floor":10},{"not_picked":["Sword Boomerang","Wild Strike"],"picked":"Burning Pact","floor":11},{"not_picked":["Clash","Pommel Strike","Body Slam"],"picked":"SKIP","floor":12},{"not_picked":["Rampage","Corruption","Dropkick"],"picked":"SKIP","floor":14}],"player_experience":242856,"relics_obtained":[{"floor":6,"key":"Paper Frog"},{"floor":9,"key":"Sundial"},{"floor":11,"key":"Art of War"}],"event_choices":[{"damage_healed":0,"gold_gain":0,"player_choice":"Entered Light","damage_taken":16,"max_hp_gain":0,"max_hp_loss":0,"event_name":"Shining Light","floor":2,"gold_loss":0,"cards_upgraded":["Strike_R","Bash"]},{"damage_healed":0,"gold_gain":0,"player_choice":"Success","damage_taken":3,"relics_obtained":["Anchor"],"max_hp_gain":0,"max_hp_loss":0,"event_name":"Scrap Ooze","floor":3,"gold_loss":0},{"damage_healed":20,"gold_gain":0,"player_choice":"Healed","damage_taken":0,"max_hp_gain":0,"max_hp_loss":0,"event_name":"The Cleric","floor":8,"gold_loss":35}],"is_beta":false,"boss_relics":[],"items_purged_floors":[4],"is_endless":false,"potions_floor_spawned":[1,5,10,12],"killed_by":"Slime Boss","ascension_level":1}