{"gold_per_floor":[109,125,140,156,156,156,173,173,196,196,196,239,259,274,274,365,365,384,400,400,270,284,284,309,309,309,309,343,154,154,205,205,301,301,316,191,206,42,67,67,101,101,126,126,167,17,17,35,35,35,35],"floor_reached":52,"playtime":2435,"items_purged":["Strike_G","Strike_G","Strike_G","Strike_G"],"score":2160,"play_id":"32e5099b-91f1-4197-ac1a-2f0330905e79","local_time":"20181003051349","is_ascension_mode":true,"campfire_choices":[{"data":"Catalyst","floor":6.0,"key":"SMITH"},{"data":"Noxious Fumes","floor":8.0,"key":"SMITH"},{"data":"Bouncing Flask","floor":10.0,"key":"SMITH"},{"data":"Bouncing Flask","floor":15.0,"key":"SMITH"},{"data":"Bouncing Flask","floor":23.0,"key":"SMITH"},{"data":"Catalyst","floor":25.0,"key":"SMITH"},{"data":"Acrobatics","floor":27.0,"key":"SMITH"},{"data":"Footwork","floor":30.0,"key":"SMITH"},{"data":"Neutralize","floor":32.0,"key":"SMITH"},{"data":"Neutralize","floor":40.0,"key":"SMITH"},{"data":"Wraith Form v2","floor":42.0,"key":"SMITH"},{"data":"Tactician","floor":49.0,"key":"SMITH"}],"neow_cost":"NONE","seed_source_timestamp":0,"circlet_count":0,"master_deck":["Defend_G","Defend_G","Defend_G","Defend_G","Defend_G+1","Survivor","Neutralize+1","AscendersBane","Bouncing Flask+1","Bouncing Flask+1","Catalyst+1","Acrobatics+1","Bullet Time","Neutralize+1","Noxious Fumes+1","Bouncing Flask+1","Backflip+1","Backflip+1","Catalyst+1","Blur","Footwork+1","Night Terror","Dash+1","Tactician+1","Wraith Form v2+1"],"special_seed":0,"relics":["Orrery","Anchor","Golden Idol","Bronze Scales","Snecko Eye","StoneCalendar","War Paint","Blood Vial","HoveringKite","Oddly Smooth Stone","Boot","Centennial Puzzle","Dream Catcher"],"potions_floor_usage":[],"damage_taken":[{"damage":4.0,"enemies":"Jaw Worm","floor":1.0,"turns":3.0},{"damage":0.0,"enemies":"Cultist","floor":2.0,"turns":3.0},{"damage":4.0,"enemies":"2 Louse","floor":3.0,"turns":3.0},{"damage":11.0,"enemies":"Blue Slaver","floor":4.0,"turns":3.0},{"damage":0.0,"enemies":"Red Slaver","floor":7.0,"turns":3.0},{"damage":12.0,"enemies":"Lagavulin","floor":12.0,"turns":5.0},{"damage":0.0,"enemies":"Looter","floor":13.0,"turns":2.0},{"damage":0.0,"enemies":"2 Fungi Beasts","floor":14.0,"turns":3.0},{"damage":0.0,"enemies":"Slime Boss","floor":16.0,"turns":5.0},{"damage":9.0,"enemies":"Chosen","floor":18.0,"turns":3.0},{"damage":0.0,"enemies":"Shell Parasite","floor":19.0,"turns":2.0},{"damage":6.0,"enemies":"3 Cultists","floor":22.0,"turns":5.0},{"damage":0.0,"enemies":"Snake Plant","floor":24.0,"turns":1.0},{"damage":11.0,"enemies":"Book of Stabbing","floor":28.0,"turns":3.0},{"damage":26.0,"enemies":"Collector","floor":33.0,"turns":7.0},{"damage":0.0,"enemies":"3 Shapes","floor":35.0,"turns":3.0},{"damage":0.0,"enemies":"3 Darklings","floor":37.0,"turns":6.0},{"damage":0.0,"enemies":"Spire Growth","floor":39.0,"turns":2.0},{"damage":0.0,"enemies":"2 Orb Walkers","floor":41.0,"turns":3.0},{"damage":0.0,"enemies":"Nemesis","floor":45.0,"turns":3.0},{"damage":0.0,"enemies":"Maw","floor":48.0,"turns":4.0},{"damage":0.0,"enemies":"Time Eater","floor":50.0,"turns":4.0},{"damage":19,"enemies":"Awakened One","floor":51,"turns":14}],"seed_played":"-2181269030125079607","potions_obtained":[{"floor":1.0,"key":"Block Potion"},{"floor":4.0,"key":"Swift Potion"},{"floor":7.0,"key":"FearPotion"},{"floor":24.0,"key":"Poison Potion"},{"floor":33.0,"key":"Fire Potion"},{"floor":35.0,"key":"SteroidPotion"},{"floor":39.0,"key":"Fire Potion"},{"floor":45.0,"key":"FairyPotion"}],"is_trial":false,"path_per_floor":["M","M","M","M","?","R","M","R","T","R","?","E","M","M","R","B",null,"M","M","?","$","M","R","M","R","T","R","E","$","R","T","R","B",null,"M","$","M","$","M","R","E","R","T","?","E","$","?","M","R","B","B"],"character_chosen":"THE_SILENT","items_purchased":["Backflip","Footwork","Oddly Smooth Stone"],"campfire_rested":0,"item_purchase_floors":[21,29,38],"current_hp_per_floor":[55,55,51,40,40,40,40,40,40,40,40,28,28,28,28,28,52,43,43,43,43,37,37,37,37,37,37,26,26,26,26,26,2,46,48,48,50,50,52,52,54,54,54,54,56,56,56,58,58,60,41],"gold":35,"neow_bonus":"BOSS_RELIC","is_prod":false,"is_daily":false,"chose_seed":true,"campfire_upgraded":12,"win_rate":0,"timestamp":1538536429,"path_taken":["M","M","M","M","?","R","M","R","T","R","?","E","?","?","R","BOSS","M","?","?","$","M","R","M","R","T","R","E","$","R","?","R","BOSS","M","$","M","$","M","R","E","R","T","?","E","$","?","M","R","BOSS","BOSS"],"build_version":"2018-10-01","purchased_purges":4,"victory":true,"max_hp_per_floor":[66,66,66,66,66,66,66,66,66,66,60,60,60,60,60,60,60,60,60,60,60,60,60,60,60,60,60,60,60,60,60,60,60,60,60,60,60,60,60,60,60,60,60,60,60,60,60,60,60,60,60],"card_choices":[{"not_picked":["Blade Dance","Dagger Throw"],"picked":"Bouncing Flask","floor":0.0},{"not_picked":["PiercingWail","Predator"],"picked":"Bouncing Flask","floor":0.0},{"not_picked":["Dagger Spray","Crippling Poison"],"picked":"Catalyst","floor":1.0},{"not_picked":["Slice","Flying Knee","Prepared"],"picked":"SKIP","floor":2.0},{"not_picked":["Finisher","Bane"],"picked":"Acrobatics","floor":3.0},{"not_picked":["Choke","Bane"],"picked":"Bullet Time","floor":4.0},{"not_picked":["Deadly Poison","Expertise"],"picked":"Bouncing Flask","floor":7.0},{"not_picked":["Well Laid Plans","Infinite Blades","Cloak And Dagger"],"picked":"SKIP","floor":12.0},{"not_picked":["Poisoned Stab","Blade Dance","Deadly Poison"],"picked":"SKIP","floor":13.0},{"not_picked":["Quick Slash","Dagger Spray","Flechettes"],"picked":"SKIP","floor":14.0},{"not_picked":["Acrobatics","Blade Dance","Poisoned Stab"],"picked":"SKIP","floor":18.0},{"not_picked":["Dagger Throw+1","Tactician"],"picked":"Backflip+1","floor":19.0},{"not_picked":["Choke","Deadly Poison","Finisher"],"picked":"SKIP","floor":22.0},{"not_picked":["Heel Hook+1","PiercingWail"],"picked":"Catalyst","floor":24.0},{"not_picked":["Riddle With Holes","Deflect"],"picked":"Blur","floor":28.0},{"not_picked":["Phantasmal Killer","Venomology"],"picked":"Night Terror","floor":33.0},{"not_picked":["Flechettes","Prepared+1"],"picked":"Dash+1","floor":35.0},{"not_picked":["Dagger Throw","Deadly Poison","Prepared"],"picked":"SKIP","floor":37.0},{"not_picked":["Prepared","Tactician","Deadly Poison"],"picked":"SKIP","floor":39.0},{"not_picked":["Prepared","Deadly Poison"],"picked":"Tactician","floor":39.0},{"not_picked":["Acrobatics","Bouncing Flask"],"picked":"Wraith Form v2","floor":41.0},{"not_picked":["Caltrops","Dagger Throw","Skewer"],"picked":"SKIP","floor":45.0},{"not_picked":["Blade Dance+1","Deadly Poison","Quick Slash"],"picked":"SKIP","floor":48.0}],"player_experience":989637,"relics_obtained":[{"floor":9.0,"key":"Anchor"},{"floor":12.0,"key":"Bronze Scales"},{"floor":26.0,"key":"StoneCalendar"},{"floor":28.0,"key":"War Paint"},{"floor":31.0,"key":"Blood Vial"},{"floor":41.0,"key":"Boot"},{"floor":43.0,"key":"Centennial Puzzle"},{"floor":45.0,"key":"Dream Catcher"}],"event_choices":[{"event_name":"Match and Keep!","player_choice":"2 cards matched","floor":5.0,"damage_taken":0.0},{"event_name":"Golden Idol","player_choice":"Lose Max HP","floor":11.0,"damage_taken":0.0},{"event_name":"Cursed Tome","player_choice":"Ignored","floor":20.0,"damage_taken":0.0},{"event_name":"Bonfire Elementals","player_choice":"BASIC","floor":44.0,"damage_taken":0.0},{"event_name":"WeMeetAgain","player_choice":"Attack","floor":47.0,"damage_taken":0.0}],"is_beta":true,"boss_relics":[{"not_picked":["Fusion Hammer","Eternal Feather"],"picked":"Snecko Eye"},{"not_picked":["Runic Pyramid","Tiny House"],"picked":"HoveringKite"}],"items_purged_floors":[21,29,36,46],"is_endless":false,"potions_floor_spawned":[1,4,7,19,24,33,35,39,45],"ascension_level":20}