{"gold_per_floor":[113,125,139,157,20,20,49,121,121,121,121],"floor_reached":11,"playtime":731,"items_purged":[],"score":146,"play_id":"c21e03b9-3df3-4ee7-b607-77a58988ccdb","local_time":"20190305202235","is_ascension_mode":true,"campfire_choices":[{"data":"Dark Embrace","floor":6,"key":"SMITH"},{"floor":10,"key":"REST"}],"neow_cost":"NONE","seed_source_timestamp":1204796865237468,"circlet_count":0,"master_deck":["AscendersBane","Strike_R","Strike_R","Strike_R","Strike_R","Strike_R","Defend_R","Defend_R","Defend_R","Defend_R","Bash+1","Feel No Pain","Reckless Charge","Shockwave","Dark Embrace+1","Offering","Burning Pact"],"relics":["Burning Blood","Pantograph","Thread and Needle"],"potions_floor_usage":[7,11],"damage_taken":[{"damage":5,"enemies":"Small Slimes","floor":1,"turns":4},{"damage":11,"enemies":"Jaw Worm","floor":2,"turns":3},{"damage":6,"enemies":"Cultist","floor":3,"turns":4},{"damage":28,"enemies":"Exordium Thugs","floor":4,"turns":7},{"damage":35,"enemies":"Gremlin Nob","floor":7,"turns":4},{"damage":53,"enemies":"Lagavulin","floor":11,"turns":9}],"seed_played":"378901210233723728","potions_obtained":[{"floor":3,"key":"Dexterity Potion"},{"floor":7,"key":"LiquidBronze"}],"is_trial":false,"path_per_floor":["M","M","M","M","$","R","E","?","T","R","E"],"character_chosen":"IRONCLAD","items_purchased":["Offering","Strength Potion"],"campfire_rested":1,"item_purchase_floors":[5,5],"current_hp_per_floor":[69,64,64,42,42,42,13,13,13,35,0],"gold":121,"neow_bonus":"UPGRADE_CARD","is_prod":false,"is_daily":false,"chose_seed":false,"campfire_upgraded":1,"win_rate":0,"timestamp":1551813755,"path_taken":["M","M","M","M","$","R","E","?","T","R","E"],"build_version":"2019-01-23","purchased_purges":0,"victory":false,"max_hp_per_floor":[75,75,75,75,75,75,75,75,75,75,75],"card_choices":[{"not_picked":["Pommel Strike","Clothesline"],"picked":"Feel No Pain","floor":1},{"not_picked":["Body Slam","Sentinel"],"picked":"Reckless Charge","floor":2},{"not_picked":["Power Through","Flex"],"picked":"Shockwave","floor":3},{"not_picked":["Anger","Thunderclap"],"picked":"Dark Embrace","floor":4},{"not_picked":["Clothesline","Shrug It Off"],"picked":"Burning Pact","floor":7}],"player_experience":1894833,"relics_obtained":[{"floor":7,"key":"Pantograph"},{"floor":9,"key":"Thread and Needle"}],"event_choices":[{"damage_healed":0,"gold_gain":72,"player_choice":"Gained Gold","damage_taken":0,"max_hp_gain":0,"max_hp_loss":0,"event_name":"Golden Wing","floor":8,"gold_loss":0}],"is_beta":false,"boss_relics":[],"items_purged_floors":[],"is_endless":false,"potions_floor_spawned":[3,7],"killed_by":"Lagavulin","ascension_level":20}