{"gold_per_floor":[12,22,32,46,46,46,64,390,466,466],"floor_reached":10,"playtime":486,"items_purged":[],"score":140,"play_id":"e8755d08-3261-47c2-86ef-38eaab2cb99b","local_time":"20190410152931","is_ascension_mode":true,"campfire_choices":[{"data":"Uppercut","floor":6,"key":"SMITH"}],"neow_cost":"NO_GOLD","seed_source_timestamp":66278994720212,"circlet_count":0,"master_deck":["AscendersBane","Strike_R","Strike_R","Strike_R","Strike_R","Defend_R","Defend_R","Defend_R","Bash","Rampage","Dark Embrace","Uppercut+1","Headbutt","Shrug It Off","Burning Pact","Flame Barrier","Flex"],"relics":["Burning Blood","Sundial","Old Coin","Pear"],"potions_floor_usage":[4,8],"damage_taken":[{"damage":1,"enemies":"Cultist","floor":1,"turns":3},{"damage":2,"enemies":"2 Louse","floor":2,"turns":3},{"damage":12,"enemies":"Jaw Worm","floor":3,"turns":3},{"damage":14,"enemies":"Lots of Slimes","floor":4,"turns":5},{"damage":32,"enemies":"Exordium Thugs","floor":7,"turns":4},{"damage":29,"enemies":"Gremlin Nob","floor":8,"turns":4},{"damage":18,"enemies":"Red Slaver","floor":10,"turns":3}],"seed_played":"6264251642482183286","potions_obtained":[{"floor":2,"key":"FearPotion"},{"floor":3,"key":"LiquidBronze"}],"is_trial":false,"path_per_floor":["M","M","M","M","?","R","M","E","T","M"],"character_chosen":"IRONCLAD","items_purchased":[],"campfire_rested":0,"item_purchase_floors":[],"current_hp_per_floor":[73,75,69,61,56,56,30,7,17,0],"gold":466,"neow_bonus":"TRANSFORM_TWO_CARDS","is_prod":false,"is_daily":false,"chose_seed":false,"campfire_upgraded":1,"win_rate":0,"timestamp":1554902971,"path_taken":["M","M","?","M","?","R","M","E","T","M"],"build_version":"2019-01-23","purchased_purges":0,"victory":false,"max_hp_per_floor":[75,75,75,75,75,75,75,75,85,85],"card_choices":[{"not_picked":["Warcry","Reckless Charge"],"picked":"Uppercut","floor":1},{"not_picked":["Sword Boomerang","Armaments"],"picked":"Headbutt","floor":2},{"not_picked":["Cleave","Sword Boomerang"],"picked":"Shrug It Off","floor":3},{"not_picked":["Bloodletting","Shrug It Off"],"picked":"Burning Pact","floor":4},{"not_picked":["Hemokinesis","Whirlwind"],"picked":"Flame Barrier","floor":7},{"not_picked":["Wild Strike","True Grit"],"picked":"Flex","floor":8}],"player_experience":2465823,"relics_obtained":[{"floor":8,"key":"Old Coin"},{"floor":9,"key":"Pear"}],"event_choices":[{"damage_healed":0,"gold_gain":0,"player_choice":"Success","damage_taken":5,"relics_obtained":["Sundial"],"max_hp_gain":0,"max_hp_loss":0,"event_name":"Scrap Ooze","floor":5,"gold_loss":0}],"is_beta":false,"boss_relics":[],"items_purged_floors":[],"is_endless":false,"potions_floor_spawned":[2,3],"killed_by":"Red Slaver","ascension_level":20}