{"gold_per_floor":[110,122,141,151,76,76,104,104,104,29,29,49,83,99,99,174,174,194,464,484,495,28,28,57,57,57,84,44,64,64,76,76,154,154,169,219,239,289,309,309,341,341,341,356,356,386,386,84,84,84,84,84,84,6,33,33],"floor_reached":57,"playtime":4633,"items_purged":["Strike_G","Strike_G"],"score":2770,"play_id":"5b0cbdf8-d7f3-46f1-82bc-aa3ae78a197c","local_time":"20190112151526","is_ascension_mode":true,"campfire_choices":[{"data":"Skewer","floor":6.0,"key":"SMITH"},{"data":"Neutralize","floor":8.0,"key":"SMITH"},{"data":"Backflip","floor":15.0,"key":"SMITH"},{"floor":23.0,"key":"REST"},{"data":"Footwork","floor":25.0,"key":"SMITH"},{"data":"Infinite Blades","floor":30.0,"key":"SMITH"},{"data":"Survivor","floor":32.0,"key":"SMITH"},{"data":"After Image","floor":40.0,"key":"SMITH"},{"floor":42.0,"key":"RECALL"},{"data":"Wraith Form v2","floor":49.0,"key":"SMITH"},{"data":"Leg Sweep","floor":53.0,"key":"SMITH"}],"neow_cost":"NONE","seed_source_timestamp":52041577925831,"circlet_count":0,"master_deck":["AscendersBane","Defend_G","Defend_G","Defend_G","Defend_G","Strike_G","Strike_G+1","Survivor+1","Neutralize+1","Skewer+1","Backstab+1","PiercingWail","Backflip+1","Backstab","Well Laid Plans","PiercingWail","Endless Agony","Backstab","Footwork+1","PiercingWail","Infinite Blades+1","Cloak And Dagger+1","Acrobatics","After Image+1","Blade Dance+1","Concentrate+1","Wraith Form v2+1","Jack Of All Trades","Blind","Trip","Leg Sweep+1"],"special_seed":0,"relics":["Philosopher\u0027s Stone","Boot","Pantograph","Dead Branch","Runic Dome","Chemical X","Anchor","Lantern","Letter Opener","Gremlin Horn","WristBlade","Smiling Mask","Juzu Bracelet","Bronze Scales","Whetstone"],"potions_floor_usage":[56,56],"damage_taken":[{"damage":3.0,"enemies":"Jaw Worm","floor":1.0,"turns":4.0},{"damage":0.0,"enemies":"Cultist","floor":2.0,"turns":3.0},{"damage":0.0,"enemies":"2 Louse","floor":3.0,"turns":2.0},{"damage":5.0,"enemies":"Lots of Slimes","floor":4.0,"turns":5.0},{"damage":8.0,"enemies":"Lagavulin","floor":7.0,"turns":7.0},{"damage":0.0,"enemies":"2 Fungi Beasts","floor":12.0,"turns":2.0},{"damage":13.0,"enemies":"Gremlin Nob","floor":13.0,"turns":4.0},{"damage":0.0,"enemies":"3 Louse","floor":14.0,"turns":2.0},{"damage":38.0,"enemies":"Slime Boss","floor":16.0,"turns":10.0},{"damage":2.0,"enemies":"3 Byrds","floor":18.0,"turns":3.0},{"damage":1.0,"enemies":"Shell Parasite","floor":20.0,"turns":2.0},{"damage":1.0,"enemies":"3 Cultists","floor":21.0,"turns":5.0},{"damage":5.0,"enemies":"Slavers","floor":24.0,"turns":6.0},{"damage":0.0,"enemies":"Gremlin Leader","floor":27.0,"turns":3.0},{"damage":0.0,"enemies":"Snecko","floor":29.0,"turns":2.0},{"damage":4.0,"enemies":"Centurion and Healer","floor":31.0,"turns":3.0},{"damage":24.0,"enemies":"Champ","floor":33.0,"turns":7.0},{"damage":0.0,"enemies":"3 Darklings","floor":35.0,"turns":2.0},{"damage":0.0,"enemies":"Orb Walker","floor":37.0,"turns":2.0},{"damage":11.0,"enemies":"Writhing Mass","floor":39.0,"turns":5.0},{"damage":4.0,"enemies":"Giant Head","floor":41.0,"turns":8.0},{"damage":0.0,"enemies":"4 Shapes","floor":44.0,"turns":2.0},{"damage":3.0,"enemies":"Nemesis","floor":46.0,"turns":3.0},{"damage":20.0,"enemies":"Time Eater","floor":50.0,"turns":10.0},{"damage":32.0,"enemies":"Donu and Deca","floor":51.0,"turns":7.0},{"damage":0.0,"enemies":"Shield and Spear","floor":55.0,"turns":5.0},{"damage":7,"enemies":"The Heart","floor":56,"turns":8}],"seed_played":"-8919010212151363683","potions_obtained":[{"floor":1.0,"key":"GhostInAJar"},{"floor":2.0,"key":"Fire Potion"},{"floor":4.0,"key":"SpeedPotion"},{"floor":13.0,"key":"EssenceOfSteel"},{"floor":14.0,"key":"LiquidBronze"},{"floor":21.0,"key":"SpeedPotion"},{"floor":24.0,"key":"PowerPotion"},{"floor":44.0,"key":"SkillPotion"}],"is_trial":false,"path_per_floor":["M","M","M","M","?","R","E","R","T","$","$","M","E","M","R","B",null,"M","?","M","M","$","R","E","R","T","E","$","M","R","M","R","B",null,"M","?","M","?","M","R","E","R","T","M","?","E","?","$","R","B","B",null,"R","$","E","B",null],"character_chosen":"THE_SILENT","items_purchased":["Chemical X","Footwork","Anchor","PiercingWail","Infinite Blades","Bronze Scales","Leg Sweep","GamblersBrew"],"campfire_rested":1,"item_purchase_floors":[22,22,22,22,28,48,48,54],"current_hp_per_floor":[56,56,56,51,51,51,43,43,43,43,43,43,30,30,30,17,54,52,28,27,26,26,45,40,40,40,40,40,40,40,36,36,37,59,59,53,53,53,42,42,38,38,38,38,38,35,25,25,25,30,23,55,55,55,55,59],"gold":33,"neow_bonus":"BOSS_RELIC","is_prod":false,"is_daily":false,"chose_seed":false,"campfire_upgraded":9,"win_rate":0,"timestamp":1547302526,"path_taken":["M","M","M","M","?","R","E","R","T","?","$","M","E","M","R","BOSS","M","?","M","?","$","R","E","R","T","E","$","M","R","M","R","BOSS","M","?","?","?","?","R","E","R","T","M","?","E","?","$","R","BOSS","BOSS","R","$","E","BOSS"],"build_version":"2019-01-10","purchased_purges":2,"victory":true,"max_hp_per_floor":[66,66,66,66,66,66,66,66,66,66,66,66,66,66,66,66,66,66,66,66,66,66,66,66,66,66,66,66,66,66,66,66,66,66,66,66,66,66,66,66,66,66,66,66,66,66,66,66,66,66,66,66,66,66,66,66],"card_choices":[{"not_picked":["Catalyst","Leg Sweep"],"picked":"Skewer","floor":1.0},{"not_picked":["Dagger Spray","Flying Knee"],"picked":"Backstab","floor":2.0},{"not_picked":["Poisoned Stab","Riddle With Holes","Flying Knee"],"picked":"SKIP","floor":3.0},{"not_picked":["Dagger Throw","Bane"],"picked":"PiercingWail","floor":4.0},{"not_picked":["Slice","Caltrops","Catalyst"],"picked":"SKIP","floor":7.0},{"not_picked":["Dodge and Roll","Dagger Throw"],"picked":"Backflip","floor":12.0},{"not_picked":["Adrenaline","Accuracy"],"picked":"Backstab","floor":13.0},{"not_picked":["Acrobatics","Poisoned Stab"],"picked":"Well Laid Plans","floor":14.0},{"not_picked":["Bouncing Flask","Dagger Throw"],"picked":"PiercingWail","floor":18.0},{"not_picked":["Riddle With Holes","PiercingWail"],"picked":"Endless Agony","floor":20.0},{"not_picked":["Dagger Spray","Prepared"],"picked":"Backstab","floor":21.0},{"not_picked":["Choke","Quick Slash","Flechettes"],"picked":"SKIP","floor":24.0},{"not_picked":["Deadly Poison","Finisher","Catalyst"],"picked":"SKIP","floor":27.0},{"not_picked":["Quick Slash+1","Blade Dance"],"picked":"Cloak And Dagger+1","floor":29.0},{"not_picked":["Accuracy","Poisoned Stab"],"picked":"Acrobatics","floor":31.0},{"not_picked":["Adrenaline","Venomology"],"picked":"After Image","floor":33.0},{"not_picked":["Cloak And Dagger","Prepared"],"picked":"Blade Dance+1","floor":35.0},{"not_picked":["Deflect","Poisoned Stab","Prepared"],"picked":"SKIP","floor":37.0},{"not_picked":["Deadly Poison+1","Poisoned Stab","Acrobatics"],"picked":"SKIP","floor":39.0},{"not_picked":["Acrobatics+1","Dagger Throw"],"picked":"Concentrate+1","floor":41.0},{"not_picked":["Accuracy","Riddle With Holes+1","Escape Plan"],"picked":"SKIP","floor":44.0},{"not_picked":["Skewer","Masterful Stab"],"picked":"Wraith Form v2","floor":46.0},{"not_picked":["Enlightenment","Violence"],"picked":"Jack Of All Trades","floor":47.0},{"not_picked":["Deep Breath","Dramatic Entrance"],"picked":"Blind","floor":47.0},{"not_picked":["PanicButton","HandOfGreed"],"picked":"Trip","floor":47.0},{"not_picked":["Sucker Punch","Tactician","Dodge and Roll"],"picked":"SKIP","floor":55.0}],"player_experience":1158227,"relics_obtained":[{"floor":7.0,"key":"Boot"},{"floor":9.0,"key":"Pantograph"},{"floor":13.0,"key":"Dead Branch"},{"floor":24.0,"key":"Lantern"},{"floor":26.0,"key":"Letter Opener"},{"floor":27.0,"key":"Gremlin Horn"},{"floor":41.0,"key":"Smiling Mask"},{"floor":46.0,"key":"Juzu Bracelet"},{"floor":55.0,"key":"Whetstone"}],"event_choices":[{"cards_removed":["Strike_G"],"damage_healed":0.0,"max_hp_gain":0.0,"max_hp_loss":0.0,"gold_gain":0.0,"event_name":"The Cleric","player_choice":"Card Removal","floor":5.0,"gold_loss":75.0,"damage_taken":0.0},{"damage_healed":0.0,"max_hp_gain":0.0,"max_hp_loss":0.0,"gold_gain":270.0,"event_name":"Knowing Skull","player_choice":"GOLD GOLD GOLD ","floor":19.0,"potions_obtained":[],"gold_loss":0.0,"damage_taken":24.0,"cards_obtained":[]},{"damage_healed":0.0,"max_hp_gain":0.0,"max_hp_loss":0.0,"gold_gain":50.0,"event_name":"FaceTrader","player_choice":"Touch","floor":36.0,"gold_loss":0.0,"damage_taken":6.0},{"damage_healed":0.0,"max_hp_gain":0.0,"max_hp_loss":0.0,"gold_gain":50.0,"event_name":"Golden Shrine","player_choice":"Pray","floor":38.0,"gold_loss":0.0,"damage_taken":0.0},{"cards_removed":["Defend_G"],"damage_healed":0.0,"max_hp_gain":0.0,"max_hp_loss":0.0,"gold_gain":0.0,"event_name":"Falling","player_choice":"Removed Skill","floor":45.0,"gold_loss":0.0,"damage_taken":0.0},{"damage_healed":0.0,"max_hp_gain":0.0,"max_hp_loss":0.0,"gold_gain":0.0,"event_name":"SensoryStone","player_choice":"Memory 3","floor":47.0,"gold_loss":0.0,"damage_taken":10.0}],"is_beta":true,"boss_relics":[{"not_picked":["Busted Crown","Ectoplasm"],"picked":"Runic Dome"},{"not_picked":["Velvet Choker","Snecko Eye"],"picked":"WristBlade"}],"items_purged_floors":[10,48],"is_endless":false,"potions_floor_spawned":[1,2,4,13,14,21,24,31,33,35,39,44,46,55],"ascension_level":20}