{"gold_per_floor":[117,14,26,43,43,74,74,106,130,157,169,197,209,235,247,337,349,337,375,387,399,428,440,484,496,588,619,645,657,733,745],"floor_reached":31,"playtime":1953,"items_purged":[],"score":570,"play_id":"56c02286-5427-41e7-965c-318f33a599a0","local_time":"20190330220758","is_ascension_mode":true,"campfire_choices":[{"floor":7,"key":"REST"},{"data":"Noxious Fumes","floor":11,"key":"SMITH"},{"floor":15,"key":"REST"},{"floor":23,"key":"REST"},{"data":"Envenom","floor":25,"key":"SMITH"}],"neow_cost":"NONE","seed_source_timestamp":521490699828625,"circlet_count":0,"master_deck":["AscendersBane","Defend_G","Defend_G","Defend_G","Defend_G","Defend_G","Strike_G","Strike_G","Strike_G","Survivor","Neutralize","Caltrops","Noxious Fumes+1","Backflip","Cloak And Dagger","After Image","Dash","Crippling Poison","Deadly Poison","PiercingWail","Envenom+1","Dodge and Roll","Ghostly","Ghostly","Ghostly","Blur","Skewer"],"special_seed":0,"relics":["Ring of the Snake","Boot","Strawberry","MawBank","Sozu","Red Mask","Centennial Puzzle","Gremlin Horn","Tiny Chest"],"potions_floor_usage":[6,8,30],"damage_taken":[{"damage":0.0,"enemies":"Cultist","floor":1.0,"turns":4.0},{"damage":4.0,"enemies":"Jaw Worm","floor":3.0,"turns":5.0},{"damage":1.0,"enemies":"Small Slimes","floor":4.0,"turns":5.0},{"damage":39,"enemies":"Lagavulin","floor":6,"turns":9},{"damage":24,"enemies":"3 Sentries","floor":8,"turns":9},{"damage":7,"enemies":"Exordium Thugs","floor":10,"turns":7},{"damage":0,"enemies":"2 Fungi Beasts","floor":12,"turns":5},{"damage":10,"enemies":"Lots of Slimes","floor":14,"turns":4},{"damage":11,"enemies":"Hexaghost","floor":16,"turns":10},{"damage":4,"enemies":"2 Thieves","floor":18,"turns":4},{"damage":35,"enemies":"Masked Bandits","floor":19,"turns":5},{"damage":16,"enemies":"3 Byrds","floor":22,"turns":5},{"damage":20,"enemies":"Slavers","floor":24,"turns":7},{"damage":1,"enemies":"Centurion and Healer","floor":27,"turns":7},{"damage":3,"enemies":"Snake Plant","floor":28,"turns":5},{"damage":10,"enemies":"Gremlin Leader","floor":30,"turns":7},{"damage":6,"enemies":"Snecko","floor":31,"turns":4}],"seed_played":"-7783490982547869036","potions_obtained":[{"floor":4.0,"key":"GamblersBrew"},{"floor":6,"key":"Energy Potion"},{"floor":10,"key":"SteroidPotion"},{"floor":16,"key":"Explosive Potion"}],"is_trial":false,"path_per_floor":["M","$","M","M","?","E","R","E","T","M","R","M","?","M","R","B",null,"M","?","?","?","M","R","E","R","T","M","M","?","E","M"],"character_chosen":"THE_SILENT","items_purchased":["Noxious Fumes","Backflip"],"campfire_rested":3,"item_purchase_floors":[2,2],"current_hp_per_floor":[65,65,61,60,65,26,49,32,32,25,25,25,25,15,40,29,70,66,31,31,42,26,38,18,18,18,17,14,14,4,0],"gold":745,"neow_bonus":"TEN_PERCENT_HP_BONUS","is_prod":false,"is_daily":false,"chose_seed":false,"campfire_upgraded":2,"win_rate":0,"timestamp":1553980078,"path_taken":["M","?","M","M","?","E","R","E","T","M","R","?","?","M","R","BOSS","M","?","?","?","M","R","E","R","T","?","M","?","E","?"],"build_version":"2019-01-23","purchased_purges":0,"victory":false,"max_hp_per_floor":[72,72,72,72,77,77,77,84,84,84,84,84,84,84,84,84,84,84,84,42,42,42,42,42,42,42,42,42,42,42,42],"card_choices":[{"not_picked":["Acrobatics","Backflip"],"picked":"Caltrops","floor":1.0},{"not_picked":["Expertise","Flechettes","Underhanded Strike"],"picked":"SKIP","floor":3.0},{"not_picked":["Accuracy","Riddle With Holes"],"picked":"Cloak And Dagger","floor":4.0},{"not_picked":["Noxious Fumes","Deadly Poison"],"picked":"After Image","floor":6},{"not_picked":["Backflip","Quick Slash"],"picked":"Dash","floor":8},{"not_picked":["Slice","Riddle With Holes"],"picked":"Crippling Poison","floor":10},{"not_picked":["Dagger Spray","Slice"],"picked":"Deadly Poison","floor":12},{"not_picked":["Blur","Dagger Throw"],"picked":"PiercingWail","floor":14},{"not_picked":["Glass Knife","Tools of the Trade"],"picked":"Envenom","floor":16},{"not_picked":["Quick Slash","Deflect","Underhanded Strike+1"],"picked":"SKIP","floor":18},{"not_picked":["Prepared","Deadly Poison"],"picked":"Dodge and Roll","floor":19},{"not_picked":["Flechettes","Outmaneuver","Accuracy"],"picked":"SKIP","floor":22},{"not_picked":["Quick Slash","Grand Finale","Flying Knee"],"picked":"SKIP","floor":24},{"not_picked":["Outmaneuver","Accuracy","Poisoned Stab"],"picked":"SKIP","floor":27},{"not_picked":["Dagger Throw","Slice"],"picked":"Blur","floor":28},{"not_picked":["All Out Attack","Glass Knife","Bouncing Flask"],"picked":"SKIP","floor":30}],"player_experience":2311889,"relics_obtained":[{"floor":6,"key":"Boot"},{"floor":8,"key":"Strawberry"},{"floor":9,"key":"MawBank"},{"floor":19,"key":"Red Mask"},{"floor":24,"key":"Centennial Puzzle"},{"floor":26,"key":"Gremlin Horn"},{"floor":30,"key":"Tiny Chest"}],"event_choices":[{"damage_healed":0.0,"max_hp_gain":5.0,"max_hp_loss":0.0,"gold_gain":0.0,"event_name":"Big Fish","player_choice":"Donut","floor":5.0,"gold_loss":0.0,"damage_taken":0.0},{"cards_removed":["Strike_G"],"damage_healed":0,"gold_gain":0,"player_choice":"Purged","damage_taken":0,"max_hp_gain":0,"max_hp_loss":0,"event_name":"Purifier","floor":13,"gold_loss":0},{"damage_healed":0,"gold_gain":0,"player_choice":"Fought Bandits","damage_taken":0,"max_hp_gain":0,"max_hp_loss":0,"event_name":"Masked Bandits","floor":19,"gold_loss":0},{"damage_healed":0,"gold_gain":0,"player_choice":"Became a Ghost","damage_taken":0,"max_hp_gain":0,"max_hp_loss":42,"event_name":"Ghosts","floor":20,"gold_loss":0,"cards_obtained":["Ghostly","Ghostly","Ghostly"]},{"damage_healed":11,"gold_gain":0,"player_choice":"Full Heal","damage_taken":0,"max_hp_gain":0,"max_hp_loss":0,"event_name":"Wheel of Change","floor":21,"gold_loss":0},{"damage_healed":0,"gold_gain":0,"cards_transformed":["Strike_G"],"player_choice":"Transformed","damage_taken":0,"max_hp_gain":0,"max_hp_loss":0,"event_name":"Transmorgrifier","floor":29,"gold_loss":0,"cards_obtained":["Skewer"]}],"is_beta":false,"boss_relics":[{"not_picked":["Ectoplasm","Calling Bell"],"picked":"Sozu"}],"items_purged_floors":[],"is_endless":false,"potions_floor_spawned":[4,6,10,16,24,27],"killed_by":"Snecko","ascension_level":20}