{"gold_per_floor":[111,52,127,92,92,92,123,150,150,11,41,41,76,87,87,87],"floor_reached":16,"playtime":718,"items_purged":[],"score":348,"play_id":"885eb773-22ae-47b9-9396-cc7aee844aa0","local_time":"20190124181222","is_ascension_mode":true,"campfire_choices":[{"data":"Zap","floor":6,"key":"SMITH"},{"floor":15,"key":"REST"}],"neow_cost":"NONE","seed_source_timestamp":496740018673711,"circlet_count":0,"master_deck":["AscendersBane","Strike_B","Strike_B","Strike_B","Defend_B","Defend_B","Defend_B","Defend_B","Zap+1","Dualcast","Beam Cell","Gash","Genetic Algorithm","Gash","Hyperbeam","Ball Lightning","Conserve Battery","Genetic Algorithm","Go for the Eyes"],"relics":["Cracked Core","NeowsBlessing","WingedGreaves","Darkstone Periapt","Ornamental Fan","Frozen Egg 2","Cables","Strawberry"],"potions_floor_usage":[11,11,16],"damage_taken":[{"damage":0,"enemies":"Jaw Worm","floor":1,"turns":1},{"damage":0,"enemies":"Gremlin Nob","floor":7,"turns":1},{"damage":0,"enemies":"3 Sentries","floor":8,"turns":1},{"damage":20,"enemies":"Lagavulin","floor":11,"turns":4},{"damage":16,"enemies":"3 Sentries","floor":13,"turns":5},{"damage":0,"enemies":"Small Slimes","floor":14,"turns":3},{"damage":39,"enemies":"Slime Boss","floor":16,"turns":7}],"seed_played":"-1288565752155943974","potions_obtained":[{"floor":7,"key":"Poison Potion"},{"floor":8,"key":"FearPotion"},{"floor":13,"key":"Dexterity Potion"}],"is_trial":false,"path_per_floor":["M","$","?","?","?","R","E","E","T","$","E","?","E","M","R","B"],"character_chosen":"DEFECT","items_purchased":["Gash","Hyperbeam","Ball Lightning"],"campfire_rested":1,"item_purchase_floors":[2,10,10],"current_hp_per_floor":[64,64,53,70,63,63,63,63,63,63,43,25,16,16,39,0],"gold":87,"neow_bonus":"THREE_ENEMY_KILL","is_prod":false,"is_daily":false,"chose_seed":false,"campfire_upgraded":1,"win_rate":0,"timestamp":1548349942,"path_taken":["M","$","?","?","?","R","E","E","T","$","E","?","E","M","R","BOSS"],"build_version":"2019-01-23","purchased_purges":0,"victory":false,"max_hp_per_floor":[71,71,71,71,71,71,71,71,71,71,71,71,78,78,78,78],"card_choices":[{"not_picked":["Turbo","Loop"],"picked":"Beam Cell","floor":1},{"not_picked":["Loop","Redo"],"picked":"Genetic Algorithm","floor":7},{"not_picked":["Undo","White Noise"],"picked":"Gash","floor":8},{"not_picked":["Reboot","Turbo"],"picked":"Conserve Battery","floor":11},{"not_picked":["Turbo","Steam"],"picked":"Genetic Algorithm","floor":13},{"not_picked":["Beam Cell","Heatsinks+1"],"picked":"Go for the Eyes","floor":14}],"player_experience":1581866,"relics_obtained":[{"floor":7,"key":"WingedGreaves"},{"floor":8,"key":"Darkstone Periapt"},{"floor":9,"key":"Ornamental Fan"},{"floor":11,"key":"Frozen Egg 2"},{"floor":13,"key":"Strawberry"}],"event_choices":[{"damage_healed":0,"gold_gain":75,"player_choice":"Gather Gold","damage_taken":11,"max_hp_gain":0,"max_hp_loss":0,"event_name":"World of Goop","floor":3,"gold_loss":0},{"damage_healed":17,"gold_gain":0,"player_choice":"Healed","damage_taken":0,"max_hp_gain":0,"max_hp_loss":0,"event_name":"The Cleric","floor":4,"gold_loss":35},{"cards_removed":["Strike_B"],"damage_healed":0,"gold_gain":0,"player_choice":"Card Removal","damage_taken":7,"max_hp_gain":0,"max_hp_loss":0,"event_name":"Golden Wing","floor":5,"gold_loss":0},{"damage_healed":0,"gold_gain":0,"player_choice":"Success","damage_taken":18,"relics_obtained":["Cables"],"max_hp_gain":0,"max_hp_loss":0,"event_name":"Scrap Ooze","floor":12,"gold_loss":0}],"is_beta":false,"boss_relics":[],"items_purged_floors":[],"is_endless":false,"potions_floor_spawned":[7,8,13],"killed_by":"Slime Boss","ascension_level":20}