{"gold_per_floor":[116,127,145,161,131,143,159,159,159,189,189,204,224,249,249,322,322,338,338,338,350,367,367,103,103,152,170,170,187,202,213,213,284,284,301,301],"floor_reached":36,"playtime":3536,"items_purged":[],"score":889,"play_id":"ea042aba-8bbd-4ad3-bb88-140eac15b667","local_time":"20190409222753","is_ascension_mode":true,"campfire_choices":[{"data":"Predator","floor":8,"key":"SMITH"},{"floor":11,"key":"REST"},{"data":"Cloak And Dagger","floor":15,"key":"SMITH"},{"floor":23,"key":"REST"},{"data":"Adrenaline","floor":25,"key":"SMITH"},{"data":"Poisoned Stab","floor":28,"key":"SMITH"},{"data":"Deadly Poison","floor":32,"key":"SMITH"}],"neow_cost":"NONE","seed_source_timestamp":1928977008795,"circlet_count":0,"master_deck":["AscendersBane","Defend_G","Defend_G","Defend_G","Defend_G","Defend_G","Survivor","Neutralize","Predator+1","PiercingWail","Calculated Gamble","Dagger Throw","Well Laid Plans","Poisoned Stab+1","Dagger Spray","Crippling Poison","Cloak And Dagger+1","Adrenaline+1","Bite","Bite","Bite","Bite","Bite","Escape Plan+1","Blur+1","Deadly Poison+1","Malaise","Envenom"],"relics":["Ring of the Snake","Kunai","Bottled Tornado","Ornamental Fan","Runic Pyramid","Mummified Hand","Oddly Smooth Stone","HoveringKite"],"potions_floor_usage":[7,14,16,16,33,33,36],"damage_taken":[{"damage":0,"enemies":"2 Louse","floor":1,"turns":2},{"damage":6,"enemies":"Cultist","floor":2,"turns":4},{"damage":1,"enemies":"Jaw Worm","floor":3,"turns":4},{"damage":0,"enemies":"3 Louse","floor":4,"turns":4},{"damage":17,"enemies":"Exordium Thugs","floor":6,"turns":5},{"damage":2,"enemies":"Lots of Slimes","floor":7,"turns":5},{"damage":22,"enemies":"3 Sentries","floor":10,"turns":8},{"damage":8,"enemies":"3 Louse","floor":12,"turns":3},{"damage":0,"enemies":"Blue Slaver","floor":13,"turns":4},{"damage":15,"enemies":"Lagavulin","floor":14,"turns":6},{"damage":0,"enemies":"The Guardian","floor":16,"turns":14},{"damage":15,"enemies":"2 Thieves","floor":18,"turns":5},{"damage":0,"enemies":"Chosen","floor":21,"turns":6},{"damage":28,"enemies":"Snake Plant","floor":22,"turns":7},{"damage":11,"enemies":"Shelled Parasite and Fungi","floor":27,"turns":9},{"damage":5,"enemies":"Cultist and Chosen","floor":29,"turns":8},{"damage":1,"enemies":"Snecko","floor":30,"turns":5},{"damage":2,"enemies":"Centurion and Healer","floor":31,"turns":7},{"damage":3,"enemies":"Champ","floor":33,"turns":16},{"damage":0,"enemies":"3 Shapes","floor":35,"turns":6},{"damage":69,"enemies":"2 Orb Walkers","floor":36,"turns":4}],"seed_played":"-5274541864276793608","potions_obtained":[{"floor":3,"key":"GamblersBrew"},{"floor":5,"key":"Regen Potion"},{"floor":6,"key":"GhostInAJar"},{"floor":12,"key":"SkillPotion"},{"floor":14,"key":"Dexterity Potion"},{"floor":16,"key":"Dexterity Potion"},{"floor":18,"key":"Strength Potion"},{"floor":31,"key":"SkillPotion"},{"floor":33,"key":"AttackPotion"}],"is_trial":false,"path_per_floor":["M","M","M","M","?","M","M","R","T","E","R","M","M","E","R","B",null,"M","?","?","M","M","R","$","R","T","M","R","M","M","M","R","B",null,"M","?"],"character_chosen":"THE_SILENT","items_purchased":["Mummified Hand"],"campfire_rested":2,"item_purchase_floors":[24],"current_hp_per_floor":[59,53,52,52,52,35,47,47,47,25,44,36,36,21,21,21,55,40,22,22,38,24,38,38,38,38,49,49,48,49,49,49,49,49,49,0],"gold":301,"neow_bonus":"THREE_CARDS","is_prod":false,"is_daily":false,"chose_seed":false,"campfire_upgraded":5,"win_rate":0,"timestamp":1554841673,"path_taken":["M","M","M","M","?","?","M","R","T","E","R","M","M","E","R","BOSS","M","?","?","?","M","R","$","R","T","M","R","M","M","?","R","BOSS","M","?"],"build_version":"2019-01-23","purchased_purges":0,"victory":false,"max_hp_per_floor":[66,66,66,66,66,66,66,66,66,66,66,66,66,66,66,66,66,66,71,49,49,49,49,49,49,49,49,49,49,49,49,49,49,49,49,49],"card_choices":[{"not_picked":["Escape Plan","Deflect"],"picked":"Predator","floor":0},{"not_picked":["Bane","Accuracy","Heel Hook"],"picked":"SKIP","floor":1},{"not_picked":["Cloak And Dagger","Blur"],"picked":"PiercingWail","floor":2},{"not_picked":["Acrobatics","Bane"],"picked":"Calculated Gamble","floor":3},{"not_picked":["Outmaneuver","Prepared"],"picked":"Dagger Throw","floor":4},{"not_picked":["Quick Slash","Grand Finale","Sucker Punch"],"picked":"SKIP","floor":6},{"not_picked":["Dagger Spray","Choke"],"picked":"Well Laid Plans","floor":7},{"not_picked":["Bane","Phantasmal Killer"],"picked":"Poisoned Stab","floor":10},{"not_picked":["Deadly Poison","Slice"],"picked":"Dagger Spray","floor":12},{"not_picked":["Dagger Spray","Prepared"],"picked":"Crippling Poison","floor":13},{"not_picked":["Prepared","Tactician"],"picked":"Cloak And Dagger","floor":14},{"not_picked":["Wraith Form v2","Tools of the Trade"],"picked":"Adrenaline","floor":16},{"not_picked":["Dash","Riddle With Holes+1","Predator"],"picked":"SKIP","floor":18},{"not_picked":["Deflect","Predator"],"picked":"Escape Plan+1","floor":21},{"not_picked":["Underhanded Strike","Prepared","Bane+1"],"picked":"SKIP","floor":22},{"not_picked":["Dodge and Roll","Distraction"],"picked":"Blur+1","floor":27},{"not_picked":["Acrobatics","Catalyst"],"picked":"Deadly Poison","floor":29},{"not_picked":["Dodge and Roll","Acrobatics+1","Blade Dance"],"picked":"SKIP","floor":30},{"not_picked":["Infinite Blades","Backflip"],"picked":"Malaise","floor":31},{"not_picked":["Phantasmal Killer","Unload"],"picked":"Envenom","floor":33},{"not_picked":["Outmaneuver","Concentrate","Endless Agony"],"picked":"SKIP","floor":35}],"player_experience":2461270,"relics_obtained":[{"floor":9,"key":"Kunai"},{"floor":10,"key":"Bottled Tornado"},{"floor":14,"key":"Ornamental Fan"},{"floor":26,"key":"Oddly Smooth Stone"}],"event_choices":[{"damage_healed":0,"gold_gain":0,"player_choice":"Bought 2 Potions","damage_taken":0,"max_hp_gain":0,"max_hp_loss":0,"event_name":"The Woman in Blue","floor":5,"gold_loss":0},{"damage_healed":0,"gold_gain":0,"player_choice":"Shed Blood","damage_taken":23,"max_hp_gain":5,"max_hp_loss":0,"event_name":"Forgotten Altar","floor":19,"gold_loss":0},{"damage_healed":0,"gold_gain":0,"player_choice":"Became a vampire","damage_taken":0,"max_hp_gain":0,"max_hp_loss":22,"event_name":"Vampires","floor":20,"gold_loss":0,"cards_obtained":["Bite","Bite","Bite","Bite","Bite"]},{"damage_healed":0,"gold_gain":0,"player_choice":"Fight","damage_taken":0,"max_hp_gain":0,"max_hp_loss":0,"event_name":"Mysterious Sphere","floor":36,"gold_loss":0}],"is_beta":false,"boss_relics":[{"not_picked":["White Beast Statue","Orrery"],"picked":"Runic Pyramid"},{"not_picked":["Busted Crown","Black Star"],"picked":"HoveringKite"}],"items_purged_floors":[],"is_endless":false,"potions_floor_spawned":[3,6,12,14,16,18,31,33],"killed_by":"2 Orb Walkers","ascension_level":20}