{"gold_per_floor":[114,39,53,25,25,58,58,86,86,31,61,61,0,17,17,88,88,106,106,106,106,52,52,79,79,134,154,154,174,203,203,203,275,275,293,293,293,306,320,320,320],"floor_reached":41,"playtime":7317,"items_purged":[],"score":886,"play_id":"8212711d-7331-45f7-91d2-63113e712aca","local_time":"20190319010234","is_ascension_mode":true,"campfire_choices":[{"floor":7,"key":"REST"},{"floor":12,"key":"REST"},{"floor":15,"key":"REST"},{"data":"Well Laid Plans","floor":23,"key":"SMITH"},{"floor":25,"key":"REST"},{"floor":28,"key":"REST"},{"data":"Footwork","floor":32,"key":"SMITH"},{"floor":40,"key":"REST"}],"neow_cost":"TEN_PERCENT_HP_LOSS","seed_source_timestamp":270264313920704,"circlet_count":0,"master_deck":["AscendersBane","Defend_G","Defend_G","Defend_G","Defend_G","Strike_G","Strike_G","Survivor","Neutralize","Malaise","Well Laid Plans+1","Predator","Bane","Dash","Deadly Poison","Corpse Explosion","Calculated Gamble","After Image","Flechettes+1","Prepared+1","Distraction+1","Malaise+1","Cloak And Dagger+1","Footwork+1","Deflect+1","PiercingWail+1","Wraith Form v2+1","Blade Dance+1","Bandage Up+1","Deep Breath+1","Backflip+1","Catalyst+1"],"relics":["Ring of the Snake","StoneCalendar","Matryoshka","Mercury Hourglass","Pen Nib","Orichalcum","Astrolabe","Kunai","Toxic Egg 2","Ginger","Dream Catcher","Lantern","Velvet Choker"],"potions_floor_usage":[8,8,16,30,33,33,35,39],"damage_taken":[{"damage":3,"enemies":"Small Slimes","floor":1,"turns":5},{"damage":2,"enemies":"2 Louse","floor":3,"turns":3},{"damage":34,"enemies":"Lagavulin","floor":6,"turns":10},{"damage":16,"enemies":"Gremlin Nob","floor":8,"turns":4},{"damage":14,"enemies":"Lagavulin","floor":11,"turns":7},{"damage":0,"enemies":"Jaw Worm","floor":14,"turns":3},{"damage":22,"enemies":"Slime Boss","floor":16,"turns":7},{"damage":7,"enemies":"Chosen","floor":18,"turns":5},{"damage":27,"enemies":"Gremlin Leader","floor":24,"turns":7},{"damage":2,"enemies":"3 Byrds","floor":27,"turns":2},{"damage":2,"enemies":"Snake Plant","floor":29,"turns":6},{"damage":1,"enemies":"Slavers","floor":30,"turns":2},{"damage":35,"enemies":"Champ","floor":33,"turns":17},{"damage":0,"enemies":"3 Darklings","floor":35,"turns":3},{"damage":1,"enemies":"3 Shapes","floor":38,"turns":6},{"damage":41,"enemies":"Transient","floor":39,"turns":6},{"damage":68,"enemies":"Giant Head","floor":41,"turns":9}],"seed_played":"3753627215451318276","potions_obtained":[{"floor":1,"key":"Poison Potion"},{"floor":3,"key":"Ancient Potion"},{"floor":11,"key":"GamblersBrew"},{"floor":16,"key":"Strength Potion"},{"floor":24,"key":"Poison Potion"},{"floor":30,"key":"PowerPotion"},{"floor":33,"key":"GhostInAJar"},{"floor":35,"key":"Explosive Potion"}],"is_trial":false,"path_per_floor":["M","?","M","$","?","E","R","E","T","$","E","R","?","M","R","B",null,"M","?","T","?","$","R","E","R","T","M","R","M","E","?","R","B",null,"M","?","?","M","M","R","E"],"character_chosen":"THE_SILENT","items_purchased":["Bane","Deadly Poison","Cloak And Dagger+1"],"campfire_rested":6,"item_purchase_floors":[4,10,22],"current_hp_per_floor":[56,56,54,54,54,20,38,22,22,22,8,26,26,26,44,22,51,44,44,44,44,44,44,17,35,35,33,51,49,48,48,48,13,48,48,43,43,48,13,31,0],"gold":320,"neow_bonus":"THREE_RARE_CARDS","is_prod":false,"is_daily":false,"chose_seed":false,"campfire_upgraded":2,"win_rate":0,"timestamp":1552953754,"path_taken":["M","?","M","$","?","E","R","E","T","$","E","R","?","M","R","BOSS","M","?","?","?","?","R","E","R","T","?","R","M","E","?","R","BOSS","M","?","?","M","?","R","E"],"build_version":"2019-01-23","purchased_purges":0,"victory":false,"max_hp_per_floor":[60,60,60,60,60,60,60,60,60,60,60,60,60,60,60,60,60,60,60,60,60,60,60,60,60,60,60,60,60,60,60,60,60,60,60,60,60,60,60,60,60],"card_choices":[{"not_picked":["Storm of Steel","Grand Finale"],"picked":"Malaise","floor":0},{"not_picked":["Poisoned Stab","Infinite Blades"],"picked":"Well Laid Plans","floor":1},{"not_picked":["Expertise","Masterful Stab"],"picked":"Predator","floor":3},{"not_picked":["PiercingWail","Heel Hook"],"picked":"Dash","floor":6},{"not_picked":["Bane","Choke","Underhanded Strike"],"picked":"SKIP","floor":8},{"not_picked":["Dagger Spray","Poisoned Stab"],"picked":"Corpse Explosion","floor":11},{"not_picked":["Dodge and Roll","Poisoned Stab"],"picked":"Calculated Gamble","floor":14},{"not_picked":["Grand Finale","Unload"],"picked":"After Image","floor":16},{"not_picked":["Prepared","Flying Knee","Outmaneuver"],"picked":"SKIP","floor":18},{"not_picked":["Prepared+1","Calculated Gamble+1","Dagger Spray"],"picked":"SKIP","floor":24},{"not_picked":["Acrobatics+1","Quick Slash"],"picked":"Footwork","floor":27},{"not_picked":["Poisoned Stab","Flying Knee"],"picked":"Deflect+1","floor":28},{"not_picked":["Deadly Poison+1","Crippling Poison+1"],"picked":"PiercingWail+1","floor":29},{"not_picked":["Predator","Caltrops","A Thousand Cuts"],"picked":"SKIP","floor":30},{"not_picked":["A Thousand Cuts","Venomology+1"],"picked":"Wraith Form v2","floor":33},{"not_picked":["Backstab","Accuracy"],"picked":"Blade Dance+1","floor":35},{"not_picked":["Discovery+1","Sadistic Nature"],"picked":"Bandage Up+1","floor":36},{"not_picked":["Secret Weapon+1","Flash of Steel"],"picked":"Deep Breath+1","floor":36},{"not_picked":["Leg Sweep+1","Underhanded Strike"],"picked":"Backflip+1","floor":38},{"not_picked":["Sucker Punch","Dash","Acrobatics+1"],"picked":"SKIP","floor":39},{"not_picked":["Blade Dance+1","Bane"],"picked":"Catalyst+1","floor":40}],"player_experience":2116946,"relics_obtained":[{"floor":6,"key":"StoneCalendar"},{"floor":8,"key":"Matryoshka"},{"floor":9,"key":"Mercury Hourglass"},{"floor":9,"key":"Pen Nib"},{"floor":11,"key":"Orichalcum"},{"floor":20,"key":"Kunai"},{"floor":20,"key":"Toxic Egg 2"},{"floor":24,"key":"Ginger"},{"floor":26,"key":"Dream Catcher"},{"floor":30,"key":"Lantern"}],"event_choices":[{"cards_removed":["Strike_G"],"damage_healed":0,"gold_gain":0,"player_choice":"Card Removal","damage_taken":0,"max_hp_gain":0,"max_hp_loss":0,"event_name":"The Cleric","floor":2,"gold_loss":75},{"damage_healed":0,"gold_gain":0,"player_choice":"Ignored","damage_taken":0,"max_hp_gain":0,"max_hp_loss":0,"event_name":"Liars Game","floor":5,"gold_loss":0},{"damage_healed":0,"gold_gain":0,"player_choice":"Left Gold","damage_taken":0,"max_hp_gain":0,"max_hp_loss":0,"event_name":"World of Goop","floor":13,"gold_loss":61},{"damage_healed":0,"gold_gain":0,"player_choice":"Ignored","damage_taken":0,"max_hp_gain":0,"max_hp_loss":0,"event_name":"The Mausoleum","floor":19,"gold_loss":0},{"damage_healed":0,"gold_gain":0,"player_choice":"Read","damage_taken":0,"max_hp_gain":0,"max_hp_loss":0,"event_name":"The Library","floor":21,"gold_loss":0,"cards_obtained":["Malaise"]},{"damage_healed":0,"gold_gain":0,"player_choice":"Ignored","damage_taken":0,"max_hp_gain":0,"max_hp_loss":0,"event_name":"Cursed Tome","floor":31,"gold_loss":0},{"damage_healed":0,"gold_gain":0,"player_choice":"Memory 2","damage_taken":5,"max_hp_gain":0,"max_hp_loss":0,"event_name":"SensoryStone","floor":36,"gold_loss":0},{"damage_healed":0,"gold_gain":0,"player_choice":"Forge","damage_taken":0,"max_hp_gain":0,"max_hp_loss":0,"event_name":"Accursed Blacksmith","floor":37,"gold_loss":0,"cards_upgraded":["Wraith Form v2"]}],"is_beta":false,"boss_relics":[{"not_picked":["Busted Crown","Empty Cage"],"picked":"Astrolabe"},{"not_picked":["White Beast Statue","Runic Pyramid"],"picked":"Velvet Choker"}],"items_purged_floors":[],"is_endless":false,"potions_floor_spawned":[1,3,11,16,24,30,33,35],"killed_by":"Giant Head","ascension_level":20}