{"gold_per_floor":[11,11,31,31,47,47,78,78,78,111,134,161,161,181,181,257,257,269,269,194,194,194,194,205,235,235,267,279,291,303,329,341,426,438,464,288,288,306,306,306,339,339,339,368,381,398,398,414,414,414,414,414,414,59,90,90],"floor_reached":56,"playtime":27583,"items_purged":["Pain","Regret"],"score":1943,"play_id":"ee207702-bf91-4194-9f11-baedc9530207","local_time":"20190524225142","is_ascension_mode":true,"campfire_choices":[{"data":"Corruption","floor":6.0,"key":"SMITH"},{"data":"Bash","floor":8.0,"key":"SMITH"},{"data":"Carnage","floor":13,"key":"SMITH"},{"data":"Armaments","floor":15,"key":"SMITH"},{"data":"Juggernaut","floor":23,"key":"SMITH"},{"data":"Juggernaut","floor":28,"key":"SMITH"},{"floor":30,"key":"REST"},{"floor":32,"key":"REST"},{"floor":40,"key":"RECALL"},{"data":"Battle Trance","floor":42,"key":"SMITH"},{"data":"Feel No Pain","floor":49,"key":"SMITH"},{"data":"Armaments","floor":53,"key":"SMITH"}],"neow_cost":"NO_GOLD","seed_source_timestamp":785929563176416,"circlet_count":0,"master_deck":["AscendersBane","Strike_R","Strike_R","Strike_R","Strike_R","Strike_R","Defend_R","Defend_R","Defend_R","Defend_R","Bash+1","True Grit","Anger","Corruption+1","Exhume","Carnage+1","Armaments+1","Juggernaut+1","Battle Trance+1","Juggernaut+1","True Grit","Impervious","Armaments+1","Feel No Pain+1","Warcry+1","Ghostly Armor+1","Parasite","Warcry","Exhume","Impervious","Armaments","Sentinel","Armaments"],"special_seed":0,"relics":["Burning Blood","Charon\u0027s Ashes","Mummified Hand","Self Forming Clay","Champion Belt","Boot","Odd Mushroom","Kunai","Cursed Key","WarpedTongs","Blood Vial","Meat on the Bone","MawBank","Enchiridion","Runic Pyramid","The Courier","Lantern","Pantograph"],"potions_floor_usage":[12,16,25,27,27,33,45,51,55,56],"damage_taken":[{"damage":7.0,"enemies":"Small Slimes","floor":1.0,"turns":3.0},{"damage":4.0,"enemies":"Jaw Worm","floor":3.0,"turns":4.0},{"damage":0.0,"enemies":"2 Louse","floor":5.0,"turns":4.0},{"damage":5.0,"enemies":"3 Sentries","floor":7.0,"turns":5.0},{"damage":14.0,"enemies":"Gremlin Nob","floor":10.0,"turns":4.0},{"damage":3,"enemies":"The Mushroom Lair","floor":11,"turns":4},{"damage":10,"enemies":"Lagavulin","floor":12,"turns":6},{"damage":5,"enemies":"Exordium Wildlife","floor":14,"turns":3},{"damage":30,"enemies":"Slime Boss","floor":16,"turns":8},{"damage":7,"enemies":"3 Byrds","floor":18,"turns":5},{"damage":14,"enemies":"Chosen","floor":24,"turns":4},{"damage":19,"enemies":"Book of Stabbing","floor":25,"turns":4},{"damage":1,"enemies":"Gremlin Leader","floor":27,"turns":3},{"damage":13,"enemies":"Snake Plant","floor":31,"turns":2},{"damage":49,"enemies":"Champ","floor":33,"turns":10},{"damage":14,"enemies":"Orb Walker","floor":35,"turns":3},{"damage":0,"enemies":"3 Shapes","floor":38,"turns":4},{"damage":2,"enemies":"Giant Head","floor":41,"turns":5},{"damage":9,"enemies":"Nemesis","floor":44,"turns":5},{"damage":0,"enemies":"Spire Growth","floor":45,"turns":4},{"damage":8,"enemies":"Maw","floor":46,"turns":4},{"damage":8,"enemies":"Writhing Mass","floor":48,"turns":5},{"damage":8,"enemies":"Donu and Deca","floor":50,"turns":5},{"damage":14,"enemies":"Awakened One","floor":51,"turns":9},{"damage":21,"enemies":"Shield and Spear","floor":55,"turns":5},{"damage":76,"enemies":"The Heart","floor":56,"turns":9}],"seed_played":"1428482196760259410","potions_obtained":[{"floor":3.0,"key":"Ancient Potion"},{"floor":10.0,"key":"FearPotion"},{"floor":11,"key":"Swift Potion"},{"floor":18,"key":"EntropicBrew"},{"floor":31,"key":"Strength Potion"},{"floor":33,"key":"Block Potion"},{"floor":41,"key":"Ancient Potion"},{"floor":45,"key":"SpeedPotion"},{"floor":55,"key":"Swift Potion"}],"is_trial":false,"path_per_floor":["M","?","M","?","M","R","E","R","T","E","?","E","R","M","R","B",null,"M","?","$","?","T","R","M","E","T","E","R","?","R","M","R","B",null,"M","$","?","M","?","R","E","R","T","E","M","M","?","M","R","B","B",null,"R","$","E","B"],"character_chosen":"IRONCLAD","items_purchased":["Feel No Pain","Warcry","Exhume","Impervious","Armaments","Sentinel"],"campfire_rested":2,"item_purchase_floors":[36,54,54,54,54,54],"current_hp_per_floor":[67,56,58,58,64,64,65,65,65,57,60,56,56,57,57,33,65,64,64,64,64,64,64,58,47,47,54,54,33,55,50,72,43,67,61,61,61,69,69,69,75,75,75,72,75,73,73,73,73,73,67,73,73,73,60,0],"gold":90,"neow_bonus":"ONE_RARE_RELIC","is_prod":false,"is_daily":false,"chose_seed":false,"campfire_upgraded":9,"win_rate":0,"timestamp":1558731102,"path_taken":["M","?","M","?","M","R","E","R","T","E","?","E","R","M","R","BOSS","M","?","?","?","?","R","?","E","T","E","R","?","R","M","R","BOSS","M","$","?","?","?","R","E","R","T","E","M","M","?","?","R","BOSS","BOSS","R","$","E","BOSS"],"build_version":"2019-01-23","purchased_purges":2,"victory":false,"max_hp_per_floor":[75,75,75,75,75,75,75,75,75,75,75,75,75,75,75,75,75,75,75,75,75,75,75,75,75,75,75,75,75,75,75,75,75,75,75,75,75,75,75,75,75,75,75,75,75,75,75,75,75,75,75,75,75,75,75,75],"card_choices":[{"not_picked":["Thunderclap","Perfected Strike"],"picked":"True Grit","floor":1.0},{"not_picked":["Wild Strike","Shrug It Off"],"picked":"Anger","floor":3.0},{"not_picked":["Clothesline","Twin Strike"],"picked":"Corruption","floor":5.0},{"not_picked":["Shrug It Off","Body Slam"],"picked":"Exhume","floor":7.0},{"not_picked":["Iron Wave","Hemokinesis"],"picked":"Carnage","floor":10.0},{"not_picked":["Pommel Strike","Reckless Charge"],"picked":"Armaments","floor":12},{"not_picked":["Cleave","Uppercut","Havoc"],"picked":"SKIP","floor":14},{"not_picked":["Offering","Barricade"],"picked":"Juggernaut","floor":16},{"not_picked":["Anger+1","Flex","Carnage"],"picked":"SKIP","floor":18},{"not_picked":["Cleave","Flex","Spot Weakness"],"picked":"SKIP","floor":24},{"not_picked":["Double Tap","Warcry"],"picked":"Juggernaut","floor":25},{"not_picked":["Iron Wave","Cleave"],"picked":"True Grit","floor":27},{"not_picked":["Clash","Heavy Blade","Seeing Red"],"picked":"SKIP","floor":31},{"not_picked":["Feed","Demon Form"],"picked":"Impervious","floor":33},{"not_picked":["Flex","Heavy Blade"],"picked":"Armaments","floor":35},{"not_picked":["Thunderclap+1","Clothesline","Whirlwind"],"picked":"SKIP","floor":38},{"not_picked":["Blood for Blood","Uppercut+1"],"picked":"Warcry+1","floor":41},{"not_picked":["Anger","Second Wind","Warcry"],"picked":"SKIP","floor":44},{"not_picked":["Clothesline","Body Slam"],"picked":"Ghostly Armor+1","floor":45},{"not_picked":["Rupture+1","Wild Strike+1","Sword Boomerang"],"picked":"SKIP","floor":46},{"not_picked":["Second Wind","Spot Weakness+1","Rampage"],"picked":"SKIP","floor":48},{"not_picked":["Bludgeon","Anger"],"picked":"Armaments","floor":55}],"player_experience":2861360,"relics_obtained":[{"floor":7.0,"key":"Self Forming Clay"},{"floor":9.0,"key":"Champion Belt"},{"floor":10.0,"key":"Boot"},{"floor":11,"key":"Odd Mushroom"},{"floor":12,"key":"Kunai"},{"floor":22,"key":"Blood Vial"},{"floor":25,"key":"Meat on the Bone"},{"floor":27,"key":"MawBank"},{"floor":29,"key":"Enchiridion"},{"floor":41,"key":"The Courier"},{"floor":44,"key":"Lantern"},{"floor":55,"key":"Pantograph"}],"event_choices":[{"damage_healed":0.0,"max_hp_gain":0.0,"max_hp_loss":0.0,"gold_gain":0.0,"event_name":"Scrap Ooze","player_choice":"Success","floor":2.0,"gold_loss":0.0,"damage_taken":11.0,"relics_obtained":["Mummified Hand"]},{"damage_healed":0.0,"max_hp_gain":0.0,"max_hp_loss":0.0,"gold_gain":0.0,"event_name":"The Cleric","player_choice":"Leave","floor":4.0,"gold_loss":0.0,"damage_taken":0.0},{"damage_healed":0,"gold_gain":0,"player_choice":"Fought Mushrooms","damage_taken":0,"max_hp_gain":0,"max_hp_loss":0,"event_name":"Mushrooms","floor":11,"gold_loss":0},{"damage_healed":0,"gold_gain":0,"player_choice":"Rummage","damage_taken":0,"relics_obtained":["WarpedTongs"],"max_hp_gain":0,"max_hp_loss":0,"event_name":"Accursed Blacksmith","floor":19,"gold_loss":0,"cards_obtained":["Pain"]},{"damage_healed":0,"gold_gain":0,"player_choice":"Read","damage_taken":0,"max_hp_gain":0,"max_hp_loss":0,"event_name":"The Library","floor":21,"gold_loss":0,"cards_obtained":["Battle Trance"]},{"damage_healed":0,"gold_gain":0,"player_choice":"Obtained Book","damage_taken":21,"max_hp_gain":0,"max_hp_loss":0,"event_name":"Cursed Tome","floor":29,"gold_loss":0},{"damage_healed":0,"gold_gain":0,"player_choice":"Ignored","damage_taken":0,"max_hp_gain":0,"max_hp_loss":0,"event_name":"SecretPortal","floor":37,"gold_loss":0},{"damage_healed":0,"gold_gain":0,"player_choice":"Ignored","damage_taken":0,"max_hp_gain":0,"max_hp_loss":0,"event_name":"Tomb of Lord Red Mask","floor":39,"gold_loss":0},{"cards_removed":["Decay"],"damage_healed":0,"gold_gain":0,"player_choice":"Purged","damage_taken":0,"max_hp_gain":0,"max_hp_loss":0,"event_name":"Purifier","floor":47,"gold_loss":0}],"is_beta":false,"boss_relics":[{"not_picked":["Calling Bell","Snecko Eye"],"picked":"Cursed Key"},{"not_picked":["Runic Dome","Black Star"],"picked":"Runic Pyramid"}],"items_purged_floors":[20,36],"is_endless":false,"potions_floor_spawned":[3,10,11,18,31,33,41,44,45,55],"killed_by":"The Heart","ascension_level":20}