{"gold_per_floor":[10,10,23,37,37,37,363,380,380,380,325,475,502,513,513,592,592,610,610,627,284,284,284,304,338,338,153,171,171,204,238,238,238],"floor_reached":33,"playtime":2317,"items_purged":["Doubt","Pain"],"score":726,"play_id":"8a6d6dab-0959-4b90-b98d-50f8dd86f7bd","local_time":"20190513221001","is_ascension_mode":true,"campfire_choices":[{"data":"Poisoned Stab","floor":6,"key":"SMITH"},{"data":"Backflip","floor":10,"key":"SMITH"},{"floor":15,"key":"REST"},{"floor":23,"key":"REST"},{"data":"Burst","floor":29,"key":"SMITH"},{"floor":32,"key":"REST"}],"neow_cost":"NO_GOLD","seed_source_timestamp":206168404073413,"circlet_count":0,"master_deck":["AscendersBane","Defend_G","Defend_G","Defend_G","Defend_G","Defend_G","Strike_G+1","Strike_G","Strike_G","Strike_G","Survivor+1","Neutralize+1","Backstab","Poisoned Stab+1","Deadly Poison","Poisoned Stab","Backflip+1","Burst+1","PiercingWail","Backflip+1","Noxious Fumes+1","Acrobatics","Noxious Fumes","PiercingWail"],"relics":["Ring of the Snake","Old Coin","Mango","WingedGreaves","Cursed Key","Pear","StoneCalendar","Gambling Chip","Bronze Scales","Dodecahedron"],"potions_floor_usage":[7,13,18,25,25,30,33],"damage_taken":[{"damage":6,"enemies":"Jaw Worm","floor":1,"turns":8},{"damage":1,"enemies":"Cultist","floor":3,"turns":4},{"damage":2,"enemies":"Small Slimes","floor":4,"turns":4},{"damage":6,"enemies":"Gremlin Nob","floor":7,"turns":3},{"damage":0,"enemies":"Looter","floor":8,"turns":2},{"damage":20,"enemies":"3 Sentries","floor":13,"turns":12},{"damage":3,"enemies":"3 Louse","floor":14,"turns":3},{"damage":24,"enemies":"The Guardian","floor":16,"turns":11},{"damage":15,"enemies":"3 Byrds","floor":18,"turns":6},{"damage":13,"enemies":"Spheric Guardian","floor":20,"turns":6},{"damage":2,"enemies":"Snecko","floor":24,"turns":5},{"damage":0,"enemies":"Book of Stabbing","floor":25,"turns":6},{"damage":1,"enemies":"Centurion and Healer","floor":28,"turns":6},{"damage":1,"enemies":"Gremlin Leader","floor":30,"turns":7},{"damage":48,"enemies":"Slavers","floor":31,"turns":5},{"damage":79,"enemies":"Collector","floor":33,"turns":8}],"seed_played":"5881082591313481859","potions_obtained":[{"floor":3,"key":"AttackPotion"},{"floor":7,"key":"Block Potion"},{"floor":16,"key":"Weak Potion"},{"floor":18,"key":"EssenceOfSteel"},{"floor":20,"key":"Energy Potion"},{"floor":30,"key":"LiquidBronze"},{"floor":31,"key":"Explosive Potion"}],"is_trial":false,"path_per_floor":["M","?","M","M","?","R","E","M","T","R","?","?","E","M","R","B",null,"M","?","M","$","?","R","M","E","T","$","M","R","E","E","R","B"],"character_chosen":"THE_SILENT","items_purchased":["Pear","GhostInAJar"],"campfire_rested":3,"item_purchase_floors":[21,27],"current_hp_per_floor":[65,65,64,62,39,39,33,33,47,47,47,47,27,24,51,27,76,61,61,48,58,58,88,86,86,86,86,85,85,84,36,66,0],"gold":238,"neow_bonus":"TWENTY_PERCENT_HP_BONUS","is_prod":false,"is_daily":false,"chose_seed":false,"campfire_upgraded":3,"win_rate":0,"timestamp":1557778201,"path_taken":["M","?","M","?","?","R","E","M","T","R","?","?","E","M","R","BOSS","M","?","?","$","?","R","?","E","T","$","M","R","E","E","R","BOSS"],"build_version":"2019-01-23","purchased_purges":2,"victory":false,"max_hp_per_floor":[78,78,78,78,78,78,78,78,92,92,92,92,92,92,92,92,92,92,92,92,102,102,102,102,102,102,102,102,102,102,102,102,102],"card_choices":[{"not_picked":["Bane","Underhanded Strike"],"picked":"Backstab","floor":1},{"not_picked":["Blade Dance","Dodge and Roll"],"picked":"Poisoned Stab","floor":3},{"not_picked":["Caltrops","Terror"],"picked":"Deadly Poison","floor":4},{"not_picked":["Underhanded Strike","Endless Agony"],"picked":"Poisoned Stab","floor":7},{"not_picked":["Quick Slash","Bane"],"picked":"Backflip","floor":8},{"not_picked":["Tactician","Finisher","Heel Hook"],"picked":"SKIP","floor":13},{"not_picked":["Eviscerate","Cloak And Dagger","Prepared"],"picked":"SKIP","floor":14},{"not_picked":["Glass Knife","Unload"],"picked":"Burst","floor":16},{"not_picked":["Eviscerate","Cloak And Dagger"],"picked":"PiercingWail","floor":18},{"not_picked":["Bouncing Flask","Well Laid Plans"],"picked":"Noxious Fumes+1","floor":20},{"not_picked":["Heel Hook","Underhanded Strike+1"],"picked":"Noxious Fumes","floor":24},{"not_picked":["Flying Knee","Outmaneuver"],"picked":"PiercingWail","floor":25},{"not_picked":["Endless Agony","Deflect","Cloak And Dagger"],"picked":"SKIP","floor":28},{"not_picked":["Predator","Setup+1","Accuracy"],"picked":"SKIP","floor":30},{"not_picked":["Terror","Dagger Spray","Bouncing Flask"],"picked":"SKIP","floor":31}],"player_experience":2694287,"relics_obtained":[{"floor":7,"key":"Old Coin"},{"floor":9,"key":"Mango"},{"floor":13,"key":"WingedGreaves"},{"floor":25,"key":"StoneCalendar"},{"floor":26,"key":"Gambling Chip"},{"floor":30,"key":"Bronze Scales"},{"floor":31,"key":"Dodecahedron"}],"event_choices":[{"damage_healed":0,"gold_gain":0,"player_choice":"Upgraded","damage_taken":0,"max_hp_gain":0,"max_hp_loss":0,"event_name":"Upgrade Shrine","floor":2,"gold_loss":0,"cards_upgraded":["Neutralize"]},{"damage_healed":0,"gold_gain":0,"player_choice":"Entered Light","damage_taken":23,"max_hp_gain":0,"max_hp_loss":0,"event_name":"Shining Light","floor":5,"gold_loss":0,"cards_upgraded":["Strike_G","Survivor"]},{"damage_healed":0,"gold_gain":0,"player_choice":"Left Gold","damage_taken":0,"max_hp_gain":0,"max_hp_loss":0,"event_name":"World of Goop","floor":11,"gold_loss":55},{"damage_healed":0,"gold_gain":150,"player_choice":"AGREE","damage_taken":0,"max_hp_gain":0,"max_hp_loss":0,"event_name":"Liars Game","floor":12,"gold_loss":0,"cards_obtained":["Doubt"]},{"damage_healed":0,"gold_gain":0,"player_choice":"Copied","damage_taken":0,"max_hp_gain":0,"max_hp_loss":0,"event_name":"Duplicator","floor":19,"gold_loss":0,"cards_obtained":["Backflip"]},{"damage_healed":0,"gold_gain":0,"cards_transformed":["Strike_G"],"player_choice":"Transformed","damage_taken":0,"max_hp_gain":0,"max_hp_loss":0,"event_name":"Transmorgrifier","floor":22,"gold_loss":0,"cards_obtained":["Acrobatics"]}],"is_beta":false,"boss_relics":[{"not_picked":["HoveringKite","Black Star"],"picked":"Cursed Key"}],"items_purged_floors":[21,27],"is_endless":false,"potions_floor_spawned":[3,7,16,18,20,30,31],"killed_by":"Collector","ascension_level":20}