{"gold_per_floor":[119,35,53,65,65,99,99,118,118,118],"floor_reached":10,"playtime":3464,"items_purged":[],"score":136,"play_id":"2079b581-06c9-4a63-8be4-767e7dc5650f","local_time":"20190408193705","is_ascension_mode":true,"campfire_choices":[{"floor":7,"key":"REST"}],"neow_cost":"NONE","seed_source_timestamp":427240923200712,"circlet_count":0,"master_deck":["AscendersBane","Defend_G","Defend_G","Defend_G","Defend_G","Defend_G","Strike_G","Strike_G","Strike_G","Strike_G","Strike_G","Survivor","Neutralize","All Out Attack","Envenom","Escape Plan","Escape Plan","Malaise","Backstab"],"relics":["Ring of the Snake","Smiling Mask","Pantograph"],"potions_floor_usage":[6,8],"damage_taken":[{"damage":4,"enemies":"Small Slimes","floor":1,"turns":4},{"damage":9,"enemies":"Jaw Worm","floor":3,"turns":6},{"damage":4,"enemies":"2 Louse","floor":4,"turns":2},{"damage":28,"enemies":"Gremlin Nob","floor":6,"turns":4},{"damage":31,"enemies":"Large Slime","floor":8,"turns":11},{"damage":22,"enemies":"Red Slaver","floor":10,"turns":4}],"seed_played":"6964673478134759455","potions_obtained":[{"floor":4,"key":"Poison Potion"},{"floor":6,"key":"Energy Potion"},{"floor":8,"key":"SteroidPotion"}],"is_trial":false,"path_per_floor":["M","$","M","M","?","E","R","M","T","M"],"character_chosen":"THE_SILENT","items_purchased":["Envenom"],"campfire_rested":1,"item_purchase_floors":[2],"current_hp_per_floor":[55,55,46,42,47,19,40,9,9,0],"gold":118,"neow_bonus":"RANDOM_COMMON_RELIC","is_prod":false,"is_daily":false,"chose_seed":false,"campfire_upgraded":0,"win_rate":0,"timestamp":1554745025,"path_taken":["M","$","M","M","?","E","R","M","T","M"],"build_version":"2019-01-23","purchased_purges":0,"victory":false,"max_hp_per_floor":[66,66,66,66,71,71,71,71,71,71],"card_choices":[{"not_picked":["Deadly Poison","Quick Slash"],"picked":"All Out Attack","floor":1},{"not_picked":["Sucker Punch","Eviscerate"],"picked":"Escape Plan","floor":3},{"not_picked":["All Out Attack","Riddle With Holes"],"picked":"Escape Plan","floor":4},{"not_picked":["Reflex","Bane"],"picked":"Malaise","floor":6},{"not_picked":["Cloak And Dagger","Riddle With Holes"],"picked":"Backstab","floor":8}],"player_experience":2448318,"relics_obtained":[{"floor":6,"key":"Pantograph"}],"event_choices":[{"damage_healed":0,"gold_gain":0,"player_choice":"Donut","damage_taken":0,"max_hp_gain":5,"max_hp_loss":0,"event_name":"Big Fish","floor":5,"gold_loss":0}],"is_beta":false,"boss_relics":[],"items_purged_floors":[],"is_endless":false,"potions_floor_spawned":[4,6,8],"killed_by":"Red Slaver","ascension_level":20}