{"gold_per_floor":[112,123,134,144,144,171,171,197,245,245,8,24,24,35,35,138,138,150,164,89,89,102,102,133,133,210,210,154,2,2,30,30,134,184,203,222,222,237,237,237,237,237,237,263,273,273,673,152,152,152],"floor_reached":51,"playtime":4052,"items_purged":["Strike_G","Strike_G"],"score":885,"play_id":"fa3dc7ae-0f37-4f49-9455-3135c3be8914","local_time":"20190525164646","is_ascension_mode":true,"campfire_choices":[{"data":"Neutralize","floor":7,"key":"SMITH"},{"data":"Noxious Fumes","floor":10,"key":"SMITH"},{"data":"Bandage Up","floor":13,"key":"SMITH"},{"data":"Backflip","floor":15,"key":"SMITH"},{"data":"Crippling Poison","floor":23,"key":"SMITH"},{"data":"Noxious Fumes","floor":25,"key":"SMITH"},{"data":"Catalyst","floor":32,"key":"SMITH"},{"data":"Footwork","floor":40,"key":"SMITH"},{"data":"Well Laid Plans","floor":41,"key":"SMITH"},{"data":"Doppelganger","floor":42,"key":"SMITH"},{"data":"Noxious Fumes","floor":46,"key":"SMITH"},{"data":"Deflect","floor":49,"key":"SMITH"}],"neow_cost":"NONE","seed_source_timestamp":179034817711600,"circlet_count":0,"master_deck":["Defend_G","Defend_G","Defend_G","Defend_G+1","Defend_G","Strike_G","Strike_G","Survivor+1","Neutralize+1","Deflect+1","Quick Slash","Noxious Fumes+1","After Image","Noxious Fumes+1","Bandage Up+1","Backflip+1","Corpse Explosion","Backflip+1","Crippling Poison+1","Flying Knee+1","Footwork+1","Catalyst+1","Noxious Fumes+1","Well Laid Plans+1","Doppelganger+1","Blur+1","Deflect+1","Backflip+1","Blur+1","Noxious Fumes"],"relics":["Ring of the Snake","Bronze Scales","Pear","Lantern","Philosopher\u0027s Stone","Oddly Smooth Stone","Tiny Chest","MawBank","WingedGreaves","Mercury Hourglass","Tiny House","Pen Nib","PreservedInsect","Old Coin","War Paint"],"potions_floor_usage":[6,14,18,24,36,38,44,50,50,50],"damage_taken":[{"damage":0,"enemies":"Cultist","floor":1,"turns":4},{"damage":1,"enemies":"Jaw Worm","floor":2,"turns":7},{"damage":0,"enemies":"2 Louse","floor":3,"turns":3},{"damage":7,"enemies":"Large Slime","floor":4,"turns":9},{"damage":10,"enemies":"3 Sentries","floor":6,"turns":8},{"damage":33,"enemies":"Gremlin Nob","floor":8,"turns":5},{"damage":1,"enemies":"Red Slaver","floor":12,"turns":4},{"damage":1,"enemies":"Exordium Thugs","floor":14,"turns":4},{"damage":29,"enemies":"Slime Boss","floor":16,"turns":11},{"damage":2,"enemies":"Shell Parasite","floor":18,"turns":6},{"damage":5,"enemies":"2 Thieves","floor":19,"turns":3},{"damage":6,"enemies":"Shelled Parasite and Fungi","floor":22,"turns":4},{"damage":14,"enemies":"Gremlin Leader","floor":24,"turns":5},{"damage":4,"enemies":"Book of Stabbing","floor":31,"turns":5},{"damage":0,"enemies":"Automaton","floor":33,"turns":7},{"damage":35,"enemies":"3 Darklings","floor":35,"turns":4},{"damage":0,"enemies":"3 Shapes","floor":36,"turns":5},{"damage":7,"enemies":"3 Darklings","floor":38,"turns":4},{"damage":0,"enemies":"Nemesis","floor":44,"turns":7},{"damage":6,"enemies":"Maw","floor":45,"turns":7},{"damage":0,"enemies":"Mind Bloom Boss Battle","floor":47,"turns":5},{"damage":11,"enemies":"Donu and Deca","floor":50,"turns":6}],"seed_played":"-396061426798965256","potions_obtained":[{"floor":1,"key":"SkillPotion"},{"floor":4,"key":"SkillPotion"},{"floor":8,"key":"SpeedPotion"},{"floor":14,"key":"Weak Potion"},{"floor":21,"key":"PowerPotion"},{"floor":21,"key":"Swift Potion"},{"floor":33,"key":"GhostInAJar"},{"floor":36,"key":"Regen Potion"},{"floor":47,"key":"Fire Potion"}],"is_trial":false,"path_per_floor":["M","M","M","M","?","E","R","E","T","R","$","M","R","M","R","B",null,"M","M","?","?","M","R","E","R","T","?","$","$","T","E","R","B",null,"M","M","?","M","?","R","R","R","T","E","M","R","?","$","R","B",null],"character_chosen":"THE_SILENT","items_purchased":["Noxious Fumes","Bandage Up","Footwork","Catalyst","Noxious Fumes","Blur","War Paint","Noxious Fumes","Energy Potion","Ancient Potion"],"campfire_rested":0,"item_purchase_floors":[11,11,28,29,29,48,48,48,48,48],"current_hp_per_floor":[77,76,76,69,69,59,59,36,36,36,36,39,39,44,44,21,87,87,82,82,82,82,82,74,74,74,74,74,74,74,76,76,82,92,57,63,63,76,76,76,76,76,76,82,82,82,88,88,88,83],"gold":152,"neow_bonus":"TEN_PERCENT_HP_BONUS","is_prod":false,"is_daily":false,"chose_seed":false,"campfire_upgraded":12,"win_rate":0,"timestamp":1558824406,"path_taken":["M","M","M","?","?","E","R","E","T","R","$","M","R","M","R","BOSS","M","M","?","?","?","R","E","R","T","?","?","$","?","E","R","BOSS","M","M","?","M","?","R","R","R","T","E","M","R","?","$","R","BOSS"],"build_version":"2019-01-23","purchased_purges":2,"victory":true,"max_hp_per_floor":[77,77,77,77,77,77,77,87,87,87,87,87,87,87,87,87,87,87,87,87,87,87,87,87,87,87,87,87,87,87,87,87,87,92,92,92,92,92,92,92,92,92,92,92,92,92,92,92,92,92],"card_choices":[{"not_picked":["Crippling Poison","PiercingWail"],"picked":"Deflect","floor":1},{"not_picked":["Slice","Underhanded Strike"],"picked":"Quick Slash","floor":2},{"not_picked":["Prepared","Outmaneuver","Quick Slash"],"picked":"SKIP","floor":3},{"not_picked":["Deadly Poison","Slice"],"picked":"Noxious Fumes","floor":4},{"not_picked":["Dagger Spray","Dodge and Roll"],"picked":"After Image","floor":6},{"not_picked":["Masterful Stab","Blade Dance","Dodge and Roll"],"picked":"SKIP","floor":8},{"not_picked":["Riddle With Holes","Outmaneuver"],"picked":"Backflip","floor":12},{"not_picked":["Dagger Spray","Dagger Throw","Outmaneuver"],"picked":"SKIP","floor":14},{"not_picked":["After Image","Glass Knife"],"picked":"Corpse Explosion","floor":16},{"not_picked":["Calculated Gamble","Underhanded Strike"],"picked":"Backflip+1","floor":18},{"not_picked":["Calculated Gamble+1","Dagger Spray","Terror"],"picked":"SKIP","floor":19},{"not_picked":["Quick Slash+1","Reflex"],"picked":"Crippling Poison","floor":22},{"not_picked":["Quick Slash+1","Slice+1"],"picked":"Flying Knee+1","floor":24},{"not_picked":["Phantasmal Killer","Poisoned Stab"],"picked":"Well Laid Plans","floor":31},{"not_picked":["Glass Knife","Wraith Form v2"],"picked":"Doppelganger","floor":33},{"not_picked":["Deadly Poison+1","Acrobatics+1"],"picked":"Blur+1","floor":35},{"not_picked":["Deadly Poison+1","Expertise"],"picked":"Deflect+1","floor":36},{"not_picked":["Prepared","Poisoned Stab"],"picked":"Backflip+1","floor":38},{"not_picked":["Quick Slash+1","Venomology","Deadly Poison+1"],"picked":"SKIP","floor":44},{"not_picked":["Backstab","Reflex+1","Skewer+1"],"picked":"SKIP","floor":45}],"player_experience":25390,"relics_obtained":[{"floor":6,"key":"Bronze Scales"},{"floor":8,"key":"Pear"},{"floor":9,"key":"Lantern"},{"floor":24,"key":"Oddly Smooth Stone"},{"floor":26,"key":"Tiny Chest"},{"floor":27,"key":"MawBank"},{"floor":30,"key":"WingedGreaves"},{"floor":31,"key":"Mercury Hourglass"},{"floor":43,"key":"Pen Nib"},{"floor":44,"key":"PreservedInsect"},{"floor":47,"key":"Old Coin"}],"event_choices":[{"damage_healed":0,"gold_gain":0,"player_choice":"Ignored","damage_taken":0,"max_hp_gain":0,"max_hp_loss":0,"event_name":"Liars Game","floor":5,"gold_loss":0},{"cards_removed":["Strike_G"],"damage_healed":0,"gold_gain":0,"player_choice":"Gave Gold","damage_taken":0,"max_hp_gain":0,"max_hp_loss":0,"event_name":"Beggar","floor":20,"gold_loss":75},{"damage_healed":0,"gold_gain":0,"player_choice":"Got Potions","damage_taken":0,"max_hp_gain":0,"max_hp_loss":0,"event_name":"Lab","floor":21,"gold_loss":0},{"damage_healed":0,"gold_gain":0,"player_choice":"Relic","damage_taken":0,"max_hp_gain":0,"max_hp_loss":0,"event_name":"Wheel of Change","floor":27,"gold_loss":0},{"damage_healed":0,"gold_gain":0,"player_choice":"Ignored","damage_taken":0,"max_hp_gain":0,"max_hp_loss":0,"event_name":"Tomb of Lord Red Mask","floor":37,"gold_loss":0},{"damage_healed":0,"gold_gain":0,"player_choice":"Memory 1","damage_taken":0,"max_hp_gain":0,"max_hp_loss":0,"event_name":"SensoryStone","floor":39,"gold_loss":0},{"damage_healed":0,"gold_gain":0,"player_choice":"Fight","damage_taken":0,"max_hp_gain":0,"max_hp_loss":0,"event_name":"MindBloom","floor":47,"gold_loss":0}],"is_beta":false,"boss_relics":[{"not_picked":["Coffee Dripper","Fusion Hammer"],"picked":"Philosopher\u0027s Stone"},{"not_picked":["Runic Pyramid","Calling Bell"],"picked":"Tiny House"}],"items_purged_floors":[11,48],"is_endless":false,"potions_floor_spawned":[1,4,8,14,22,33,36,47],"ascension_level":1}