{"gold_per_floor":[19,35,35,53,66,66,91,91,116,131,159,159,191,217,217,288,288,300,215,2,2,17,49,49,79,79,79,79,96,111,130,130,202,202,217,217,217,228,228,228,248,273,273,36,71,71,101,114,114,114,114,114,114,14,47,47],"floor_reached":56,"playtime":4762,"items_purged":["Anger","Strike_R"],"score":1986,"play_id":"f0a4de97-9e38-4055-b0a7-c57c5619cdf2","local_time":"20190214231812","is_ascension_mode":true,"campfire_choices":[{"floor":6.0,"key":"REST"},{"data":"Body Slam","floor":12.0,"key":"SMITH"},{"data":"Uppercut","floor":15.0,"key":"SMITH"},{"data":"Armaments","floor":24.0,"key":"SMITH"},{"floor":27.0,"key":"REST"},{"data":"Inflame","floor":32.0,"key":"SMITH"},{"floor":40.0,"key":"REST"},{"data":"Whirlwind","floor":46.0,"key":"SMITH"},{"floor":49.0,"key":"RECALL"},{"data":"Spot Weakness","floor":53.0,"key":"SMITH"}],"neow_cost":"NO_GOLD","seed_source_timestamp":15774897324433,"circlet_count":0,"master_deck":["AscendersBane","Strike_R","Strike_R+1","Strike_R+1","Strike_R+1","Defend_R","Defend_R+1","Defend_R","Defend_R","Inflame+1","Clothesline","Flame Barrier","Thunderclap","Heavy Blade+1","Ghostly Armor","Spot Weakness+1","Uppercut+1","Seeing Red","Body Slam+1","Flex","Limit Break","Armaments+1","Necronomicurse","Battle Trance","Shrug It Off","Corruption","Burning Pact","Feel No Pain+1","Bludgeon","Whirlwind+1","Reaper"],"special_seed":0,"relics":["Burning Blood","Prayer Wheel","Whetstone","Dream Catcher","Oddly Smooth Stone","Bag of Marbles","Odd Mushroom","Snecko Eye","Happy Flower","Lee\u0027s Waffle","Necronomicon","Potion Belt","Pantograph","Runic Dome","Red Skull","Meat on the Bone","Singing Bowl","Magic Flower","Anchor"],"potions_floor_usage":[56],"damage_taken":[{"damage":14.0,"enemies":"Jaw Worm","floor":1.0,"turns":4.0},{"damage":13.0,"enemies":"Small Slimes","floor":2.0,"turns":4.0},{"damage":5.0,"enemies":"2 Louse","floor":4.0,"turns":3.0},{"damage":1.0,"enemies":"Red Slaver","floor":5.0,"turns":3.0},{"damage":6.0,"enemies":"Gremlin Nob","floor":7.0,"turns":3.0},{"damage":8.0,"enemies":"Blue Slaver","floor":10.0,"turns":4.0},{"damage":10.0,"enemies":"Lagavulin","floor":11.0,"turns":6.0},{"damage":14.0,"enemies":"3 Sentries","floor":13.0,"turns":5.0},{"damage":16.0,"enemies":"The Mushroom Lair","floor":14.0,"turns":3.0},{"damage":10.0,"enemies":"The Guardian","floor":16.0,"turns":12.0},{"damage":24.0,"enemies":"Shell Parasite","floor":18.0,"turns":4.0},{"damage":2.0,"enemies":"2 Thieves","floor":22.0,"turns":2.0},{"damage":17.0,"enemies":"Book of Stabbing","floor":23.0,"turns":4.0},{"damage":22.0,"enemies":"Gremlin Leader","floor":25.0,"turns":4.0},{"damage":23.0,"enemies":"Shelled Parasite and Fungi","floor":29.0,"turns":3.0},{"damage":4.0,"enemies":"Snecko","floor":30.0,"turns":4.0},{"damage":9.0,"enemies":"Snake Plant","floor":31.0,"turns":3.0},{"damage":57.0,"enemies":"Automaton","floor":33.0,"turns":7.0},{"damage":25.0,"enemies":"3 Darklings","floor":35.0,"turns":4.0},{"damage":0.0,"enemies":"3 Shapes","floor":38.0,"turns":1.0},{"damage":5.0,"enemies":"Spire Growth","floor":41.0,"turns":3.0},{"damage":35.0,"enemies":"Nemesis","floor":42.0,"turns":5.0},{"damage":10.0,"enemies":"Reptomancer","floor":45.0,"turns":4.0},{"damage":54.0,"enemies":"Nemesis","floor":47.0,"turns":5.0},{"damage":0.0,"enemies":"Maw","floor":48.0,"turns":4.0},{"damage":65.0,"enemies":"Awakened One","floor":50.0,"turns":10.0},{"damage":69.0,"enemies":"Time Eater","floor":51.0,"turns":6.0},{"damage":95.0,"enemies":"Shield and Spear","floor":55.0,"turns":5.0},{"damage":153,"enemies":"The Heart","floor":56,"turns":8}],"seed_played":"-6255582652238958815","potions_obtained":[{"floor":4.0,"key":"SneckoOil"},{"floor":5.0,"key":"SteroidPotion"},{"floor":7.0,"key":"PowerPotion"},{"floor":11.0,"key":"Swift Potion"},{"floor":14.0,"key":"Swift Potion"},{"floor":16.0,"key":"Swift Potion"},{"floor":22.0,"key":"Explosive Potion"},{"floor":29.0,"key":"AttackPotion"},{"floor":35.0,"key":"SpeedPotion"},{"floor":48.0,"key":"SkillPotion"},{"floor":55.0,"key":"Energy Potion"}],"is_trial":false,"path_per_floor":["M","M","?","M","M","R","E","?","T","M","E","R","E","?","R","B",null,"M","?","$","?","M","E","R","E","T","R","?","M","M","M","R","B",null,"M","?","?","M","?","R","M","E","T","$","E","R","E","M","R","B","B",null,"R","$","E","B"],"character_chosen":"IRONCLAD","items_purchased":["Lee\u0027s Waffle","Reaper"],"campfire_rested":3,"item_purchase_floors":[20,44],"current_hp_per_floor":[60,53,30,31,36,58,58,58,58,56,52,52,44,34,34,30,64,46,46,82,61,65,54,54,38,38,62,78,61,63,60,60,31,69,50,50,50,56,56,78,78,49,49,49,59,59,38,79,79,66,62,80,80,80,55,0],"gold":47,"neow_bonus":"ONE_RARE_RELIC","is_prod":false,"is_daily":false,"chose_seed":false,"campfire_upgraded":6,"win_rate":0,"timestamp":1550182692,"path_taken":["M","M","?","M","M","R","E","?","T","M","E","R","E","?","R","BOSS","M","?","$","?","M","E","R","E","T","R","?","M","M","M","R","BOSS","M","?","?","M","?","R","M","E","T","$","E","R","E","M","R","BOSS","BOSS","R","$","E","BOSS"],"build_version":"2019-01-23","purchased_purges":2,"victory":false,"max_hp_per_floor":[75,75,75,75,75,75,75,75,75,75,75,75,75,75,75,75,75,75,75,82,82,82,82,82,82,82,82,82,82,82,82,82,82,82,82,78,78,78,78,78,78,78,78,78,80,80,82,86,86,86,86,86,86,86,88,88],"card_choices":[{"not_picked":["Cleave","Warcry"],"picked":"Inflame","floor":1.0},{"not_picked":["Dropkick","True Grit"],"picked":"Clothesline","floor":1.0},{"not_picked":["Warcry","Body Slam"],"picked":"Flame Barrier","floor":2.0},{"not_picked":["Sword Boomerang","Sentinel"],"picked":"Thunderclap","floor":2.0},{"not_picked":["Heavy Blade","Warcry"],"picked":"Anger","floor":4.0},{"not_picked":["Combust","Sever Soul","Dual Wield"],"picked":"SKIP","floor":4.0},{"not_picked":["Brutality","Pummel"],"picked":"Heavy Blade","floor":5.0},{"not_picked":["Anger","Iron Wave"],"picked":"Ghostly Armor","floor":5.0},{"not_picked":["Clash","Wild Strike"],"picked":"Spot Weakness","floor":7.0},{"not_picked":["Searing Blow","Shrug It Off"],"picked":"Uppercut","floor":10.0},{"not_picked":["Feel No Pain","Sword Boomerang"],"picked":"Seeing Red","floor":10.0},{"not_picked":["Reckless Charge","Wild Strike"],"picked":"Body Slam","floor":11.0},{"not_picked":["Bludgeon","True Grit"],"picked":"Flex","floor":13.0},{"not_picked":["Feed","Berserk"],"picked":"Limit Break","floor":16.0},{"not_picked":["Ghostly Armor","Bloodletting+1"],"picked":"Armaments","floor":18.0},{"not_picked":["Cleave","Spot Weakness","Havoc"],"picked":"SKIP","floor":18.0},{"not_picked":["Thunderclap","Reckless Charge"],"picked":"Battle Trance","floor":22.0},{"not_picked":["Wild Strike","Body Slam","Carnage"],"picked":"SKIP","floor":22.0},{"not_picked":["Cleave","Body Slam","Brutality"],"picked":"SKIP","floor":23.0},{"not_picked":["Clash","Bloodletting+1"],"picked":"Shrug It Off","floor":25.0},{"not_picked":["Twin Strike","Thunderclap","Body Slam"],"picked":"SKIP","floor":29.0},{"not_picked":["Sword Boomerang","True Grit","Entrench"],"picked":"SKIP","floor":29.0},{"not_picked":["Evolve","Flex"],"picked":"Corruption","floor":30.0},{"not_picked":["Headbutt","Searing Blow"],"picked":"Burning Pact","floor":30.0},{"not_picked":["Perfected Strike","Twin Strike"],"picked":"Feel No Pain+1","floor":31.0},{"not_picked":["Rupture","Clash+1","Iron Wave"],"picked":"SKIP","floor":31.0},{"not_picked":["Limit Break","Brutality"],"picked":"Bludgeon","floor":33.0},{"not_picked":["Carnage","Power Through"],"picked":"Whirlwind","floor":35.0},{"not_picked":["Clash","Armaments+1","Ghostly Armor"],"picked":"SKIP","floor":35.0},{"not_picked":["Rage","Hemokinesis","Cleave"],"picked":"SKIP","floor":38.0},{"not_picked":["Evolve","Clothesline","Iron Wave"],"picked":"SKIP","floor":38.0},{"not_picked":["Thunderclap","Twin Strike","Headbutt"],"picked":"SKIP","floor":41.0},{"not_picked":["Thunderclap","Havoc+1","Cleave"],"picked":"SKIP","floor":41.0},{"not_picked":["Heavy Blade","Carnage","Wild Strike"],"picked":"SKIP","floor":42.0},{"not_picked":["Iron Wave","Evolve+1","Perfected Strike"],"picked":"Singing Bowl","floor":45.0},{"not_picked":["Cleave","Rupture","Second Wind+1"],"picked":"Singing Bowl","floor":47.0},{"not_picked":["Dropkick","Barricade","Pommel Strike"],"picked":"Singing Bowl","floor":48.0},{"not_picked":["Bloodletting","Whirlwind","Twin Strike"],"picked":"Singing Bowl","floor":48.0},{"not_picked":["Body Slam","Uppercut","Seeing Red"],"picked":"Singing Bowl","floor":55.0}],"player_experience":1684551,"relics_obtained":[{"floor":7.0,"key":"Whetstone"},{"floor":9.0,"key":"Dream Catcher"},{"floor":11.0,"key":"Oddly Smooth Stone"},{"floor":13.0,"key":"Bag of Marbles"},{"floor":14.0,"key":"Odd Mushroom"},{"floor":21.0,"key":"Necronomicon"},{"floor":23.0,"key":"Potion Belt"},{"floor":25.0,"key":"Pantograph"},{"floor":42.0,"key":"Red Skull"},{"floor":43.0,"key":"Meat on the Bone"},{"floor":45.0,"key":"Singing Bowl"},{"floor":47.0,"key":"Magic Flower"},{"floor":55.0,"key":"Anchor"}],"event_choices":[{"damage_healed":0.0,"max_hp_gain":0.0,"max_hp_loss":0.0,"gold_gain":0.0,"event_name":"Shining Light","player_choice":"Entered Light","floor":3.0,"gold_loss":0.0,"damage_taken":23.0,"cards_upgraded":["Defend_R","Strike_R"]},{"damage_healed":0.0,"max_hp_gain":0.0,"max_hp_loss":0.0,"gold_gain":0.0,"event_name":"Living Wall","player_choice":"Grow","floor":8.0,"gold_loss":0.0,"damage_taken":0.0,"cards_upgraded":["Heavy Blade"]},{"damage_healed":0.0,"max_hp_gain":0.0,"max_hp_loss":0.0,"gold_gain":0.0,"event_name":"Mushrooms","player_choice":"Fought Mushrooms","floor":14.0,"gold_loss":0.0,"damage_taken":0.0},{"damage_healed":0.0,"max_hp_gain":0.0,"max_hp_loss":0.0,"gold_gain":0.0,"event_name":"Addict","player_choice":"Obtained Relic","floor":19.0,"gold_loss":85.0,"damage_taken":0.0,"relics_obtained":["Happy Flower"]},{"damage_healed":0.0,"max_hp_gain":0.0,"max_hp_loss":0.0,"gold_gain":0.0,"event_name":"Cursed Tome","player_choice":"Obtained Book","floor":21.0,"gold_loss":0.0,"damage_taken":21.0},{"damage_healed":16.0,"max_hp_gain":0.0,"max_hp_loss":0.0,"gold_gain":0.0,"event_name":"The Library","player_choice":"Heal","floor":28.0,"gold_loss":0.0,"damage_taken":0.0},{"damage_healed":0.0,"max_hp_gain":0.0,"max_hp_loss":4.0,"gold_gain":0.0,"event_name":"Winding Halls","player_choice":"Max HP","floor":36.0,"gold_loss":0.0,"damage_taken":0.0},{"cards_removed":["Bash"],"damage_healed":0.0,"max_hp_gain":0.0,"max_hp_loss":0.0,"gold_gain":0.0,"event_name":"Falling","player_choice":"Removed Attack","floor":37.0,"gold_loss":0.0,"damage_taken":0.0},{"damage_healed":0.0,"max_hp_gain":0.0,"max_hp_loss":0.0,"gold_gain":0.0,"event_name":"Tomb of Lord Red Mask","player_choice":"Ignored","floor":39.0,"gold_loss":0.0,"damage_taken":0.0}],"is_beta":false,"boss_relics":[{"not_picked":["White Beast Statue","Busted Crown"],"picked":"Snecko Eye"},{"not_picked":["Black Blood","Orrery"],"picked":"Runic Dome"}],"items_purged_floors":[44,54],"is_endless":false,"potions_floor_spawned":[4,5,7,11,14,16,22,29,35,48,55],"killed_by":"The Heart","ascension_level":20}