{"gold_per_floor":[119,137,148,159,9,34,34,60,60,60,92,17,17,17,17,93,93,104,75,75,86,86,86],"floor_reached":23,"playtime":876,"items_purged":["Strike_R"],"score":514,"play_id":"12bad11b-1641-45a4-85f8-bcebde35019d","local_time":"20190512213937","is_ascension_mode":true,"campfire_choices":[{"data":"Carnage","floor":7.0,"key":"SMITH"},{"floor":10.0,"key":"REST"},{"data":"Whirlwind","floor":13.0,"key":"SMITH"},{"data":"Heavy Blade","floor":15.0,"key":"SMITH"}],"neow_cost":"NONE","seed_source_timestamp":119360026130072,"circlet_count":0,"master_deck":["AscendersBane","Strike_R","Strike_R+1","Strike_R","Defend_R","Defend_R+1","Defend_R","Defend_R+1","Bash","Carnage+1","Rampage+1","Spot Weakness","Inflame","Bludgeon","Anger","Heavy Blade+1","Whirlwind+1","Limit Break","Headbutt","Shrug It Off","Ghostly","Ghostly","Ghostly"],"special_seed":0,"relics":["Burning Blood","NeowsBlessing","War Paint","Whetstone","Kunai","WingedGreaves","Coffee Dripper","Enchiridion"],"potions_floor_usage":[],"damage_taken":[{"damage":0.0,"enemies":"Cultist","floor":1.0,"turns":1.0},{"damage":0.0,"enemies":"Small Slimes","floor":2.0,"turns":1.0},{"damage":0.0,"enemies":"2 Louse","floor":3.0,"turns":1.0},{"damage":0.0,"enemies":"2 Fungi Beasts","floor":4.0,"turns":2.0},{"damage":40.0,"enemies":"3 Sentries","floor":6.0,"turns":8.0},{"damage":20.0,"enemies":"Lagavulin","floor":8.0,"turns":5.0},{"damage":8.0,"enemies":"Gremlin Nob","floor":11.0,"turns":3.0},{"damage":0.0,"enemies":"Slime Boss","floor":16.0,"turns":5.0},{"damage":6.0,"enemies":"3 Byrds","floor":18.0,"turns":4.0},{"damage":1.0,"enemies":"Spheric Guardian","floor":21.0,"turns":2.0},{"damage":45,"enemies":"Gremlin Leader","floor":23,"turns":4}],"seed_played":"-238347658673278459","potions_obtained":[{"floor":1.0,"key":"SpeedPotion"},{"floor":2.0,"key":"Explosive Potion"},{"floor":8.0,"key":"FearPotion"},{"floor":11.0,"key":"Swift Potion"},{"floor":16.0,"key":"SpeedPotion"},{"floor":18.0,"key":"SteroidPotion"}],"is_trial":false,"path_per_floor":["M","M","M","M","$","E","R","E","T","R","E","?","R","?","R","B",null,"M","$","?","M","?","E"],"character_chosen":"IRONCLAD","items_purchased":["Bludgeon","Shrug It Off"],"campfire_rested":1,"item_purchase_floors":[5,19],"current_hp_per_floor":[74,75,75,75,75,41,41,27,27,49,47,47,47,47,47,53,70,70,70,49,54,37,0],"gold":86,"neow_bonus":"THREE_ENEMY_KILL","is_prod":false,"is_daily":false,"chose_seed":false,"campfire_upgraded":3,"win_rate":0,"timestamp":1557689977,"path_taken":["M","M","?","M","$","E","R","E","T","R","E","?","R","?","R","BOSS","M","$","?","M","?","E"],"build_version":"2019-01-23","purchased_purges":1,"victory":false,"max_hp_per_floor":[75,75,75,75,75,75,75,75,75,75,75,75,75,75,75,75,75,75,75,75,75,37,37],"card_choices":[{"not_picked":["Pommel Strike","Feel No Pain"],"picked":"Carnage","floor":1.0},{"not_picked":["Intimidate","True Grit"],"picked":"Rampage","floor":2.0},{"not_picked":["Cleave","Sword Boomerang"],"picked":"Spot Weakness","floor":3.0},{"not_picked":["Flex","Searing Blow"],"picked":"Inflame","floor":4.0},{"not_picked":["Intimidate","Iron Wave"],"picked":"Anger","floor":6.0},{"not_picked":["Iron Wave","Infernal Blade"],"picked":"Heavy Blade","floor":8.0},{"not_picked":["True Grit","Entrench"],"picked":"Whirlwind","floor":11.0},{"not_picked":["Immolate","Fiend Fire"],"picked":"Limit Break","floor":16.0},{"not_picked":["Sword Boomerang","Warcry"],"picked":"Headbutt","floor":18.0},{"not_picked":["Armaments","Dropkick","Metallicize"],"picked":"SKIP","floor":21.0}],"player_experience":2685282,"relics_obtained":[{"floor":6.0,"key":"War Paint"},{"floor":8.0,"key":"Whetstone"},{"floor":9.0,"key":"Kunai"},{"floor":11.0,"key":"WingedGreaves"},{"floor":20.0,"key":"Enchiridion"}],"event_choices":[{"cards_removed":["Strike_R"],"damage_healed":0.0,"max_hp_gain":0.0,"max_hp_loss":0.0,"gold_gain":0.0,"event_name":"The Cleric","player_choice":"Card Removal","floor":12.0,"gold_loss":75.0,"damage_taken":0.0},{"damage_healed":0.0,"max_hp_gain":0.0,"max_hp_loss":0.0,"gold_gain":0.0,"event_name":"Match and Keep!","player_choice":"0 cards matched","floor":14.0,"gold_loss":0.0,"damage_taken":0.0,"cards_obtained":[]},{"damage_healed":0.0,"max_hp_gain":0.0,"max_hp_loss":0.0,"gold_gain":0.0,"event_name":"Cursed Tome","player_choice":"Obtained Book","floor":20.0,"gold_loss":0.0,"damage_taken":21.0},{"damage_healed":0.0,"max_hp_gain":0.0,"max_hp_loss":38.0,"gold_gain":0.0,"event_name":"Ghosts","player_choice":"Became a Ghost","floor":22.0,"gold_loss":0.0,"damage_taken":0.0,"cards_obtained":["Ghostly","Ghostly","Ghostly"]}],"is_beta":false,"boss_relics":[{"not_picked":["Eternal Feather","Empty Cage"],"picked":"Coffee Dripper"}],"items_purged_floors":[5],"is_endless":false,"potions_floor_spawned":[1,2,8,11,16,18],"killed_by":"Gremlin Leader","ascension_level":20}