{"gold_per_floor":[13,29,40,51,51,51,80,80,80,80,95,195,205,130,130,204,204,218,234,31,47,47,79,79,93,93,110,123,137,137,156,156,231,231,246,246,146,146,146,146,163,163,163,163,181,27,60,80,80,80,80],"floor_reached":52,"playtime":3354,"items_purged":["Strike_G","Decay","Strike_G+1"],"score":1812,"play_id":"e3914bd3-4b35-45ac-8fd5-1df80e025651","local_time":"20181113195720","is_ascension_mode":true,"campfire_choices":[{"data":"Neutralize","floor":6.0,"key":"SMITH"},{"floor":8.0,"key":"REST"},{"data":"Infinite Blades","floor":10.0,"key":"SMITH"},{"data":"Leg Sweep","floor":15.0,"key":"SMITH"},{"floor":24.0,"key":"REST"},{"floor":30.0,"key":"REST"},{"data":"Blade Dance","floor":32.0,"key":"SMITH"},{"floor":40.0,"key":"REST"},{"data":"Accuracy","floor":49,"key":"SMITH"}],"neow_cost":"NO_GOLD","seed_source_timestamp":0,"circlet_count":0,"master_deck":["AscendersBane","Defend_G+1","Defend_G+1","Defend_G+1","Defend_G+1","Defend_G+1","Strike_G+1","Survivor+1","Neutralize+1","Deep Breath+1","Dramatic Entrance+1","Dagger Throw+1","Underhanded Strike+1","Infinite Blades+1","All Out Attack+1","Leg Sweep+1","Accuracy+1","Adrenaline+1","Deflect+1","PiercingWail+1","Trip+1","Infinite Blades+1","Backflip+1","Dagger Throw+1","Envenom+1","Corpse Explosion+1","Blade Dance+1","Slice+1","Footwork+1","Dash+1","After Image+1","Calculated Gamble+1","PiercingWail","Flash of Steel","Backflip+1","Cloak And Dagger","Accuracy+1","Leg Sweep"],"special_seed":0,"relics":["Ring of the Snake","Kunai","Shuriken","Cursed Key","Darkstone Periapt","Philosopher\u0027s Stone","Mark of the Bloom","Bottled Flame"],"potions_floor_usage":[51],"damage_taken":[{"damage":3.0,"enemies":"2 Louse","floor":1.0,"turns":3.0},{"damage":1.0,"enemies":"Cultist","floor":2.0,"turns":4.0},{"damage":0.0,"enemies":"Jaw Worm","floor":3.0,"turns":3.0},{"damage":9.0,"enemies":"Red Slaver","floor":4.0,"turns":5.0},{"damage":40.0,"enemies":"Gremlin Nob","floor":7.0,"turns":5.0},{"damage":6.0,"enemies":"Lots of Slimes","floor":11.0,"turns":3.0},{"damage":0.0,"enemies":"3 Louse","floor":13.0,"turns":1.0},{"damage":8.0,"enemies":"The Guardian","floor":16.0,"turns":10.0},{"damage":0.0,"enemies":"Chosen","floor":18.0,"turns":6.0},{"damage":4.0,"enemies":"Shell Parasite","floor":19.0,"turns":6.0},{"damage":8.0,"enemies":"Snecko","floor":21.0,"turns":8.0},{"damage":31.0,"enemies":"Gremlin Leader","floor":23.0,"turns":6.0},{"damage":17.0,"enemies":"Snake Plant","floor":25.0,"turns":4.0},{"damage":0.0,"enemies":"Chosen and Byrds","floor":27.0,"turns":4.0},{"damage":4.0,"enemies":"Centurion and Healer","floor":28.0,"turns":5.0},{"damage":3.0,"enemies":"Snecko","floor":29.0,"turns":4.0},{"damage":8.0,"enemies":"Cultist and Chosen","floor":31.0,"turns":5.0},{"damage":13.0,"enemies":"Champ","floor":33.0,"turns":11.0},{"damage":0.0,"enemies":"Orb Walker","floor":35.0,"turns":3.0},{"damage":0.0,"enemies":"3 Shapes","floor":41.0,"turns":4.0},{"damage":0,"enemies":"Spire Growth","floor":45,"turns":5},{"damage":1,"enemies":"Giant Head","floor":47,"turns":7},{"damage":1,"enemies":"Sphere and 2 Shapes","floor":48,"turns":4},{"damage":12,"enemies":"Donu and Deca","floor":50,"turns":6},{"damage":10,"enemies":"Awakened One","floor":51,"turns":17}],"seed_played":"573963061082495264","potions_obtained":[{"floor":2.0,"key":"LiquidBronze"},{"floor":7.0,"key":"Strength Potion"},{"floor":11.0,"key":"Explosive Potion"},{"floor":13.0,"key":"Dexterity Potion"},{"floor":27.0,"key":"Strength Potion"},{"floor":28.0,"key":"Explosive Potion"},{"floor":29.0,"key":"Weak Potion"},{"floor":35.0,"key":"Weak Potion"},{"floor":48,"key":"GamblersBrew"}],"is_trial":false,"path_per_floor":["M","M","M","M","?","R","E","R","T","R","M","?","M","$","R","B",null,"M","M","$","M","?","E","R","M","T","M","M","M","R","M","R","B",null,"M","?","$","?","?","R","M","?","T","?","M","$","E","M","R","B","B",null],"character_chosen":"THE_SILENT","items_purchased":["Trip","Infinite Blades","Backflip","Cloak And Dagger"],"campfire_rested":4,"item_purchase_floors":[20,20,20,46],"current_hp_per_floor":[56,55,55,46,46,46,6,25,25,25,19,19,19,19,19,11,52,52,48,48,40,40,9,28,11,11,11,7,4,23,15,15,2,50,50,50,50,50,50,50,50,50,50,50,50,50,49,48,48,36,26],"gold":80,"neow_bonus":"RANDOM_COLORLESS_2","is_prod":false,"is_daily":false,"chose_seed":false,"campfire_upgraded":5,"win_rate":0,"timestamp":1542135440,"path_taken":["M","M","M","M","?","R","E","R","T","R","?","?","M","$","R","BOSS","M","M","$","M","?","E","R","?","T","M","M","M","R","M","R","BOSS","M","?","$","?","?","R","?","?","T","?","?","$","E","M","R","BOSS","BOSS"],"build_version":"2018-11-12","purchased_purges":3,"victory":true,"max_hp_per_floor":[66,66,66,66,66,66,66,66,66,66,66,66,66,66,66,66,66,66,66,66,66,66,66,66,66,66,66,66,66,66,66,66,66,66,66,66,66,66,66,66,66,66,66,66,66,66,66,66,66,66,66],"card_choices":[{"not_picked":["Acrobatics","Expertise"],"picked":"Dagger Throw","floor":1.0},{"not_picked":["Blade Dance","Outmaneuver","Poisoned Stab"],"picked":"SKIP","floor":2.0},{"not_picked":["Blade Dance","Acrobatics"],"picked":"Underhanded Strike","floor":3.0},{"not_picked":["Blade Dance","Poisoned Stab"],"picked":"Infinite Blades","floor":4.0},{"not_picked":["Acrobatics","Well Laid Plans"],"picked":"All Out Attack","floor":7.0},{"not_picked":["Adrenaline","Bane"],"picked":"Leg Sweep","floor":11.0},{"not_picked":["Choke","Dagger Throw"],"picked":"Accuracy","floor":13.0},{"not_picked":["Envenom","Storm of Steel"],"picked":"Adrenaline","floor":16.0},{"not_picked":["Slice","Outmaneuver"],"picked":"Deflect","floor":18.0},{"not_picked":["Outmaneuver","Deadly Poison"],"picked":"PiercingWail","floor":19.0},{"not_picked":["Noxious Fumes","Flying Knee"],"picked":"Dagger Throw","floor":21.0},{"not_picked":["Setup","Deflect"],"picked":"Corpse Explosion","floor":23.0},{"not_picked":["Outmaneuver","Riddle With Holes"],"picked":"Blade Dance","floor":25.0},{"not_picked":["Setup","Quick Slash","Expertise"],"picked":"SKIP","floor":27.0},{"not_picked":["Noxious Fumes","Dagger Throw"],"picked":"Slice","floor":28.0},{"not_picked":["Quick Slash","Bane"],"picked":"Footwork","floor":29.0},{"not_picked":["Prepared+1","Poisoned Stab"],"picked":"Dash","floor":31.0},{"not_picked":["Tools of the Trade","Glass Knife"],"picked":"After Image","floor":33.0},{"not_picked":["Deflect+1","Setup"],"picked":"Calculated Gamble","floor":35.0},{"not_picked":["Underhanded Strike","Blur"],"picked":"PiercingWail","floor":41.0},{"not_picked":["Jack Of All Trades","Bandage Up"],"picked":"Flash of Steel","floor":42.0},{"not_picked":["Blur","Deadly Poison"],"picked":"Backflip+1","floor":45},{"not_picked":["All Out Attack+1","Tools of the Trade"],"picked":"Accuracy","floor":47},{"not_picked":["Deflect","Deadly Poison+1"],"picked":"Leg Sweep","floor":48}],"player_experience":1052115,"relics_obtained":[{"floor":7.0,"key":"Kunai"},{"floor":9.0,"key":"Shuriken"},{"floor":23.0,"key":"Darkstone Periapt"},{"floor":47,"key":"Bottled Flame"}],"event_choices":[{"damage_healed":0.0,"max_hp_gain":0.0,"max_hp_loss":0.0,"gold_gain":0.0,"event_name":"Wheel of Change","player_choice":"Cursed","floor":5.0,"gold_loss":0.0,"damage_taken":0.0,"cards_obtained":["Decay"]},{"damage_healed":0.0,"max_hp_gain":0.0,"max_hp_loss":0.0,"gold_gain":100.0,"event_name":"Wheel of Change","player_choice":"Gold","floor":12.0,"gold_loss":0.0,"damage_taken":0.0},{"damage_healed":0.0,"max_hp_gain":0.0,"max_hp_loss":0.0,"gold_gain":0.0,"cards_transformed":["Strike_G"],"event_name":"Transmorgrifier","player_choice":"Transformed","floor":22.0,"gold_loss":0.0,"damage_taken":0.0,"cards_obtained":["Envenom"]},{"damage_healed":0.0,"max_hp_gain":0.0,"max_hp_loss":0.0,"gold_gain":0.0,"event_name":"Tomb of Lord Red Mask","player_choice":"Ignored","floor":36.0,"gold_loss":0.0,"damage_taken":0.0},{"damage_healed":0.0,"max_hp_gain":0.0,"max_hp_loss":0.0,"gold_gain":0.0,"event_name":"MindBloom","player_choice":"Upgrade","floor":38.0,"gold_loss":0.0,"damage_taken":0.0,"cards_upgraded":["Defend_G","Defend_G","Defend_G","Defend_G","Defend_G","Strike_G","Strike_G","Strike_G","Survivor","Deep Breath","Dramatic Entrance","Dagger Throw","Underhanded Strike","All Out Attack","Accuracy","Adrenaline","Deflect","PiercingWail","Trip","Infinite Blades","Backflip","Dagger Throw","Envenom","Corpse Explosion","Slice","Footwork","Dash","After Image","Calculated Gamble"],"relics_obtained":["Mark of the Bloom"]},{"damage_healed":0.0,"max_hp_gain":0.0,"max_hp_loss":0.0,"gold_gain":0.0,"event_name":"Mysterious Sphere","player_choice":"Ignored","floor":39.0,"gold_loss":0.0,"damage_taken":0.0},{"damage_healed":0.0,"max_hp_gain":0.0,"max_hp_loss":0.0,"gold_gain":0.0,"event_name":"SensoryStone","player_choice":"Memory 1","floor":42.0,"gold_loss":0.0,"damage_taken":0.0},{"cards_removed":["Strike_G"],"damage_healed":0,"gold_gain":0,"player_choice":"Offered Basic","damage_taken":0,"max_hp_gain":0,"max_hp_loss":0,"event_name":"Bonfire Elementals","floor":44,"gold_loss":0}],"is_beta":true,"boss_relics":[{"not_picked":["Runic Pyramid","Sozu"],"picked":"Cursed Key"},{"not_picked":["White Beast Statue","WristBlade"],"picked":"Philosopher\u0027s Stone"}],"items_purged_floors":[14,37,46],"is_endless":false,"potions_floor_spawned":[2,7,11,13,16,19,27,28,29,33,35,48],"ascension_level":20}