{"gold_per_floor":[114,164,50,50,62,62,89,89,89,89,101,129,142,160,160,237,237,247,247,71,71,71,71,81,81,105,105,117,117,136,162,162,241,241,252,270,285,65,83,83,100,100,124,144,144,161,187,199,199,199],"floor_reached":50,"playtime":2989,"items_purged":["Reflex","Writhe","Shame"],"score":1058,"play_id":"ecf7a3ef-43bf-428c-ab7d-af18903d53de","local_time":"20181205160049","is_ascension_mode":true,"campfire_choices":[{"data":"Neutralize","floor":6.0,"key":"SMITH"},{"data":"Catalyst","floor":8.0,"key":"SMITH"},{"data":"Noxious Fumes","floor":15.0,"key":"SMITH"},{"data":"Skewer","floor":23.0,"key":"SMITH"},{"floor":25.0,"key":"RECALL"},{"data":"Sucker Punch","floor":27.0,"key":"SMITH"},{"data":"Finisher","floor":29.0,"key":"SMITH"},{"data":"Survivor","floor":32.0,"key":"SMITH"},{"data":"After Image","floor":40.0,"key":"SMITH"},{"data":"Catalyst","floor":42.0,"key":"SMITH"},{"data":"Terror","floor":49.0,"key":"SMITH"}],"neow_cost":"NONE","seed_source_timestamp":0,"circlet_count":0,"master_deck":["AscendersBane","Survivor+1","Neutralize+1","Dodge and Roll","Skewer+1","Slice","Dodge and Roll","Finisher+1","Cloak And Dagger","Catalyst+1","Dagger Spray","All Out Attack","Dash","Noxious Fumes+1","Sucker Punch+1","Dash","Glass Knife","Prepared+1","Backstab","Catalyst+1","Well Laid Plans","Slice","After Image+1","Deadly Poison","Dodge and Roll+1","Catalyst+1","Deflect","Terror+1","Normality","Noxious Fumes","Poisoned Stab+1","Acrobatics","Crippling Poison+1"],"special_seed":0,"relics":["Pandora\u0027s Box","Centennial Puzzle","Unceasing Top","Mummified Hand","Cursed Key","Nunchaku","PreservedInsect","Regal Pillow","Coffee Dripper","Mercury Hourglass"],"potions_floor_usage":[50],"damage_taken":[{"damage":3.0,"enemies":"Jaw Worm","floor":1.0,"turns":3.0},{"damage":0.0,"enemies":"Cultist","floor":5.0,"turns":2.0},{"damage":7.0,"enemies":"Lagavulin","floor":7.0,"turns":5.0},{"damage":2.0,"enemies":"Small Slimes","floor":11.0,"turns":3.0},{"damage":15.0,"enemies":"3 Sentries","floor":12.0,"turns":5.0},{"damage":0.0,"enemies":"2 Fungi Beasts","floor":13.0,"turns":2.0},{"damage":7.0,"enemies":"Exordium Thugs","floor":14.0,"turns":4.0},{"damage":10.0,"enemies":"Hexaghost","floor":16.0,"turns":8.0},{"damage":9.0,"enemies":"2 Thieves","floor":18.0,"turns":3.0},{"damage":6.0,"enemies":"3 Byrds","floor":24.0,"turns":3.0},{"damage":0.0,"enemies":"Centurion and Healer","floor":28.0,"turns":5.0},{"damage":8.0,"enemies":"Snake Plant","floor":30.0,"turns":3.0},{"damage":8.0,"enemies":"Slavers","floor":31.0,"turns":2.0},{"damage":7.0,"enemies":"Champ","floor":33.0,"turns":10.0},{"damage":0.0,"enemies":"Orb Walker","floor":35.0,"turns":2.0},{"damage":9.0,"enemies":"3 Darklings","floor":36.0,"turns":4.0},{"damage":2.0,"enemies":"Maw","floor":37.0,"turns":6.0},{"damage":0.0,"enemies":"4 Shapes","floor":39.0,"turns":5.0},{"damage":0.0,"enemies":"Jaw Worm Horde","floor":41.0,"turns":4.0},{"damage":5.0,"enemies":"Maw","floor":44.0,"turns":6.0},{"damage":0.0,"enemies":"3 Darklings","floor":46.0,"turns":5.0},{"damage":3.0,"enemies":"Nemesis","floor":47.0,"turns":5.0},{"damage":9.0,"enemies":"Transient","floor":48.0,"turns":6.0},{"damage":32,"enemies":"Awakened One","floor":50,"turns":9}],"seed_played":"5015513599440276615","potions_obtained":[{"floor":1.0,"key":"FearPotion"},{"floor":12.0,"key":"Energy Potion"},{"floor":13.0,"key":"Energy Potion"},{"floor":30.0,"key":"Fire Potion"},{"floor":33.0,"key":"Fruit Juice"},{"floor":35.0,"key":"GamblersBrew"},{"floor":36.0,"key":"AttackPotion"},{"floor":47.0,"key":"Weak Potion"},{"floor":48.0,"key":"Swift Potion"}],"is_trial":false,"path_per_floor":["M","?","$","?","M","R","E","R","T","?","M","E","M","M","R","B",null,"M","?","$","?","?","R","M","R","T","R","M","R","M","E","R","B",null,"M","M","M","$","M","R","M","R","T","M","?","M","E","M","R","B"],"character_chosen":"THE_SILENT","items_purchased":["Dash","Backstab","Catalyst","Deflect"],"campfire_rested":0,"item_purchase_floors":[3,20,38,38],"current_hp_per_floor":[56,50,50,55,55,55,48,48,48,48,46,31,31,24,24,14,57,48,48,48,48,48,48,42,42,42,42,42,42,34,26,26,19,63,63,54,52,52,52,52,52,52,52,47,47,47,44,35,35,3],"gold":199,"neow_bonus":"BOSS_RELIC","is_prod":false,"is_daily":false,"chose_seed":false,"campfire_upgraded":10,"win_rate":0,"timestamp":1544022049,"path_taken":["M","?","?","?","M","R","E","R","T","?","M","E","M","M","R","BOSS","M","?","$","?","?","R","M","R","T","R","M","R","M","E","R","BOSS","M","M","M","$","M","R","M","R","T","?","?","M","E","M","R","BOSS"],"build_version":"2018-12-05","purchased_purges":3,"victory":false,"max_hp_per_floor":[66,66,66,71,71,71,71,71,71,71,71,71,71,71,71,71,71,71,71,71,71,71,71,71,71,71,71,71,71,71,71,71,71,76,76,76,76,76,76,76,76,76,76,76,76,76,76,76,76,76],"card_choices":[{"not_picked":["Riddle With Holes","Poisoned Stab"],"picked":"All Out Attack","floor":1.0},{"not_picked":["Reflex","Accuracy","Deadly Poison"],"picked":"SKIP","floor":5.0},{"not_picked":["Prepared","Outmaneuver","Deadly Poison"],"picked":"SKIP","floor":7.0},{"not_picked":["Endless Agony","Cloak And Dagger"],"picked":"Sucker Punch","floor":11.0},{"not_picked":["Sucker Punch","Setup","Flying Knee"],"picked":"SKIP","floor":12.0},{"not_picked":["Prepared","Blade Dance","Expertise"],"picked":"SKIP","floor":13.0},{"not_picked":["Dagger Spray","Cloak And Dagger"],"picked":"Dash","floor":14.0},{"not_picked":["Grand Finale","A Thousand Cuts"],"picked":"Glass Knife","floor":16.0},{"not_picked":["Outmaneuver","Finisher"],"picked":"Prepared+1","floor":18.0},{"not_picked":["Bane+1","Deflect"],"picked":"Catalyst+1","floor":24.0},{"not_picked":["Flying Knee","Sucker Punch"],"picked":"Well Laid Plans","floor":28.0},{"not_picked":["Riddle With Holes","Backflip"],"picked":"Slice","floor":30.0},{"not_picked":["A Thousand Cuts","Eviscerate","Quick Slash"],"picked":"SKIP","floor":31.0},{"not_picked":["Grand Finale","Die Die Die"],"picked":"After Image","floor":33.0},{"not_picked":["Choke","Expertise"],"picked":"Deadly Poison","floor":35.0},{"not_picked":["All Out Attack+1","Sucker Punch"],"picked":"Dodge and Roll+1","floor":36.0},{"not_picked":["Dagger Throw","Dodge and Roll","Reflex+1"],"picked":"SKIP","floor":37.0},{"not_picked":["Setup","Poisoned Stab"],"picked":"Terror","floor":39.0},{"not_picked":["Quick Slash","Dodge and Roll","Poisoned Stab"],"picked":"SKIP","floor":41.0},{"not_picked":["Slice+1","Dagger Spray"],"picked":"Noxious Fumes","floor":44.0},{"not_picked":["Outmaneuver","Quick Slash"],"picked":"Poisoned Stab+1","floor":46.0},{"not_picked":["Expertise+1","Dagger Spray"],"picked":"Acrobatics","floor":47.0},{"not_picked":["Backflip+1","Distraction"],"picked":"Crippling Poison+1","floor":48.0}],"player_experience":1133690,"relics_obtained":[{"floor":7.0,"key":"Centennial Puzzle"},{"floor":9.0,"key":"Unceasing Top"},{"floor":12.0,"key":"Mummified Hand"},{"floor":26.0,"key":"PreservedInsect"},{"floor":31.0,"key":"Regal Pillow"},{"floor":47.0,"key":"Mercury Hourglass"}],"event_choices":[{"damage_healed":0.0,"max_hp_gain":0.0,"max_hp_loss":0.0,"gold_gain":50.0,"event_name":"FaceTrader","player_choice":"Touch","floor":2.0,"gold_loss":0.0,"damage_taken":6.0},{"damage_healed":0.0,"max_hp_gain":5.0,"max_hp_loss":0.0,"gold_gain":0.0,"event_name":"Big Fish","player_choice":"Donut","floor":4.0,"gold_loss":0.0,"damage_taken":0.0},{"damage_healed":0.0,"max_hp_gain":0.0,"max_hp_loss":0.0,"gold_gain":0.0,"cards_transformed":["Blade Dance"],"event_name":"Transmorgrifier","player_choice":"Transformed","floor":10.0,"gold_loss":0.0,"damage_taken":0.0,"cards_obtained":["Noxious Fumes"]},{"damage_healed":0.0,"max_hp_gain":0.0,"max_hp_loss":0.0,"gold_gain":0.0,"event_name":"The Mausoleum","player_choice":"Opened","floor":19.0,"gold_loss":0.0,"damage_taken":0.0,"relics_obtained":["Nunchaku"],"cards_obtained":["Writhe"]},{"damage_healed":0.0,"max_hp_gain":0.0,"max_hp_loss":0.0,"gold_gain":0.0,"event_name":"Ghosts","player_choice":"Ignored","floor":21.0,"gold_loss":0.0,"damage_taken":0.0},{"damage_healed":0.0,"max_hp_gain":0.0,"max_hp_loss":0.0,"gold_gain":0.0,"event_name":"Match and Keep!","player_choice":"0 cards matched","floor":22.0,"gold_loss":0.0,"damage_taken":0.0,"cards_obtained":[]},{"damage_healed":0.0,"max_hp_gain":0.0,"max_hp_loss":0.0,"gold_gain":0.0,"event_name":"Tomb of Lord Red Mask","player_choice":"Ignored","floor":45.0,"gold_loss":0.0,"damage_taken":0.0}],"is_beta":true,"boss_relics":[{"not_picked":["Ectoplasm","Velvet Choker"],"picked":"Cursed Key"},{"not_picked":["Snecko Eye","Astrolabe"],"picked":"Coffee Dripper"}],"items_purged_floors":[3,20,38],"is_endless":false,"potions_floor_spawned":[1,12,13,14,28,30,33,35,36,47,48],"killed_by":"Awakened One","ascension_level":20}