{"gold_per_floor":[117,117,33,103,103,131,131,166,166,186,251,251,267,283,283,360,360,377,302,302,302,316,316,346,346,346,346,346,358,358,45,45,123,123,139,139,156,176,13,13,47,47,47,82,82,0,0,14,14,14,14,14,14,14,39,39],"floor_reached":56,"playtime":71956,"items_purged":["Strike_R"],"score":1979,"play_id":"06747a28-2c68-43c5-b764-548aedd2bf17","local_time":"20190404180806","is_ascension_mode":true,"campfire_choices":[{"data":"Carnage","floor":7,"key":"SMITH"},{"data":"Uppercut","floor":15,"key":"SMITH"},{"data":"Limit Break","floor":23,"key":"SMITH"},{"data":"Disarm","floor":25,"key":"SMITH"},{"data":"Shrug It Off","floor":27,"key":"SMITH"},{"data":"Pummel","floor":32,"key":"SMITH"},{"data":"Entrench","floor":40,"key":"SMITH"},{"data":"Shrug It Off","floor":42,"key":"SMITH"},{"floor":45,"key":"RECALL"},{"data":"Feel No Pain","floor":47,"key":"SMITH"},{"data":"Pummel","floor":49,"key":"SMITH"},{"floor":53,"key":"REST"}],"neow_cost":"NONE","seed_source_timestamp":7258222106910,"circlet_count":0,"master_deck":["AscendersBane","Bash+1","Flex","Pummel+1","Spot Weakness","Carnage+1","Shrug It Off+1","Pummel+1","Disarm+1","Bludgeon","Limit Break+1","Uppercut+1","Offering","Inflame","Shrug It Off+1","Limit Break","Flex","Second Wind","Entrench+1","Wild Strike","Twin Strike","Flex","Spot Weakness+1","Shrug It Off+1","Feel No Pain+1","True Grit+1","Offering"],"relics":["Burning Blood","NeowsBlessing","Dodecahedron","Ancient Tea Set","Bag of Marbles","Strawberry","Meat on the Bone","Runic Pyramid","MutagenicStrength","Enchiridion","Pear","Gremlin Horn","Pantograph","Pandora\u0027s Box","Pen Nib","The Courier","Boot","Red Mask","Orichalcum"],"potions_floor_usage":[16,16,24,24,29,33,44,50,56,56],"damage_taken":[{"damage":0,"enemies":"2 Louse","floor":1,"turns":1},{"damage":0,"enemies":"Lagavulin","floor":6,"turns":1},{"damage":0,"enemies":"3 Sentries","floor":8,"turns":1},{"damage":0,"enemies":"Cultist","floor":10,"turns":2},{"damage":28,"enemies":"Gremlin Nob","floor":11,"turns":4},{"damage":5,"enemies":"Jaw Worm","floor":13,"turns":2},{"damage":0,"enemies":"2 Fungi Beasts","floor":14,"turns":2},{"damage":51,"enemies":"The Guardian","floor":16,"turns":14},{"damage":35,"enemies":"Shell Parasite","floor":18,"turns":4},{"damage":4,"enemies":"3 Byrds","floor":22,"turns":5},{"damage":46,"enemies":"Gremlin Leader","floor":24,"turns":3},{"damage":3,"enemies":"Snake Plant","floor":29,"turns":1},{"damage":23,"enemies":"Champ","floor":33,"turns":5},{"damage":16,"enemies":"Orb Walker","floor":35,"turns":2},{"damage":0,"enemies":"3 Shapes","floor":37,"turns":3},{"damage":28,"enemies":"Writhing Mass","floor":38,"turns":3},{"damage":2,"enemies":"Nemesis","floor":41,"turns":3},{"damage":24,"enemies":"Giant Head","floor":44,"turns":6},{"damage":0,"enemies":"Maw","floor":48,"turns":6},{"damage":17,"enemies":"Awakened One","floor":50,"turns":6},{"damage":49,"enemies":"Donu and Deca","floor":51,"turns":6},{"damage":54,"enemies":"Shield and Spear","floor":55,"turns":5},{"damage":81,"enemies":"The Heart","floor":56,"turns":5}],"seed_played":"-256368609412600980","potions_obtained":[{"floor":8,"key":"BloodPotion"},{"floor":11,"key":"BloodPotion"},{"floor":16,"key":"SteroidPotion"},{"floor":22,"key":"BloodPotion"},{"floor":24,"key":"SkillPotion"},{"floor":29,"key":"BloodPotion"},{"floor":35,"key":"LiquidBronze"},{"floor":41,"key":"Block Potion"},{"floor":48,"key":"Swift Potion"},{"floor":55,"key":"SkillPotion"}],"is_trial":false,"path_per_floor":["M","?","$","T","?","E","R","E","T","M","?","?","M","M","R","B",null,"M","$","?","?","M","R","E","R","T","R","?","M","?","$","R","B",null,"M","?","M","M","$","R","E","R","T","E","R","?","R","M","R","B","B",null,"R","$","E","B"],"character_chosen":"IRONCLAD","items_purchased":["Spot Weakness","Pantograph","Shrug It Off","Pen Nib"],"campfire_rested":1,"item_purchase_floors":[3,31,31,39],"current_hp_per_floor":[74,74,74,74,74,75,75,75,82,82,60,60,61,67,67,49,74,57,57,57,36,50,50,40,40,40,40,40,55,55,55,55,72,87,77,77,83,61,61,61,65,65,65,59,59,59,59,65,65,79,61,84,92,92,56,0],"gold":39,"neow_bonus":"THREE_ENEMY_KILL","is_prod":false,"is_daily":false,"chose_seed":false,"campfire_upgraded":10,"win_rate":0,"timestamp":1554394086,"path_taken":["M","?","$","?","?","E","R","E","T","?","?","?","?","M","R","BOSS","M","$","?","?","M","R","E","R","T","R","?","?","?","$","R","BOSS","M","?","M","?","?","R","E","R","T","E","R","?","R","M","R","BOSS","BOSS","R","$","E","BOSS"],"build_version":"2019-01-23","purchased_purges":1,"victory":false,"max_hp_per_floor":[75,75,75,75,75,75,75,75,82,82,82,82,82,82,82,82,82,82,82,82,82,82,82,92,92,92,92,92,92,92,92,92,92,92,92,92,92,92,92,92,92,92,92,92,92,92,92,92,92,92,92,92,92,92,92,92],"card_choices":[{"not_picked":["Perfected Strike","Metallicize"],"picked":"Flex","floor":1},{"not_picked":["Wild Strike","Thunderclap"],"picked":"Carnage","floor":6},{"not_picked":["Rupture","Second Wind"],"picked":"Shrug It Off","floor":8},{"not_picked":["Havoc","Warcry"],"picked":"Pummel","floor":10},{"not_picked":["Headbutt","Wild Strike"],"picked":"Disarm","floor":11},{"not_picked":["Shockwave","Shrug It Off"],"picked":"Limit Break","floor":13},{"not_picked":["Perfected Strike","Twin Strike"],"picked":"Uppercut","floor":14},{"not_picked":["Dark Embrace","Limit Break"],"picked":"Offering","floor":16},{"not_picked":["Pommel Strike+1","Heavy Blade","Warcry"],"picked":"SKIP","floor":18},{"not_picked":["Body Slam","Armaments"],"picked":"Inflame","floor":22},{"not_picked":["Evolve","Burning Pact","Sword Boomerang"],"picked":"SKIP","floor":24},{"not_picked":["Dual Wield","Warcry","Clash"],"picked":"SKIP","floor":29},{"not_picked":["Barricade","Dark Embrace"],"picked":"Limit Break","floor":33},{"not_picked":["Bloodletting","Anger"],"picked":"Spot Weakness+1","floor":35},{"not_picked":["Shrug It Off","Metallicize+1","Heavy Blade+1"],"picked":"SKIP","floor":37},{"not_picked":["Dual Wield","Searing Blow","Shrug It Off"],"picked":"SKIP","floor":38},{"not_picked":["Corruption","Headbutt","Bloodletting"],"picked":"SKIP","floor":41},{"not_picked":["Perfected Strike","Inflame"],"picked":"Feel No Pain","floor":44},{"not_picked":["Corruption","Flex"],"picked":"True Grit+1","floor":48},{"not_picked":["Blood for Blood+1","Wild Strike+1"],"picked":"Offering","floor":55}],"player_experience":2333622,"relics_obtained":[{"floor":4,"key":"Dodecahedron"},{"floor":6,"key":"Ancient Tea Set"},{"floor":8,"key":"Bag of Marbles"},{"floor":9,"key":"Strawberry"},{"floor":11,"key":"Meat on the Bone"},{"floor":21,"key":"Enchiridion"},{"floor":24,"key":"Pear"},{"floor":26,"key":"Gremlin Horn"},{"floor":41,"key":"The Courier"},{"floor":44,"key":"Boot"},{"floor":55,"key":"Orichalcum"}],"event_choices":[{"damage_healed":0,"gold_gain":0,"cards_transformed":["Strike_R"],"player_choice":"Transformed","damage_taken":0,"max_hp_gain":0,"max_hp_loss":0,"event_name":"Transmorgrifier","floor":2,"gold_loss":0,"cards_obtained":["Pummel"]},{"damage_healed":0,"gold_gain":0,"player_choice":"Upgraded","damage_taken":0,"max_hp_gain":0,"max_hp_loss":0,"event_name":"Upgrade Shrine","floor":5,"gold_loss":0,"cards_upgraded":["Bash"]},{"damage_healed":0,"gold_gain":30,"player_choice":"Searched \u00272\u0027 times","damage_taken":0,"max_hp_gain":0,"max_hp_loss":0,"event_name":"Dead Adventurer","floor":11,"gold_loss":0},{"damage_healed":0,"gold_gain":0,"player_choice":"1 cards matched","damage_taken":0,"max_hp_gain":0,"max_hp_loss":0,"event_name":"Match and Keep!","floor":12,"gold_loss":0,"cards_obtained":["Bludgeon"]},{"damage_healed":0,"gold_gain":0,"player_choice":"Inject Mutagens","damage_taken":0,"relics_obtained":["MutagenicStrength"],"max_hp_gain":0,"max_hp_loss":0,"event_name":"Drug Dealer","floor":20,"gold_loss":0},{"damage_healed":0,"gold_gain":0,"player_choice":"Obtained Book","damage_taken":21,"max_hp_gain":0,"max_hp_loss":0,"event_name":"Cursed Tome","floor":21,"gold_loss":0},{"cards_removed":["Strike_R"],"damage_healed":0,"gold_gain":0,"player_choice":"Offered Basic","damage_taken":0,"max_hp_gain":0,"max_hp_loss":0,"event_name":"Bonfire Elementals","floor":28,"gold_loss":0},{"damage_healed":0,"gold_gain":0,"player_choice":"0 cards matched","damage_taken":0,"max_hp_gain":0,"max_hp_loss":0,"event_name":"Match and Keep!","floor":30,"gold_loss":0,"cards_obtained":[]},{"damage_healed":0,"gold_gain":0,"player_choice":"Copied","damage_taken":0,"max_hp_gain":0,"max_hp_loss":0,"event_name":"Duplicator","floor":36,"gold_loss":0,"cards_obtained":["Shrug It Off"]},{"damage_healed":0,"gold_gain":0,"player_choice":"Paid","damage_taken":0,"relics_obtained":["Red Mask"],"max_hp_gain":0,"max_hp_loss":0,"event_name":"Tomb of Lord Red Mask","floor":46,"gold_loss":82}],"is_beta":false,"boss_relics":[{"not_picked":["Black Blood","Fusion Hammer"],"picked":"Runic Pyramid"},{"not_picked":["Runic Cube","Calling Bell"],"picked":"Pandora\u0027s Box"}],"items_purged_floors":[19],"is_endless":false,"potions_floor_spawned":[8,11,14,16,22,24,29,35,41,48,55],"killed_by":"The Heart","ascension_level":20}