{"gold_per_floor":[117,134,84,59,59,59,87,97,123,153,153,153,169,169,169,272,272,291,281,168,168,168,168,182,211,280,305,305,305,305,404,404,509,509,524,543,594,613,121,151,151,166,191,210,226,226,226,245,245,245],"floor_reached":50,"playtime":4286,"items_purged":["Defend_B","Parasite"],"score":569,"play_id":"19fd5523-5a4c-4a11-9405-d5596654b2cb","local_time":"20190525133048","is_ascension_mode":true,"campfire_choices":[{"data":"Zap","floor":6,"key":"SMITH"},{"data":"Conserve Battery","floor":11,"key":"SMITH"},{"data":"Loop","floor":15,"key":"SMITH"},{"data":"White Noise","floor":23,"key":"SMITH"},{"data":"Metamorphosis","floor":28,"key":"SMITH"},{"data":"Biased Cognition","floor":32,"key":"SMITH"},{"data":"Reboot","floor":41,"key":"SMITH"},{"data":"Doubt","floor":46,"key":"PURGE"},{"data":"Coolheaded","floor":49,"key":"SMITH"}],"neow_cost":"NONE","seed_source_timestamp":170680053950500,"circlet_count":0,"master_deck":["Defend_B","Zap+1","Dualcast","Leap","Conserve Battery+1","Coolheaded+1","Loop+1","Biased Cognition+1","Go for the Eyes+1","White Noise+1","Bite","Bite","Bite","Bite","Metamorphosis+1","White Noise+1","Reboot+1","Finesse","Blind"],"relics":["Cracked Core","Potion Belt","Centennial Puzzle","Thread and Needle","Sozu","Happy Flower","Mercury Hourglass","Vajra","MutagenicStrength","Cursed Key","Peace Pipe","Incense Burner","Letter Opener","Anchor"],"potions_floor_usage":[7,7,16,16,16,16,25,27,40,50],"damage_taken":[{"damage":2,"enemies":"2 Louse","floor":1,"turns":3},{"damage":5,"enemies":"Small Slimes","floor":2,"turns":3},{"damage":18,"enemies":"Gremlin Nob","floor":7,"turns":4},{"damage":0,"enemies":"Cultist","floor":8,"turns":3},{"damage":13,"enemies":"Lagavulin","floor":10,"turns":7},{"damage":0,"enemies":"Blue Slaver","floor":13,"turns":4},{"damage":21,"enemies":"Slime Boss","floor":16,"turns":11},{"damage":0,"enemies":"Shell Parasite","floor":18,"turns":9},{"damage":2,"enemies":"2 Thieves","floor":19,"turns":4},{"damage":1,"enemies":"Shelled Parasite and Fungi","floor":24,"turns":4},{"damage":28,"enemies":"Slavers","floor":25,"turns":7},{"damage":8,"enemies":"Book of Stabbing","floor":27,"turns":4},{"damage":34,"enemies":"Champ","floor":33,"turns":8},{"damage":2,"enemies":"Orb Walker","floor":35,"turns":3},{"damage":0,"enemies":"3 Darklings","floor":36,"turns":4},{"damage":1,"enemies":"2 Orb Walkers","floor":37,"turns":3},{"damage":2,"enemies":"Writhing Mass","floor":38,"turns":5},{"damage":3,"enemies":"Reptomancer","floor":40,"turns":6},{"damage":0,"enemies":"4 Shapes","floor":42,"turns":3},{"damage":0,"enemies":"Sphere and 2 Shapes","floor":44,"turns":3},{"damage":0,"enemies":"Spire Growth","floor":45,"turns":4},{"damage":0,"enemies":"Jaw Worm Horde","floor":48,"turns":3},{"damage":87,"enemies":"Time Eater","floor":50,"turns":8}],"seed_played":"4830465664021335810","potions_obtained":[{"floor":2,"key":"EntropicBrew"},{"floor":7,"key":"Strength Potion"},{"floor":13,"key":"SteroidPotion"}],"is_trial":false,"path_per_floor":["M","M","?","?","?","R","E","M","T","E","R","?","M","?","R","B",null,"M","M","$","?","?","R","M","E","T","E","R","?","?","?","R","B",null,"M","M","?","M","$","E","R","M","T","M","M","R","?","M","R","B"],"character_chosen":"DEFECT","items_purchased":["White Noise","Incense Burner","Finesse"],"campfire_rested":0,"item_purchase_floors":[20,39,39],"current_hp_per_floor":[73,70,70,70,70,70,54,56,56,45,45,45,47,52,52,33,80,80,78,78,78,78,78,80,58,58,62,62,62,62,62,62,52,80,80,80,79,78,77,77,77,77,77,77,77,77,77,77,77,0],"gold":245,"neow_bonus":"RANDOM_COMMON_RELIC","is_prod":false,"is_daily":false,"chose_seed":false,"campfire_upgraded":8,"win_rate":1,"timestamp":1558812648,"path_taken":["M","M","?","?","?","R","E","M","T","E","R","?","?","?","R","BOSS","M","M","$","?","?","R","?","E","T","E","R","?","?","?","R","BOSS","M","M","?","M","$","E","R","M","T","M","M","R","?","M","R","BOSS"],"build_version":"2019-01-23","purchased_purges":2,"victory":false,"max_hp_per_floor":[75,75,75,75,75,75,75,75,75,75,75,75,75,80,80,80,80,80,80,80,80,80,80,80,80,80,80,80,80,80,80,80,80,80,80,80,80,80,77,77,77,77,77,77,77,77,77,77,77,77],"card_choices":[{"not_picked":["Steam","Tempest"],"picked":"Leap","floor":1},{"not_picked":["Hello World","Streamline"],"picked":"Conserve Battery","floor":2},{"not_picked":["Go for the Eyes","Turbo","Fusion"],"picked":"SKIP","floor":7},{"not_picked":["Cold Snap","Amplify"],"picked":"Coolheaded","floor":8},{"not_picked":["Steam Power","Rainbow","Coolheaded"],"picked":"SKIP","floor":10},{"not_picked":["Streamline","Gash"],"picked":"Loop","floor":13},{"not_picked":["Multi-Cast","Meteor Strike"],"picked":"Biased Cognition","floor":16},{"not_picked":["Redo","Steam"],"picked":"Go for the Eyes+1","floor":18},{"not_picked":["Aggregate+1","Compile Driver","Streamline"],"picked":"SKIP","floor":19},{"not_picked":["Steam","Streamline","Gash"],"picked":"SKIP","floor":24},{"not_picked":["BootSequence","Amplify","Steam Power"],"picked":"SKIP","floor":25},{"not_picked":["Rip and Tear+1","Leap"],"picked":"White Noise+1","floor":27},{"not_picked":["Biased Cognition","Multi-Cast"],"picked":"Reboot","floor":33},{"not_picked":["Sunder+1","Rebound+1","Cold Snap+1"],"picked":"SKIP","floor":35},{"not_picked":["Lockon","Go for the Eyes","Turbo"],"picked":"SKIP","floor":36},{"not_picked":["Tempest+1","Streamline","Cold Snap+1"],"picked":"SKIP","floor":38},{"not_picked":["Turbo","Thunder Strike","Tempest+1"],"picked":"SKIP","floor":40},{"not_picked":["Ball Lightning","Fusion+1","Chaos"],"picked":"SKIP","floor":42},{"not_picked":["Glacier","Chill","Sweeping Beam+1"],"picked":"SKIP","floor":44},{"not_picked":["Hologram+1","Scrape","Beam Cell"],"picked":"SKIP","floor":45},{"not_picked":["Swift Strike","Dark Shackles"],"picked":"Blind","floor":47},{"not_picked":["Aggregate","BootSequence","Barrage"],"picked":"SKIP","floor":48}],"player_experience":17538,"relics_obtained":[{"floor":7,"key":"Potion Belt"},{"floor":9,"key":"Centennial Puzzle"},{"floor":10,"key":"Thread and Needle"},{"floor":25,"key":"Happy Flower"},{"floor":26,"key":"Mercury Hourglass"},{"floor":27,"key":"Vajra"},{"floor":37,"key":"Peace Pipe"},{"floor":40,"key":"Letter Opener"},{"floor":43,"key":"Anchor"}],"event_choices":[{"cards_removed":["Defend_B"],"damage_healed":0,"gold_gain":0,"player_choice":"Card Removal","damage_taken":0,"max_hp_gain":0,"max_hp_loss":0,"event_name":"The Cleric","floor":3,"gold_loss":50},{"damage_healed":0,"gold_gain":0,"player_choice":"Left Gold","damage_taken":0,"max_hp_gain":0,"max_hp_loss":0,"event_name":"World of Goop","floor":4,"gold_loss":25},{"damage_healed":0,"gold_gain":0,"player_choice":"Ignored","damage_taken":0,"max_hp_gain":0,"max_hp_loss":0,"event_name":"Liars Game","floor":5,"gold_loss":0},{"cards_removed":["Strike_B"],"damage_healed":0,"gold_gain":0,"player_choice":"Offered Basic","damage_taken":0,"max_hp_gain":0,"max_hp_loss":0,"event_name":"Bonfire Elementals","floor":12,"gold_loss":0},{"damage_healed":0,"gold_gain":0,"player_choice":"Donut","damage_taken":0,"max_hp_gain":5,"max_hp_loss":0,"event_name":"Big Fish","floor":14,"gold_loss":0},{"damage_healed":0,"gold_gain":0,"player_choice":"Became a vampire (Vial)","damage_taken":0,"max_hp_gain":0,"max_hp_loss":0,"event_name":"Vampires","floor":21,"relics_lost":["Blood Vial"],"gold_loss":0,"cards_obtained":["Bite","Bite","Bite","Bite","Bite"]},{"damage_healed":0,"gold_gain":0,"cards_transformed":["Bite"],"player_choice":"Transformed","damage_taken":0,"max_hp_gain":0,"max_hp_loss":0,"event_name":"Transmorgrifier","floor":22,"gold_loss":0,"cards_obtained":["Metamorphosis"]},{"cards_removed":["Defend_B"],"damage_healed":0,"gold_gain":0,"player_choice":"Elegance","damage_taken":0,"max_hp_gain":0,"max_hp_loss":0,"event_name":"Back to Basics","floor":29,"gold_loss":0},{"damage_healed":0,"gold_gain":0,"player_choice":"Inject Mutagens","damage_taken":0,"relics_obtained":["MutagenicStrength"],"max_hp_gain":0,"max_hp_loss":0,"event_name":"Drug Dealer","floor":30,"gold_loss":0},{"damage_healed":0,"gold_gain":99,"player_choice":"Stole From Cult","damage_taken":0,"max_hp_gain":0,"max_hp_loss":0,"event_name":"Nest","floor":31,"gold_loss":0},{"damage_healed":0,"gold_gain":0,"player_choice":"Fight","damage_taken":0,"max_hp_gain":0,"max_hp_loss":0,"event_name":"Mysterious Sphere","floor":37,"gold_loss":0},{"damage_healed":0,"gold_gain":0,"player_choice":"Memory 1","damage_taken":0,"max_hp_gain":0,"max_hp_loss":0,"event_name":"SensoryStone","floor":47,"gold_loss":0}],"is_beta":false,"boss_relics":[{"not_picked":["Tiny House","Fusion Hammer"],"picked":"Sozu"},{"not_picked":["Orrery","Philosopher\u0027s Stone"],"picked":"Cursed Key"}],"items_purged_floors":[20,39],"is_endless":false,"potions_floor_spawned":[2,7,13,24,25,38,42,45,48],"killed_by":"Time Eater","ascension_level":1}