{"gold_per_floor":[117,117,19,39,54,80,97,124,124,158,158,192,192,211,211,315,315,329,429,442,461,461,491,491,526,553,553,580,580,495,217,217,315,315,326,326,16,27,42,76,87,119,194,194,222,275,291,108,108,108],"floor_reached":51,"playtime":16621,"items_purged":["Strike_B","Strike_B","Defend_B"],"score":1125,"play_id":"efa135db-dfb3-4ad5-afb8-306697331962","local_time":"20190520103422","is_ascension_mode":true,"campfire_choices":[{"data":"Redo","floor":13.0,"key":"SMITH"},{"data":"Hologram","floor":15.0,"key":"SMITH"},{"data":"Coolheaded","floor":24.0,"key":"SMITH"},{"data":"Conserve Battery","floor":27.0,"key":"SMITH"},{"data":"Conserve Battery","floor":29.0,"key":"SMITH"},{"data":"Defragment","floor":32.0,"key":"SMITH"},{"data":"Storm","floor":44,"key":"SMITH"},{"data":"Capacitor","floor":49,"key":"SMITH"}],"neow_cost":"NONE","seed_source_timestamp":94417387037855,"circlet_count":0,"master_deck":["Strike_B","Defend_B","Defend_B","Defend_B","Zap","Dualcast+1","Ball Lightning","BootSequence","Chill","Redo+1","Self Repair","Hologram+1","Conserve Battery+1","Electrodynamics","Coolheaded+1","Conserve Battery+1","Self Repair","Loop","Undo","Defragment+1","Hologram","Multi-Cast","Defragment+1","Loop","Glacier+1","Storm+1","Recycle","Capacitor+1","BootSequence+1","Buffer","Glacier","Double Energy+1","Defragment","Loop","Defragment"],"special_seed":0,"relics":["Cracked Core","NeowsBlessing","Bag of Preparation","Strawberry","Mercury Hourglass","Pantograph","The Courier","Bronze Scales","Sozu","Question Card","Meat on the Bone","Juzu Bracelet","Regal Pillow","Pen Nib","Runic Pyramid","Chemical X","DataDisk","Bottled Tornado","Singing Bowl","Ancient Tea Set","FossilizedHelix"],"potions_floor_usage":[],"damage_taken":[{"damage":0.0,"enemies":"Cultist","floor":1.0,"turns":1.0},{"damage":0.0,"enemies":"Jaw Worm","floor":4.0,"turns":1.0},{"damage":0.0,"enemies":"Small Slimes","floor":5.0,"turns":1.0},{"damage":16.0,"enemies":"Gremlin Nob","floor":6.0,"turns":4.0},{"damage":3.0,"enemies":"Gremlin Gang","floor":7.0,"turns":4.0},{"damage":3.0,"enemies":"Lagavulin","floor":8.0,"turns":5.0},{"damage":20.0,"enemies":"Gremlin Nob","floor":10.0,"turns":3.0},{"damage":23.0,"enemies":"Lagavulin","floor":12.0,"turns":5.0},{"damage":0.0,"enemies":"Looter","floor":14.0,"turns":2.0},{"damage":28.0,"enemies":"Hexaghost","floor":16.0,"turns":9.0},{"damage":0.0,"enemies":"3 Byrds","floor":18.0,"turns":2.0},{"damage":0.0,"enemies":"Chosen","floor":20.0,"turns":3.0},{"damage":9.0,"enemies":"Shelled Parasite and Fungi","floor":21.0,"turns":5.0},{"damage":0.0,"enemies":"Gremlin Leader","floor":23.0,"turns":7.0},{"damage":22.0,"enemies":"Slavers","floor":25.0,"turns":3.0},{"damage":0.0,"enemies":"Gremlin Leader","floor":28.0,"turns":7.0},{"damage":37,"enemies":"Collector","floor":33,"turns":11},{"damage":2,"enemies":"Orb Walker","floor":35,"turns":3},{"damage":16,"enemies":"3 Darklings","floor":38,"turns":5},{"damage":8,"enemies":"Maw","floor":39,"turns":7},{"damage":15,"enemies":"Reptomancer","floor":40,"turns":6},{"damage":12,"enemies":"Spire Growth","floor":41,"turns":5},{"damage":0,"enemies":"Nemesis","floor":42,"turns":7},{"damage":2,"enemies":"Reptomancer","floor":45,"turns":4},{"damage":5,"enemies":"2 Orb Walkers","floor":46,"turns":3},{"damage":16,"enemies":"Jaw Worm Horde","floor":47,"turns":2},{"damage":0,"enemies":"Awakened One","floor":50,"turns":13}],"seed_played":"3942736034743354877","potions_obtained":[{"floor":1.0,"key":"Weak Potion"},{"floor":5.0,"key":"Weak Potion"},{"floor":6.0,"key":"Energy Potion"},{"floor":8.0,"key":"Fire Potion"},{"floor":10.0,"key":"PowerPotion"}],"is_trial":false,"path_per_floor":["M","?","$","M","M","E","M","E","T","E","?","E","R","M","R","B",null,"M","?","M","M","?","E","R","E","T","R","E","R","?","$","R","B",null,"M","?","$","M","M","E","M","E","T","R","E","?","M","$","R","B",null],"character_chosen":"DEFECT","items_purchased":["Ball Lightning","Pen Nib","Defragment","Hologram","Chemical X","Loop","Defragment","Loop","Defragment"],"campfire_rested":0,"item_purchase_floors":[3,31,31,31,37,37,48,48,48],"current_hp_per_floor":[75,75,75,75,75,66,63,60,60,40,40,24,24,24,24,28,82,82,82,82,80,80,82,82,74,74,74,81,81,81,81,81,59,82,82,82,82,80,82,81,82,82,82,82,82,82,73,73,73,82],"gold":108,"neow_bonus":"THREE_ENEMY_KILL","is_prod":false,"is_daily":false,"chose_seed":false,"campfire_upgraded":8,"win_rate":0,"timestamp":1558328662,"path_taken":["M","?","$","M","?","E","M","E","T","E","?","E","R","M","R","BOSS","M","?","?","M","?","E","R","E","T","R","E","R","?","$","R","BOSS","M","?","$","M","M","E","M","E","T","R","E","?","M","$","R","BOSS"],"build_version":"2019-01-23","purchased_purges":3,"victory":true,"max_hp_per_floor":[75,75,75,75,75,82,82,82,82,82,82,82,82,82,82,82,82,82,82,82,82,82,82,82,82,82,82,82,82,82,82,82,82,82,82,82,82,82,82,82,82,82,82,82,82,82,82,82,82,82],"card_choices":[{"not_picked":["Heatsinks","Barrage","Stack"],"picked":"SKIP","floor":1.0},{"not_picked":["Leap","Heatsinks"],"picked":"BootSequence","floor":4.0},{"not_picked":["Reprogram","Beam Cell","Stack"],"picked":"SKIP","floor":5.0},{"not_picked":["Barrage","Sweeping Beam"],"picked":"Chill","floor":6.0},{"not_picked":["Gash","Turbo"],"picked":"Redo","floor":7.0},{"not_picked":["Coolheaded","Sweeping Beam"],"picked":"Self Repair","floor":8.0},{"not_picked":["Go for the Eyes","Thunder Strike"],"picked":"Hologram","floor":10.0},{"not_picked":["Fusion","Barrage"],"picked":"Conserve Battery","floor":12.0},{"not_picked":["Gash","Turbo","Leap"],"picked":"SKIP","floor":14.0},{"not_picked":["Reboot","Thunder Strike"],"picked":"Electrodynamics","floor":16.0},{"not_picked":["Turbo","Barrage","Recycle"],"picked":"SKIP","floor":18.0},{"not_picked":["Heatsinks+1","Auto Shields"],"picked":"Coolheaded","floor":20.0},{"not_picked":["Recycle","Rebound"],"picked":"Conserve Battery","floor":21.0},{"not_picked":["Streamline","Steam"],"picked":"Loop","floor":23.0},{"not_picked":["Fission","Barrage","Steam","Sweeping Beam"],"picked":"SKIP","floor":25.0},{"not_picked":["Leap","Sweeping Beam","Compile Driver"],"picked":"Undo","floor":28.0},{"not_picked":["Core Surge","Reboot","Buffer"],"picked":"Multi-Cast","floor":33},{"not_picked":["Redo+1","Stack","Melter"],"picked":"Defragment+1","floor":35},{"not_picked":["Stack","Leap","Turbo"],"picked":"Glacier+1","floor":38},{"not_picked":["Sunder","Compile Driver","Sweeping Beam"],"picked":"Storm","floor":39},{"not_picked":["Reboot","Multi-Cast","Chill"],"picked":"Recycle","floor":40},{"not_picked":["Cold Snap","Go for the Eyes","Doom and Gloom+1"],"picked":"Capacitor","floor":41},{"not_picked":["Go for the Eyes+1","Steam","Leap+1"],"picked":"BootSequence+1","floor":42},{"not_picked":["All For One","Ball Lightning+1","Skim"],"picked":"Buffer","floor":45},{"not_picked":["Ball Lightning+1","Redo+1","Go for the Eyes+1"],"picked":"Glacier","floor":46},{"not_picked":["Hello World+1","Genetic Algorithm+1","Cold Snap+1"],"picked":"Double Energy+1","floor":47}],"player_experience":525619,"relics_obtained":[{"floor":2.0,"key":"Bag of Preparation"},{"floor":6.0,"key":"Strawberry"},{"floor":8.0,"key":"Mercury Hourglass"},{"floor":9.0,"key":"Pantograph"},{"floor":10.0,"key":"The Courier"},{"floor":12.0,"key":"Bronze Scales"},{"floor":23.0,"key":"Question Card"},{"floor":25.0,"key":"Meat on the Bone"},{"floor":28.0,"key":"Juzu Bracelet"},{"floor":40,"key":"DataDisk"},{"floor":42,"key":"Bottled Tornado"},{"floor":43,"key":"Singing Bowl"},{"floor":45,"key":"Ancient Tea Set"},{"floor":46,"key":"FossilizedHelix"}],"event_choices":[{"damage_healed":0.0,"max_hp_gain":0.0,"max_hp_loss":0.0,"gold_gain":0.0,"event_name":"Wheel of Change","player_choice":"Relic","floor":2.0,"gold_loss":0.0,"damage_taken":0.0},{"damage_healed":0.0,"max_hp_gain":0.0,"max_hp_loss":0.0,"gold_gain":0.0,"event_name":"Living Wall","player_choice":"Grow","floor":11.0,"gold_loss":0.0,"damage_taken":0.0,"cards_upgraded":["Dualcast"]},{"damage_healed":0.0,"max_hp_gain":0.0,"max_hp_loss":0.0,"gold_gain":100.0,"event_name":"Golden Shrine","player_choice":"Pray","floor":19.0,"gold_loss":0.0,"damage_taken":0.0},{"damage_healed":0.0,"max_hp_gain":0.0,"max_hp_loss":0.0,"gold_gain":0.0,"event_name":"The Library","player_choice":"Read","floor":22.0,"gold_loss":0.0,"damage_taken":0.0,"cards_obtained":["Self Repair"]},{"damage_healed":0.0,"max_hp_gain":0.0,"max_hp_loss":0.0,"gold_gain":0.0,"event_name":"Addict","player_choice":"Obtained Relic","floor":30.0,"gold_loss":85.0,"damage_taken":0.0,"relics_obtained":["Regal Pillow"]},{"cards_removed":["Strike_B"],"damage_healed":0,"gold_gain":0,"player_choice":"Removed Attack","damage_taken":0,"max_hp_gain":0,"max_hp_loss":0,"event_name":"Falling","floor":36,"gold_loss":0},{"damage_healed":0,"gold_gain":0,"player_choice":"Fight","damage_taken":0,"max_hp_gain":0,"max_hp_loss":0,"event_name":"Mysterious Sphere","floor":46,"gold_loss":0}],"is_beta":false,"boss_relics":[{"not_picked":["Eternal Feather","Snecko Eye"],"picked":"Sozu"},{"not_picked":["Orrery","Empty Cage"],"picked":"Runic Pyramid"}],"items_purged_floors":[3,31,37],"is_endless":false,"potions_floor_spawned":[1,5,6,8,10,18,20,33,35,40,46,47],"ascension_level":4}