{"gold_per_floor":[112,112,123,3,14,14,41,41,41,41,71,87,87,149,149,223,223,238,251,283,299,93,122,122,132,132,132,163,163,180,209,209,287,287,301,319,319,337,237,265,265,295,295,295,305,318,318,328,328,328,328,328,328,19,53,53],"floor_reached":57,"playtime":13258,"items_purged":["Strike_B","Strike_B","Defend_B"],"score":2780,"play_id":"1ced6ddd-7f04-4458-a867-a855f4ded0ce","local_time":"20190316204941","is_ascension_mode":true,"campfire_choices":[{"data":"Zap","floor":6.0,"key":"SMITH"},{"data":"Dualcast","floor":8.0,"key":"SMITH"},{"floor":10.0,"key":"REST"},{"data":"Auto Shields","floor":15.0,"key":"SMITH"},{"data":"Coolheaded","floor":24.0,"key":"SMITH"},{"floor":27.0,"key":"REST"},{"floor":32.0,"key":"REST"},{"floor":41.0,"key":"REST"},{"floor":44.0,"key":"REST"},{"data":"Biased Cognition","floor":47.0,"key":"SMITH"},{"floor":49,"key":"RECALL"},{"floor":53,"key":"REST"}],"neow_cost":"NONE","seed_source_timestamp":75899103981071,"circlet_count":0,"master_deck":["AscendersBane","Zap+1","Dualcast+1","Rip and Tear+1","Go for the Eyes+1","Steam Power+1","Undo","Ball Lightning","Auto Shields+1","Turbo","Electrodynamics","Rip and Tear","Skim","Biased Cognition+1","Coolheaded+1","Capacitor","Hologram","Genetic Algorithm","Leap","Ball Lightning","Beam Cell","Thunder Strike","Seek","Reinforced Body","Undo","Static Discharge+1","Conserve Battery+1"],"special_seed":0,"relics":["Astrolabe","The Courier","Oddly Smooth Stone","Vajra","Tiny Chest","Sozu","Red Mask","Bag of Preparation","Pocketwatch","Shuriken","Incense Burner","Anchor","Busted Crown","Letter Opener","Bird Faced Urn","Sling","Pen Nib","Mercury Hourglass"],"potions_floor_usage":[],"damage_taken":[{"damage":4.0,"enemies":"Small Slimes","floor":1.0,"turns":3.0},{"damage":2.0,"enemies":"2 Louse","floor":3.0,"turns":2.0},{"damage":0.0,"enemies":"Cultist","floor":5.0,"turns":3.0},{"damage":0.0,"enemies":"3 Sentries","floor":7.0,"turns":6.0},{"damage":23.0,"enemies":"Gremlin Nob","floor":11.0,"turns":4.0},{"damage":1.0,"enemies":"Large Slime","floor":12.0,"turns":2.0},{"damage":10.0,"enemies":"Lagavulin","floor":14.0,"turns":5.0},{"damage":14.0,"enemies":"The Guardian","floor":16.0,"turns":10.0},{"damage":0.0,"enemies":"Spheric Guardian","floor":18.0,"turns":3.0},{"damage":0.0,"enemies":"Chosen","floor":19.0,"turns":3.0},{"damage":0.0,"enemies":"Masked Bandits","floor":20.0,"turns":3.0},{"damage":0.0,"enemies":"3 Cultists","floor":21.0,"turns":3.0},{"damage":19.0,"enemies":"Book of Stabbing","floor":23.0,"turns":5.0},{"damage":0.0,"enemies":"Chosen and Byrds","floor":25.0,"turns":3.0},{"damage":24.0,"enemies":"Slavers","floor":28.0,"turns":3.0},{"damage":0.0,"enemies":"Centurion and Healer","floor":30.0,"turns":3.0},{"damage":0.0,"enemies":"Gremlin Leader","floor":31.0,"turns":4.0},{"damage":11.0,"enemies":"Collector","floor":33.0,"turns":7.0},{"damage":0.0,"enemies":"Orb Walker","floor":35.0,"turns":3.0},{"damage":0.0,"enemies":"3 Shapes","floor":36.0,"turns":3.0},{"damage":0.0,"enemies":"3 Darklings","floor":38.0,"turns":3.0},{"damage":35.0,"enemies":"Giant Head","floor":40.0,"turns":6.0},{"damage":32.0,"enemies":"Reptomancer","floor":42.0,"turns":5.0},{"damage":0.0,"enemies":"4 Shapes","floor":45.0,"turns":2.0},{"damage":0.0,"enemies":"Maw","floor":46.0,"turns":6.0},{"damage":12.0,"enemies":"Spire Growth","floor":48.0,"turns":4.0},{"damage":28,"enemies":"Awakened One","floor":50,"turns":9},{"damage":6,"enemies":"Donu and Deca","floor":51,"turns":9},{"damage":6,"enemies":"Shield and Spear","floor":55,"turns":6},{"damage":59,"enemies":"The Heart","floor":56,"turns":9}],"seed_played":"-8690651113089691831","potions_obtained":[{"floor":1.0,"key":"Fire Potion"},{"floor":3.0,"key":"Block Potion"},{"floor":16.0,"key":"Explosive Potion"}],"is_trial":false,"path_per_floor":["M","?","M","$","M","R","E","R","T","R","E","M","?","E","R","B",null,"M","M","?","M","$","E","R","M","T","R","E","?","M","E","R","B",null,"M","M","?","M","$","E","R","E","T","R","M","M","R","M","R","B","B",null,"R","$","E","B",null],"character_chosen":"DEFECT","items_purchased":["Auto Shields","Bag of Preparation","Sling","Pen Nib"],"campfire_rested":6,"item_purchase_floors":[4,22,54,54],"current_hp_per_floor":[60,53,51,51,51,51,51,51,51,71,48,47,47,37,37,23,59,59,59,59,59,59,40,40,40,40,61,37,37,37,37,58,47,65,65,65,65,65,65,30,51,19,19,40,44,52,52,46,46,26,28,60,71,71,65,14],"gold":53,"neow_bonus":"BOSS_RELIC","is_prod":false,"is_daily":false,"chose_seed":false,"campfire_upgraded":5,"win_rate":0,"timestamp":1552765781,"path_taken":["M","?","M","$","M","R","E","R","T","R","E","M","?","E","R","BOSS","M","M","?","M","$","E","R","M","T","R","E","?","M","E","R","BOSS","M","M","?","M","$","E","R","E","T","R","M","?","R","M","R","BOSS","BOSS","R","$","E","BOSS"],"build_version":"2019-01-23","purchased_purges":3,"victory":true,"max_hp_per_floor":[71,71,71,71,71,71,71,71,71,71,71,71,71,71,71,71,71,71,71,71,71,71,71,71,71,71,71,71,71,71,71,71,71,71,71,71,71,71,71,71,71,71,71,71,71,71,71,71,71,71,71,71,71,71,71,71],"card_choices":[{"not_picked":["Steam","Rebound"],"picked":"Undo","floor":1.0},{"not_picked":["Redo","Go for the Eyes"],"picked":"Ball Lightning","floor":3.0},{"not_picked":["Auto Shields","Reprogram"],"picked":"Turbo","floor":5.0},{"not_picked":["Hologram","Streamline"],"picked":"Electrodynamics","floor":7.0},{"not_picked":["Storm","Leap"],"picked":"Rip and Tear","floor":11.0},{"not_picked":["Rebound","Turbo","Stack"],"picked":"SKIP","floor":12.0},{"not_picked":["Sweeping Beam","Blizzard"],"picked":"Skim","floor":14.0},{"not_picked":["Fission","Core Surge"],"picked":"Biased Cognition","floor":16.0},{"not_picked":["Redo","Glacier"],"picked":"Coolheaded","floor":18.0},{"not_picked":["Compile Driver","Gash"],"picked":"Capacitor","floor":19.0},{"not_picked":["Barrage","Streamline"],"picked":"Hologram","floor":20.0},{"not_picked":["Static Discharge","Compile Driver","Redo"],"picked":"SKIP","floor":21.0},{"not_picked":["Streamline","Compile Driver"],"picked":"Genetic Algorithm","floor":23.0},{"not_picked":["Sunder","Go for the Eyes"],"picked":"Leap","floor":25.0},{"not_picked":["Sweeping Beam+1","Genetic Algorithm"],"picked":"Ball Lightning","floor":28.0},{"not_picked":["Static Discharge","Blizzard"],"picked":"Beam Cell","floor":30.0},{"not_picked":["Steam","Beam Cell"],"picked":"Thunder Strike","floor":31.0},{"not_picked":["Creative AI","Multi-Cast"],"picked":"Seek","floor":33.0},{"not_picked":[],"picked":"Reinforced Body","floor":35.0},{"not_picked":["Cold Snap"],"picked":"SKIP","floor":36.0},{"not_picked":[],"picked":"Static Discharge+1","floor":38.0},{"not_picked":["Go for the Eyes"],"picked":"SKIP","floor":40.0},{"not_picked":["Electrodynamics"],"picked":"SKIP","floor":42.0},{"not_picked":["Barrage"],"picked":"SKIP","floor":45.0},{"not_picked":[],"picked":"Conserve Battery+1","floor":46.0},{"not_picked":["Sweeping Beam"],"picked":"SKIP","floor":48.0},{"not_picked":["Consume+1"],"picked":"SKIP","floor":55}],"player_experience":2062480,"relics_obtained":[{"floor":7.0,"key":"The Courier"},{"floor":9.0,"key":"Oddly Smooth Stone"},{"floor":11.0,"key":"Vajra"},{"floor":14.0,"key":"Tiny Chest"},{"floor":20.0,"key":"Red Mask"},{"floor":23.0,"key":"Pocketwatch"},{"floor":26.0,"key":"Shuriken"},{"floor":28.0,"key":"Incense Burner"},{"floor":31.0,"key":"Anchor"},{"floor":40.0,"key":"Letter Opener"},{"floor":42.0,"key":"Bird Faced Urn"},{"floor":55,"key":"Mercury Hourglass"}],"event_choices":[{"cards_removed":["Defend_B"],"damage_healed":0.0,"max_hp_gain":0.0,"max_hp_loss":0.0,"gold_gain":0.0,"event_name":"Golden Wing","player_choice":"Card Removal","floor":2.0,"gold_loss":0.0,"damage_taken":7.0},{"damage_healed":0.0,"max_hp_gain":0.0,"max_hp_loss":0.0,"gold_gain":0.0,"event_name":"Liars Game","player_choice":"Ignored","floor":13.0,"gold_loss":0.0,"damage_taken":0.0},{"damage_healed":0.0,"max_hp_gain":0.0,"max_hp_loss":0.0,"gold_gain":0.0,"event_name":"Masked Bandits","player_choice":"Fought Bandits","floor":20.0,"gold_loss":0.0,"damage_taken":0.0},{"damage_healed":0.0,"max_hp_gain":0.0,"max_hp_loss":0.0,"gold_gain":0.0,"event_name":"Ghosts","player_choice":"Ignored","floor":29.0,"gold_loss":0.0,"damage_taken":0.0},{"damage_healed":0.0,"max_hp_gain":0.0,"max_hp_loss":0.0,"gold_gain":0.0,"cards_transformed":["Defend_B"],"event_name":"Transmorgrifier","player_choice":"Transformed","floor":37.0,"gold_loss":0.0,"damage_taken":0.0,"cards_obtained":["Undo"]}],"is_beta":false,"boss_relics":[{"not_picked":["Velvet Choker","Pandora\u0027s Box"],"picked":"Sozu"},{"not_picked":["Eternal Feather","Tiny House"],"picked":"Busted Crown"}],"items_purged_floors":[4,22,39],"is_endless":false,"potions_floor_spawned":[1,3,5,16,18,20,30,33,36,38,46],"ascension_level":20}