{"gold_per_floor":[109,123,135,151,50,50,77,87,87,122,36,55,87,102,102,179,179,195,195,205,205,205,205,234,234,261,293,338,370,114,146,146,223,223,243,256,303,26,36,71,71,101,101,51,62,73,23,33,33,33],"floor_reached":50,"playtime":3375,"items_purged":["Strike_R","Strike_R","Strike_R","Strike_R","Strike_R"],"score":1268,"play_id":"098a3942-36a1-4e35-933e-b6dff58c1bf8","local_time":"20190314223340","is_ascension_mode":true,"campfire_choices":[{"data":"Whirlwind","floor":6,"key":"SMITH"},{"floor":15,"key":"REST"},{"floor":23,"key":"REST"},{"floor":25,"key":"REST"},{"floor":32,"key":"REST"},{"floor":41,"key":"REST"},{"floor":49,"key":"RECALL"}],"neow_cost":"NONE","seed_source_timestamp":13383193748932,"circlet_count":0,"master_deck":["AscendersBane","Defend_R+1","Defend_R","Defend_R","Defend_R","Bash","Whirlwind+1","Thunderclap","Clothesline","Immolate+1","Shrug It Off","Armaments+1","Corruption","Sentinel","Headbutt","Shockwave","Inflame","Demon Form","Necronomicurse","Uppercut+1","Bloodletting+1","True Grit+1","Warcry+1","Shrug It Off","Dropkick"],"special_seed":0,"relics":["Burning Blood","Anchor","Gambling Chip","War Paint","Bottled Lightning","Busted Crown","Necronomicon","Strawberry","Paper Frog","MawBank","Girya","Whetstone","Smiling Mask","Eternal Feather","Bird Faced Urn","Chemical X","Matryoshka","PreservedInsect","Lantern","Magic Flower"],"potions_floor_usage":[10,10,16,24,33,37,37,48],"damage_taken":[{"damage":2,"enemies":"Small Slimes","floor":1,"turns":4},{"damage":12,"enemies":"Jaw Worm","floor":2,"turns":4},{"damage":0,"enemies":"2 Louse","floor":3,"turns":2},{"damage":2,"enemies":"Looter","floor":4,"turns":3},{"damage":7,"enemies":"3 Sentries","floor":7,"turns":3},{"damage":0,"enemies":"2 Fungi Beasts","floor":8,"turns":2},{"damage":20,"enemies":"Lagavulin","floor":10,"turns":6},{"damage":0,"enemies":"3 Louse","floor":12,"turns":1},{"damage":31,"enemies":"Gremlin Nob","floor":13,"turns":4},{"damage":24,"enemies":"Large Slime","floor":14,"turns":7},{"damage":0,"enemies":"Slime Boss","floor":16,"turns":6},{"damage":16,"enemies":"Spheric Guardian","floor":18,"turns":4},{"damage":16,"enemies":"3 Byrds","floor":20,"turns":3},{"damage":7,"enemies":"Book of Stabbing","floor":24,"turns":3},{"damage":7,"enemies":"3 Cultists","floor":27,"turns":3},{"damage":24,"enemies":"Gremlin Leader","floor":28,"turns":3},{"damage":7,"enemies":"Snecko","floor":29,"turns":3},{"damage":18,"enemies":"Book of Stabbing","floor":31,"turns":4},{"damage":46,"enemies":"Collector","floor":33,"turns":5},{"damage":0,"enemies":"Orb Walker","floor":35,"turns":2},{"damage":0,"enemies":"3 Darklings","floor":36,"turns":1},{"damage":3,"enemies":"2 Orb Walkers","floor":37,"turns":1},{"damage":0,"enemies":"Spire Growth","floor":39,"turns":2},{"damage":74,"enemies":"Reptomancer","floor":40,"turns":3},{"damage":41,"enemies":"Giant Head","floor":42,"turns":6},{"damage":0,"enemies":"Jaw Worm Horde","floor":45,"turns":2},{"damage":0,"enemies":"3 Darklings","floor":46,"turns":1},{"damage":14,"enemies":"Transient","floor":48,"turns":6},{"damage":77,"enemies":"Donu and Deca","floor":50,"turns":4}],"seed_played":"-2664857821781784437","potions_obtained":[{"floor":3,"key":"Energy Potion"},{"floor":7,"key":"Explosive Potion"},{"floor":14,"key":"Explosive Potion"},{"floor":16,"key":"Energy Potion"},{"floor":20,"key":"PowerPotion"},{"floor":24,"key":"Energy Potion"},{"floor":33,"key":"AttackPotion"},{"floor":42,"key":"Swift Potion"},{"floor":45,"key":"FearPotion"}],"is_trial":false,"path_per_floor":["M","M","M","M","$","R","E","M","T","E","$","M","E","M","R","B",null,"M","?","M","?","T","R","E","R","T","M","E","M","$","E","R","B",null,"M","M","?","$","M","E","R","E","T","$","M","M","$","M","R","B"],"character_chosen":"IRONCLAD","items_purchased":["Shrug It Off","Sentinel","Whetstone","Chemical X"],"campfire_rested":5,"item_purchase_floors":[5,11,30,38],"current_hp_per_floor":[72,66,72,75,75,75,74,75,75,61,61,67,42,24,46,52,69,59,38,28,7,14,40,39,65,65,64,46,45,45,33,59,19,70,76,82,85,85,87,21,59,28,28,28,40,49,49,53,68,0],"gold":33,"neow_bonus":"RANDOM_COMMON_RELIC","is_prod":false,"is_daily":false,"chose_seed":false,"campfire_upgraded":1,"win_rate":0,"timestamp":1552599220,"path_taken":["M","M","M","M","$","R","E","M","T","E","$","M","E","M","R","BOSS","M","?","M","?","?","R","E","R","T","M","E","M","?","E","R","BOSS","M","M","?","$","M","E","R","E","T","$","M","M","$","M","R","BOSS"],"build_version":"2019-01-23","purchased_purges":5,"victory":false,"max_hp_per_floor":[75,75,75,75,75,75,75,75,75,75,75,75,75,75,75,75,75,75,75,75,80,87,87,87,87,87,87,87,87,87,87,87,87,87,87,87,87,87,87,87,87,87,87,87,87,87,87,87,87,87],"card_choices":[{"not_picked":["Wild Strike","Bloodletting"],"picked":"Whirlwind","floor":1},{"not_picked":["Headbutt","Wild Strike"],"picked":"Thunderclap","floor":2},{"not_picked":["Clash","Warcry"],"picked":"Clothesline","floor":3},{"not_picked":["Iron Wave","Perfected Strike"],"picked":"Immolate","floor":4},{"not_picked":["Heavy Blade","Body Slam"],"picked":"Armaments","floor":7},{"not_picked":["Blood for Blood","Heavy Blade","Havoc"],"picked":"SKIP","floor":8},{"not_picked":["Sword Boomerang","Dropkick"],"picked":"Corruption","floor":10},{"not_picked":["Body Slam","Intimidate"],"picked":"Headbutt","floor":12},{"not_picked":["Clothesline","Rampage"],"picked":"Shockwave","floor":13},{"not_picked":["Twin Strike","Shrug It Off"],"picked":"Inflame","floor":14},{"not_picked":["Immolate","Impervious"],"picked":"Demon Form","floor":16},{"not_picked":["Clash"],"picked":"SKIP","floor":18},{"not_picked":["Body Slam"],"picked":"SKIP","floor":20},{"not_picked":["Evolve"],"picked":"SKIP","floor":24},{"not_picked":[],"picked":"Uppercut","floor":27},{"not_picked":[],"picked":"Bloodletting+1","floor":28},{"not_picked":["Heavy Blade"],"picked":"SKIP","floor":29},{"not_picked":["Body Slam"],"picked":"SKIP","floor":31},{"not_picked":[],"picked":"True Grit+1","floor":35},{"not_picked":["Body Slam"],"picked":"SKIP","floor":36},{"not_picked":["Armaments"],"picked":"SKIP","floor":39},{"not_picked":["Bludgeon"],"picked":"SKIP","floor":40},{"not_picked":["Bludgeon"],"picked":"SKIP","floor":40},{"not_picked":["Thunderclap"],"picked":"SKIP","floor":42},{"not_picked":[],"picked":"Warcry+1","floor":45},{"not_picked":[],"picked":"Shrug It Off","floor":46},{"not_picked":[],"picked":"Dropkick","floor":48}],"player_experience":2040747,"relics_obtained":[{"floor":7,"key":"Gambling Chip"},{"floor":10,"key":"War Paint"},{"floor":13,"key":"Bottled Lightning"},{"floor":19,"key":"Necronomicon"},{"floor":22,"key":"Strawberry"},{"floor":24,"key":"Paper Frog"},{"floor":26,"key":"MawBank"},{"floor":28,"key":"Girya"},{"floor":31,"key":"Smiling Mask"},{"floor":37,"key":"Bird Faced Urn"},{"floor":40,"key":"Matryoshka"},{"floor":42,"key":"PreservedInsect"},{"floor":43,"key":"Lantern"},{"floor":43,"key":"Magic Flower"}],"event_choices":[{"damage_healed":0,"gold_gain":0,"player_choice":"Obtained Book","damage_taken":21,"max_hp_gain":0,"max_hp_loss":0,"event_name":"Cursed Tome","floor":19,"gold_loss":0},{"damage_healed":0,"gold_gain":0,"player_choice":"Shed Blood","damage_taken":26,"max_hp_gain":5,"max_hp_loss":0,"event_name":"Forgotten Altar","floor":21,"gold_loss":0},{"damage_healed":0,"gold_gain":0,"player_choice":"Fight","damage_taken":0,"max_hp_gain":0,"max_hp_loss":0,"event_name":"Mysterious Sphere","floor":37,"gold_loss":0}],"is_beta":false,"boss_relics":[{"not_picked":["Cursed Key","Mark of Pain"],"picked":"Busted Crown"},{"not_picked":["Lizard Tail","Tiny House"],"picked":"Eternal Feather"}],"items_purged_floors":[5,30,38,44,47],"is_endless":false,"potions_floor_spawned":[3,7,8,14,16,20,24,33,36,42,45],"killed_by":"Donu and Deca","ascension_level":20}