{"gold_per_floor":[113,113,133,58,58,58,85,105,153,153,173,199,199,217,217,289,289,307,307,307,307,323,323,335,335,412,412,412,423,11,11,11,83,83,101,114,125,125,142,142,142,142],"floor_reached":42,"playtime":5343,"items_purged":["Strike_G"],"score":837,"play_id":"48c5fd07-2772-421b-8fa1-1eced985dc04","local_time":"20190326201048","is_ascension_mode":true,"campfire_choices":[{"data":"Poisoned Stab","floor":6,"key":"SMITH"},{"data":"Bullet Time","floor":10,"key":"SMITH"},{"data":"Neutralize","floor":15,"key":"SMITH"},{"floor":23,"key":"REST"},{"floor":25,"key":"REST"},{"data":"Malaise","floor":27,"key":"SMITH"},{"data":"Burst","floor":32,"key":"SMITH"},{"floor":40,"key":"REST"}],"neow_cost":"NONE","seed_source_timestamp":165491761427756,"circlet_count":0,"master_deck":["AscendersBane","Survivor","Neutralize+1","Poisoned Stab+1","Flying Knee","Bullet Time+1","Acrobatics","Bouncing Flask+1","Riddle With Holes","Burst+1","Choke","Flechettes","Escape Plan","Blur","Envenom","Malaise+1","Prepared+1","Noxious Fumes","Cloak And Dagger","Deflect","Violence","After Image","Well Laid Plans","Parasite","PiercingWail","Predator"],"relics":["Ring of the Snake","Art of War","Bag of Marbles","Ancient Tea Set","Dodecahedron","Pandora\u0027s Box","Pear","Chemical X","Eternal Feather","Ninja Scroll"],"potions_floor_usage":[0,7,12,16,16,33],"damage_taken":[{"damage":2,"enemies":"Jaw Worm","floor":1,"turns":7},{"damage":0,"enemies":"Cultist","floor":3,"turns":4},{"damage":5,"enemies":"Lagavulin","floor":7,"turns":5},{"damage":0,"enemies":"2 Louse","floor":8,"turns":3},{"damage":12,"enemies":"Exordium Thugs","floor":11,"turns":4},{"damage":17,"enemies":"3 Sentries","floor":12,"turns":10},{"damage":0,"enemies":"3 Louse","floor":14,"turns":3},{"damage":2,"enemies":"The Guardian","floor":16,"turns":8},{"damage":19,"enemies":"2 Thieves","floor":18,"turns":3},{"damage":28,"enemies":"Shell Parasite","floor":22,"turns":4},{"damage":0,"enemies":"Snecko","floor":24,"turns":2},{"damage":10,"enemies":"Sentry and Sphere","floor":29,"turns":4},{"damage":58,"enemies":"Champ","floor":33,"turns":12},{"damage":43,"enemies":"3 Darklings","floor":35,"turns":5},{"damage":0,"enemies":"3 Shapes","floor":36,"turns":8},{"damage":0,"enemies":"Writhing Mass","floor":37,"turns":5},{"damage":22,"enemies":"3 Darklings","floor":39,"turns":7},{"damage":54,"enemies":"Giant Head","floor":42,"turns":6}],"seed_played":"5397244748923175586","potions_obtained":[{"floor":0,"key":"PowerPotion"},{"floor":0,"key":"Fruit Juice"},{"floor":0,"key":"Poison Potion"},{"floor":7,"key":"LiquidBronze"},{"floor":12,"key":"Ancient Potion"},{"floor":14,"key":"Weak Potion"},{"floor":22,"key":"Regen Potion"},{"floor":33,"key":"Poison Potion"},{"floor":35,"key":"PowerPotion"},{"floor":36,"key":"SteroidPotion"}],"is_trial":false,"path_per_floor":["M","?","M","$","T","R","E","M","T","R","M","E","?","M","R","B",null,"M","?","?","T","M","R","M","R","T","R","?","M","$","?","R","B",null,"M","M","M","?","M","R","T","E"],"character_chosen":"THE_SILENT","items_purchased":["Violence","Chemical X"],"campfire_rested":3,"item_purchase_floors":[30,30],"current_hp_per_floor":[62,62,62,62,62,62,57,57,57,57,45,28,28,28,28,26,60,41,21,21,31,3,28,28,53,53,53,53,43,43,86,86,42,75,32,32,32,32,10,50,50,0],"gold":142,"neow_bonus":"THREE_SMALL_POTIONS","is_prod":false,"is_daily":false,"chose_seed":false,"campfire_upgraded":5,"win_rate":0,"timestamp":1553627448,"path_taken":["M","?","?","?","?","R","E","M","T","R","M","E","?","M","R","BOSS","M","?","?","?","?","R","M","R","T","R","?","M","$","?","R","BOSS","M","?","M","?","M","R","?","E"],"build_version":"2019-01-23","purchased_purges":1,"victory":false,"max_hp_per_floor":[71,71,71,71,71,71,71,71,71,71,71,71,71,71,71,71,71,71,76,76,86,86,86,86,86,86,86,86,86,86,86,86,86,86,86,86,86,86,86,86,86,86],"card_choices":[{"not_picked":["Bane","Infinite Blades"],"picked":"Poisoned Stab","floor":1},{"not_picked":["Distraction","Prepared"],"picked":"Flying Knee","floor":3},{"not_picked":["Night Terror","Setup"],"picked":"Bullet Time","floor":7},{"not_picked":["Deflect","Cloak And Dagger"],"picked":"Acrobatics","floor":8},{"not_picked":["Underhanded Strike","Acrobatics","Flying Knee"],"picked":"SKIP","floor":11},{"not_picked":["Slice","Accuracy"],"picked":"Bouncing Flask","floor":12},{"not_picked":["Distraction","Dagger Throw"],"picked":"Riddle With Holes","floor":14},{"not_picked":["Grand Finale","A Thousand Cuts"],"picked":"Burst","floor":16},{"not_picked":["Distraction","Sucker Punch"],"picked":"Prepared+1","floor":18},{"not_picked":["Endless Agony","Poisoned Stab","Dagger Throw"],"picked":"SKIP","floor":22},{"not_picked":["Underhanded Strike","Choke"],"picked":"Noxious Fumes","floor":24},{"not_picked":["Blade Dance","Bane"],"picked":"Deflect","floor":29},{"not_picked":["Unload","Tools of the Trade"],"picked":"After Image","floor":33},{"not_picked":["Sucker Punch+1","Heel Hook","Underhanded Strike+1"],"picked":"SKIP","floor":35},{"not_picked":["Blade Dance","Escape Plan"],"picked":"Well Laid Plans","floor":36},{"not_picked":["Dagger Spray","Deflect"],"picked":"PiercingWail","floor":37},{"not_picked":["Outmaneuver","Predator","Terror"],"picked":"SKIP","floor":39},{"not_picked":["Outmaneuver","Terror"],"picked":"Predator","floor":39}],"player_experience":2204499,"relics_obtained":[{"floor":5,"key":"Art of War"},{"floor":7,"key":"Bag of Marbles"},{"floor":9,"key":"Ancient Tea Set"},{"floor":12,"key":"Dodecahedron"},{"floor":21,"key":"Pear"},{"floor":41,"key":"Ninja Scroll"}],"event_choices":[{"cards_removed":["Strike_G"],"damage_healed":0,"gold_gain":0,"player_choice":"Purged","damage_taken":0,"max_hp_gain":0,"max_hp_loss":0,"event_name":"Purifier","floor":2,"gold_loss":0},{"damage_healed":0,"gold_gain":0,"player_choice":"Grow","damage_taken":0,"max_hp_gain":0,"max_hp_loss":0,"event_name":"Living Wall","floor":13,"gold_loss":0,"cards_upgraded":["Bouncing Flask"]},{"damage_healed":0,"gold_gain":0,"player_choice":"Shed Blood","damage_taken":25,"max_hp_gain":5,"max_hp_loss":0,"event_name":"Forgotten Altar","floor":19,"gold_loss":0},{"cards_removed":["Grand Finale"],"damage_healed":0,"gold_gain":0,"player_choice":"Elegance","damage_taken":0,"max_hp_gain":0,"max_hp_loss":0,"event_name":"Back to Basics","floor":20,"gold_loss":0},{"damage_healed":0,"gold_gain":0,"player_choice":"Read","damage_taken":0,"max_hp_gain":0,"max_hp_loss":0,"event_name":"The Library","floor":28,"gold_loss":0,"cards_obtained":["Cloak And Dagger"]},{"cards_removed":["All Out Attack"],"damage_healed":43,"gold_gain":0,"player_choice":"Offered Uncommon","damage_taken":0,"max_hp_gain":0,"max_hp_loss":0,"event_name":"Bonfire Elementals","floor":31,"gold_loss":0},{"damage_healed":0,"gold_gain":0,"player_choice":"Ignored","damage_taken":0,"max_hp_gain":0,"max_hp_loss":0,"event_name":"The Moai Head","floor":38,"gold_loss":0}],"is_beta":false,"boss_relics":[{"not_picked":["Empty Cage","Black Star"],"picked":"Pandora\u0027s Box"},{"not_picked":["Coffee Dripper","Velvet Choker"],"picked":"Eternal Feather"}],"items_purged_floors":[4],"is_endless":false,"potions_floor_spawned":[3,7,12,14,22,33,35,36,39],"killed_by":"Giant Head","ascension_level":20}