{"gold_per_floor":[99,99,99,20,20,20,20,20,20,20,20,20,20,20,20,20],"floor_reached":16,"playtime":779,"items_purged":[],"score":232,"play_id":"672dbb9f-9a9b-4652-b49a-819ac90c09f6","local_time":"20190324213941","is_ascension_mode":true,"campfire_choices":[{"floor":6,"key":"REST"},{"floor":8,"key":"REST"},{"floor":12,"key":"REST"},{"data":"Defragment","floor":15,"key":"SMITH"}],"neow_cost":"NONE","seed_source_timestamp":2595376106366,"circlet_count":0,"master_deck":["AscendersBane","Strike_B","Strike_B","Strike_B","Defend_B","Defend_B+1","Defend_B","Defend_B","Zap","Dualcast+1","Self Repair","Rip and Tear","White Noise","Go for the Eyes","Defragment+1","Sweeping Beam+1"],"relics":["Ectoplasm","Dead Branch","Molten Egg 2","Potion Belt","The Courier"],"potions_floor_usage":[7,13,13,13,16],"damage_taken":[{"damage":4,"enemies":"Small Slimes","floor":1,"turns":3},{"damage":11,"enemies":"Jaw Worm","floor":5,"turns":4},{"damage":39,"enemies":"Gremlin Nob","floor":7,"turns":4},{"damage":12,"enemies":"3 Sentries","floor":10,"turns":8},{"damage":0,"enemies":"2 Louse","floor":11,"turns":1},{"damage":18,"enemies":"Gremlin Nob","floor":13,"turns":4},{"damage":32,"enemies":"Hexaghost","floor":16,"turns":9}],"seed_played":"7310566156206882847","potions_obtained":[{"floor":1,"key":"Poison Potion"},{"floor":11,"key":"EntropicBrew"},{"floor":13,"key":"Block Potion"}],"is_trial":false,"path_per_floor":["M","?","?","$","M","R","E","R","T","E","M","R","E","?","R","B"],"character_chosen":"DEFECT","items_purchased":["Rip and Tear"],"campfire_rested":3,"item_purchase_floors":[4],"current_hp_per_floor":[60,53,32,32,28,49,17,38,38,33,33,54,43,32,32,0],"gold":20,"neow_bonus":"BOSS_RELIC","is_prod":false,"is_daily":false,"chose_seed":false,"campfire_upgraded":1,"win_rate":0,"timestamp":1553459981,"path_taken":["M","?","?","$","M","R","E","R","T","E","M","R","E","?","R","BOSS"],"build_version":"2019-01-23","purchased_purges":0,"victory":false,"max_hp_per_floor":[71,71,71,71,71,71,71,71,71,71,71,71,71,71,71,71],"card_choices":[{"not_picked":["Hologram","Heatsinks"],"picked":"Self Repair","floor":1},{"not_picked":["Chill","Skim"],"picked":"White Noise","floor":5},{"not_picked":["Darkness","Hologram"],"picked":"Go for the Eyes","floor":7},{"not_picked":["Stack","Leap"],"picked":"Defragment","floor":10},{"not_picked":["Compile Driver+1","Loop"],"picked":"Sweeping Beam+1","floor":11},{"not_picked":["Compile Driver+1","Stack","Fusion"],"picked":"SKIP","floor":13}],"player_experience":2193587,"relics_obtained":[{"floor":7,"key":"Dead Branch"},{"floor":9,"key":"Molten Egg 2"},{"floor":10,"key":"Potion Belt"},{"floor":13,"key":"The Courier"}],"event_choices":[{"cards_removed":["Strike_B"],"damage_healed":0,"gold_gain":0,"player_choice":"Card Removal","damage_taken":7,"max_hp_gain":0,"max_hp_loss":0,"event_name":"Golden Wing","floor":2,"gold_loss":0},{"damage_healed":0,"gold_gain":0,"player_choice":"Entered Light","damage_taken":21,"max_hp_gain":0,"max_hp_loss":0,"event_name":"Shining Light","floor":3,"gold_loss":0,"cards_upgraded":["Dualcast","Defend_B"]},{"damage_healed":0,"gold_gain":75,"player_choice":"Gather Gold","damage_taken":11,"max_hp_gain":0,"max_hp_loss":0,"event_name":"World of Goop","floor":14,"gold_loss":0}],"is_beta":false,"boss_relics":[],"items_purged_floors":[],"is_endless":false,"potions_floor_spawned":[1,11,13],"killed_by":"Hexaghost","ascension_level":20}