{"gold_per_floor":[109,124,124,124,124,155,155,190,214,50,50,82,82,97,97,170,170,184,184,184,69,82,416,1,75,75,75,108,108,135,235,235,235],"floor_reached":33,"playtime":1344,"items_purged":["Writhe"],"score":780,"play_id":"e594a50a-9f69-4605-956a-c113f15e8f20","local_time":"20190516214052","is_ascension_mode":true,"campfire_choices":[{"data":"Whirlwind","floor":7,"key":"SMITH"},{"floor":11,"key":"REST"},{"data":"Strike_R","floor":13,"key":"PURGE"},{"data":"Strike_R","floor":15,"key":"PURGE"},{"data":"Strike_R","floor":27,"key":"PURGE"},{"data":"Corruption","floor":29,"key":"SMITH"},{"data":"Strike_R","floor":32,"key":"PURGE"}],"neow_cost":"NONE","seed_source_timestamp":116929036628127,"circlet_count":0,"master_deck":["AscendersBane","Strike_R","Defend_R+1","Defend_R","Defend_R","Defend_R","Bash","Anger+1","Whirlwind+1","Shockwave","Battle Trance","Rampage","Seeing Red","Impervious","Feed","Flame Barrier","Corruption+1","Spot Weakness","Feel No Pain","Demon Form","Shrug It Off"],"relics":["Burning Blood","NeowsBlessing","Bag of Marbles","Peace Pipe","Paper Frog","Strawberry","Red Skull","Coffee Dripper","Juzu Bracelet","MutagenicStrength","Old Coin","Singing Bowl","Kunai","Lantern","Potion Belt","Calipers","Prayer Wheel","Letter Opener"],"potions_floor_usage":[8,12,22,33],"damage_taken":[{"damage":0,"enemies":"2 Louse","floor":1,"turns":1},{"damage":0,"enemies":"Jaw Worm","floor":2,"turns":1},{"damage":0,"enemies":"3 Sentries","floor":6,"turns":1},{"damage":22,"enemies":"Lagavulin","floor":8,"turns":5},{"damage":4,"enemies":"Gremlin Nob","floor":12,"turns":3},{"damage":0,"enemies":"Small Slimes","floor":14,"turns":3},{"damage":48,"enemies":"Slime Boss","floor":16,"turns":9},{"damage":16,"enemies":"Chosen","floor":18,"turns":5},{"damage":17,"enemies":"2 Thieves","floor":22,"turns":4},{"damage":0,"enemies":"Slavers","floor":23,"turns":1},{"damage":0,"enemies":"Gremlin Leader","floor":28,"turns":5},{"damage":20,"enemies":"Slavers","floor":30,"turns":4},{"damage":19,"enemies":"Colosseum Slavers","floor":31,"turns":3},{"damage":10,"enemies":"Colosseum Nobs","floor":31,"turns":3},{"damage":46,"enemies":"Collector","floor":33,"turns":5}],"seed_played":"2013364999160306328","potions_obtained":[{"floor":2,"key":"Weak Potion"},{"floor":8,"key":"EssenceOfSteel"},{"floor":14,"key":"Poison Potion"},{"floor":16,"key":"BloodPotion"},{"floor":18,"key":"SmokeBomb"},{"floor":31,"key":"PowerPotion"}],"is_trial":false,"path_per_floor":["M","M","?","?","?","E","R","E","T","$","R","E","R","M","R","B",null,"M","?","?","$","M","E","$","T","T","R","E","R","E","?","R","B"],"character_chosen":"IRONCLAD","items_purchased":["Battle Trance","Rampage","Corruption","Spot Weakness","Feel No Pain","Singing Bowl"],"campfire_rested":1,"item_purchase_floors":[10,10,21,24,24,24],"current_hp_per_floor":[74,75,64,64,41,47,47,31,38,38,62,64,64,70,70,28,69,59,59,59,59,59,65,65,65,65,65,73,73,62,45,45,0],"gold":235,"neow_bonus":"THREE_ENEMY_KILL","is_prod":false,"is_daily":false,"chose_seed":false,"campfire_upgraded":2,"win_rate":0,"timestamp":1558035652,"path_taken":["M","M","?","?","?","E","R","E","T","$","R","E","R","?","R","BOSS","M","?","?","$","M","E","?","?","T","R","E","R","E","?","R","BOSS"],"build_version":"2019-01-23","purchased_purges":1,"victory":false,"max_hp_per_floor":[75,75,75,75,75,75,75,75,82,82,82,82,82,82,82,82,82,82,82,82,82,85,85,85,85,85,85,87,87,90,90,90,90],"card_choices":[{"not_picked":["Havoc","Ghostly Armor"],"picked":"Anger","floor":1},{"not_picked":["Clothesline","Rampage"],"picked":"Whirlwind","floor":2},{"not_picked":["Burning Pact","Searing Blow"],"picked":"Shockwave","floor":6},{"not_picked":["Rupture","Sever Soul","Iron Wave"],"picked":"SKIP","floor":8},{"not_picked":["Thunderclap","Clothesline"],"picked":"Seeing Red","floor":12},{"not_picked":["Warcry","Clothesline"],"picked":"Impervious","floor":14},{"not_picked":["Double Tap","Barricade"],"picked":"Feed","floor":16},{"not_picked":["Reckless Charge","Anger+1"],"picked":"Flame Barrier","floor":18},{"not_picked":["Pummel","Sword Boomerang","Flex"],"picked":"SKIP","floor":22},{"not_picked":["Cleave","Twin Strike","Havoc"],"picked":"SKIP","floor":23},{"not_picked":["Headbutt","Combust","Body Slam"],"picked":"Singing Bowl","floor":28},{"not_picked":["Seeing Red","Anger"],"picked":"Demon Form","floor":30},{"not_picked":["Pommel Strike","Armaments"],"picked":"Shrug It Off","floor":31}],"player_experience":2700805,"relics_obtained":[{"floor":6,"key":"Peace Pipe"},{"floor":8,"key":"Paper Frog"},{"floor":9,"key":"Strawberry"},{"floor":12,"key":"Red Skull"},{"floor":23,"key":"Old Coin"},{"floor":25,"key":"Kunai"},{"floor":26,"key":"Lantern"},{"floor":28,"key":"Potion Belt"},{"floor":30,"key":"Calipers"},{"floor":31,"key":"Prayer Wheel"},{"floor":31,"key":"Letter Opener"}],"event_choices":[{"damage_healed":0,"gold_gain":0,"player_choice":"Success","damage_taken":11,"relics_obtained":["Bag of Marbles"],"max_hp_gain":0,"max_hp_loss":0,"event_name":"Scrap Ooze","floor":3,"gold_loss":0},{"damage_healed":0,"gold_gain":0,"player_choice":"Ignored","damage_taken":0,"max_hp_gain":0,"max_hp_loss":0,"event_name":"Liars Game","floor":4,"gold_loss":0},{"damage_healed":0,"gold_gain":0,"player_choice":"Entered Light","damage_taken":23,"max_hp_gain":0,"max_hp_loss":0,"event_name":"Shining Light","floor":5,"gold_loss":0,"cards_upgraded":["Anger","Defend_R"]},{"damage_healed":0,"gold_gain":0,"player_choice":"Opened","damage_taken":0,"relics_obtained":["Juzu Bracelet"],"max_hp_gain":0,"max_hp_loss":0,"event_name":"The Mausoleum","floor":19,"gold_loss":0,"cards_obtained":["Writhe"]},{"damage_healed":0,"gold_gain":0,"player_choice":"Inject Mutagens","damage_taken":0,"relics_obtained":["MutagenicStrength"],"max_hp_gain":0,"max_hp_loss":0,"event_name":"Drug Dealer","floor":20,"gold_loss":0},{"damage_healed":0,"gold_gain":0,"player_choice":"Fight","damage_taken":0,"max_hp_gain":0,"max_hp_loss":0,"event_name":"Colosseum","floor":31,"gold_loss":0},{"damage_healed":0,"gold_gain":0,"player_choice":"Fought Nobs","damage_taken":0,"max_hp_gain":0,"max_hp_loss":0,"event_name":"Colosseum","floor":31,"gold_loss":0}],"is_beta":false,"boss_relics":[{"not_picked":["Orrery","Runic Cube"],"picked":"Coffee Dripper"}],"items_purged_floors":[21],"is_endless":false,"potions_floor_spawned":[2,8,14,16,18,31],"killed_by":"Collector","ascension_level":20}