{"gold_per_floor":[115,115,115,31,42,42,71,71,71,106,120,146,146,181,181,181],"floor_reached":16,"playtime":644,"items_purged":[],"score":282,"play_id":"35f9213f-88be-4b8e-a889-a62352ae4889","local_time":"20190303215432","is_ascension_mode":true,"campfire_choices":[{"floor":6,"key":"REST"},{"data":"Neutralize","floor":8,"key":"SMITH"},{"floor":15,"key":"REST"}],"neow_cost":"NONE","seed_source_timestamp":1037600779538163,"circlet_count":0,"master_deck":["AscendersBane","Defend_G+1","Defend_G","Defend_G","Defend_G","Defend_G","Strike_G","Strike_G","Strike_G+1","Strike_G","Survivor","Neutralize+1","Dagger Throw","Noxious Fumes","All Out Attack","Cloak And Dagger","PiercingWail","Well Laid Plans"],"relics":["Ring of the Snake","NeowsBlessing","Letter Opener","Bottled Flame","Paper Crane","Pen Nib","Omamori","Vajra"],"potions_floor_usage":[10,16],"damage_taken":[{"damage":0,"enemies":"Small Slimes","floor":1,"turns":1},{"damage":0,"enemies":"2 Louse","floor":5,"turns":1},{"damage":0,"enemies":"Gremlin Nob","floor":7,"turns":1},{"damage":12,"enemies":"3 Sentries","floor":10,"turns":5},{"damage":1,"enemies":"Jaw Worm","floor":11,"turns":5},{"damage":7,"enemies":"Lagavulin","floor":14,"turns":8},{"damage":38,"enemies":"Slime Boss","floor":16,"turns":6}],"seed_played":"947350993886420805","potions_obtained":[{"floor":7,"key":"Explosive Potion"},{"floor":10,"key":"Explosive Potion"}],"is_trial":false,"path_per_floor":["M","?","?","$","M","R","E","R","T","E","M","T","?","E","R","B"],"character_chosen":"THE_SILENT","items_purchased":["Noxious Fumes"],"campfire_rested":2,"item_purchase_floors":[4],"current_hp_per_floor":[59,39,32,32,32,51,51,51,51,39,38,38,20,13,32,0],"gold":181,"neow_bonus":"THREE_ENEMY_KILL","is_prod":false,"is_daily":false,"chose_seed":false,"campfire_upgraded":1,"win_rate":0,"timestamp":1551646472,"path_taken":["M","?","?","$","M","R","E","R","T","E","M","?","?","E","R","BOSS"],"build_version":"2019-01-23","purchased_purges":0,"victory":false,"max_hp_per_floor":[66,66,66,66,66,66,66,66,66,66,66,66,66,66,66,66],"card_choices":[{"not_picked":["Prepared","Deflect"],"picked":"Dagger Throw","floor":1},{"not_picked":["PiercingWail","Distraction"],"picked":"All Out Attack","floor":5},{"not_picked":["Slice","Eviscerate"],"picked":"Cloak And Dagger","floor":7},{"not_picked":["Choke","Poisoned Stab"],"picked":"PiercingWail","floor":10},{"not_picked":["Outmaneuver","All Out Attack"],"picked":"Well Laid Plans","floor":11},{"not_picked":["Prepared","Blade Dance","Expertise"],"picked":"SKIP","floor":14}],"player_experience":1882602,"relics_obtained":[{"floor":7,"key":"Letter Opener"},{"floor":9,"key":"Bottled Flame"},{"floor":10,"key":"Paper Crane"},{"floor":12,"key":"Pen Nib"},{"floor":14,"key":"Vajra"}],"event_choices":[{"damage_healed":0,"gold_gain":0,"player_choice":"Entered Light","damage_taken":20,"max_hp_gain":0,"max_hp_loss":0,"event_name":"Shining Light","floor":2,"gold_loss":0,"cards_upgraded":["Defend_G","Strike_G"]},{"cards_removed":["Strike_G"],"damage_healed":0,"gold_gain":0,"player_choice":"Card Removal","damage_taken":7,"max_hp_gain":0,"max_hp_loss":0,"event_name":"Golden Wing","floor":3,"gold_loss":0},{"damage_healed":0,"gold_gain":0,"player_choice":"Success","damage_taken":18,"relics_obtained":["Omamori"],"max_hp_gain":0,"max_hp_loss":0,"event_name":"Scrap Ooze","floor":13,"gold_loss":0}],"is_beta":false,"boss_relics":[],"items_purged_floors":[],"is_endless":false,"potions_floor_spawned":[7,10],"killed_by":"Slime Boss","ascension_level":20}