{"gold_per_floor":[116,135,151,76,76,76,106,106,131,131,79,79,108,128,128,128],"floor_reached":16,"playtime":455,"items_purged":["Strike_B"],"score":216,"play_id":"964e536f-0d6e-420f-b5f4-c62f546b027c","local_time":"20190512155655","is_ascension_mode":true,"campfire_choices":[{"data":"Defragment","floor":6,"key":"SMITH"},{"data":"Doom and Gloom","floor":8,"key":"SMITH"},{"floor":10,"key":"REST"},{"data":"Conserve Battery","floor":15,"key":"SMITH"}],"neow_cost":"NONE","seed_source_timestamp":99244708525664,"circlet_count":0,"master_deck":["AscendersBane","Strike_B","Strike_B","Defend_B+1","Defend_B","Defend_B","Defend_B","Zap+1","Dualcast","Doom and Gloom+1","Defragment+1","Sweeping Beam","Chill","Ball Lightning","Meteor Strike","Conserve Battery+1"],"relics":["Cracked Core","NeowsBlessing","Anchor","Strawberry","Bag of Preparation"],"potions_floor_usage":[7,13,16],"damage_taken":[{"damage":0,"enemies":"Cultist","floor":1,"turns":1},{"damage":0,"enemies":"Jaw Worm","floor":2,"turns":1},{"damage":0,"enemies":"2 Louse","floor":3,"turns":1},{"damage":10,"enemies":"Lagavulin","floor":7,"turns":6},{"damage":32,"enemies":"Gremlin Nob","floor":13,"turns":4},{"damage":1,"enemies":"Exordium Thugs","floor":14,"turns":3},{"damage":36,"enemies":"Slime Boss","floor":16,"turns":4}],"seed_played":"1114576117064776915","potions_obtained":[{"floor":1,"key":"Block Potion"},{"floor":2,"key":"SkillPotion"},{"floor":7,"key":"Swift Potion"}],"is_trial":false,"path_per_floor":["M","M","M","$","?","R","E","R","T","R","$","?","E","M","R","B"],"character_chosen":"DEFECT","items_purchased":["Ball Lightning"],"campfire_rested":1,"item_purchase_floors":[11],"current_hp_per_floor":[64,64,64,64,43,43,33,33,40,63,63,63,31,30,30,0],"gold":128,"neow_bonus":"THREE_ENEMY_KILL","is_prod":false,"is_daily":false,"chose_seed":false,"campfire_upgraded":3,"win_rate":0,"timestamp":1557669415,"path_taken":["M","M","?","$","?","R","E","R","T","R","$","?","E","M","R","BOSS"],"build_version":"2019-01-23","purchased_purges":1,"victory":false,"max_hp_per_floor":[71,71,71,71,71,71,71,71,78,78,78,78,78,78,78,78],"card_choices":[{"not_picked":["Steam","Storm"],"picked":"Doom and Gloom","floor":1},{"not_picked":["Steam","Compile Driver"],"picked":"Defragment","floor":2},{"not_picked":["Hello World","Stack"],"picked":"Sweeping Beam","floor":3},{"not_picked":["Hologram","Turbo"],"picked":"Chill","floor":7},{"not_picked":["Leap","Steam"],"picked":"Meteor Strike","floor":13},{"not_picked":["Turbo","Skim"],"picked":"Conserve Battery","floor":14}],"player_experience":2665255,"relics_obtained":[{"floor":7,"key":"Anchor"},{"floor":9,"key":"Strawberry"},{"floor":13,"key":"Bag of Preparation"}],"event_choices":[{"damage_healed":0,"gold_gain":0,"player_choice":"Entered Light","damage_taken":21,"max_hp_gain":0,"max_hp_loss":0,"event_name":"Shining Light","floor":5,"gold_loss":0,"cards_upgraded":["Defend_B","Zap"]},{"cards_removed":["Strike_B"],"damage_healed":0,"gold_gain":0,"player_choice":"Offered Basic","damage_taken":0,"max_hp_gain":0,"max_hp_loss":0,"event_name":"Bonfire Elementals","floor":12,"gold_loss":0}],"is_beta":false,"boss_relics":[],"items_purged_floors":[4],"is_endless":false,"potions_floor_spawned":[1,2,7],"killed_by":"Slime Boss","ascension_level":20}