{"gold_per_floor":[119,269,287,102,121,121,152,152,152,152,152,152,152,165,165,165],"floor_reached":16,"playtime":723,"items_purged":["Doubt"],"score":196,"play_id":"d7868580-622f-408a-8831-c49951c22cf7","local_time":"20190503221009","is_ascension_mode":true,"campfire_choices":[{"data":"True Grit","floor":6.0,"key":"SMITH"},{"data":"Body Slam","floor":8.0,"key":"SMITH"},{"data":"Entrench","floor":10.0,"key":"SMITH"},{"data":"Shockwave","floor":12.0,"key":"SMITH"},{"floor":15.0,"key":"REST"}],"neow_cost":"NONE","seed_source_timestamp":2077221732900098,"circlet_count":0,"master_deck":["AscendersBane","Strike_R","Strike_R","Strike_R","Strike_R","Strike_R","Defend_R","Defend_R","Defend_R","Defend_R","Bash","Shockwave+1","Body Slam+1","Entrench+1","True Grit+1","Power Through","Inflame","Body Slam"],"special_seed":0,"relics":["Burning Blood","Oddly Smooth Stone","Thread and Needle","Question Card","Torii"],"potions_floor_usage":[],"damage_taken":[{"damage":8.0,"enemies":"Jaw Worm","floor":1.0,"turns":5.0},{"damage":7.0,"enemies":"2 Louse","floor":3.0,"turns":3.0},{"damage":0.0,"enemies":"Small Slimes","floor":5.0,"turns":6.0},{"damage":41.0,"enemies":"Gremlin Nob","floor":7.0,"turns":5.0},{"damage":9.0,"enemies":"Exordium Thugs","floor":14.0,"turns":5.0},{"damage":58,"enemies":"Slime Boss","floor":16,"turns":13}],"seed_played":"5726174574998946207","potions_obtained":[{"floor":1.0,"key":"SteroidPotion"}],"is_trial":false,"path_per_floor":["M","?","M","$","M","R","E","R","T","R","?","R","?","M","R","B"],"character_chosen":"IRONCLAD","items_purchased":["Entrench","True Grit"],"campfire_rested":1,"item_purchase_floors":[4,4],"current_hp_per_floor":[66,66,65,65,71,71,36,36,36,36,41,41,30,27,51,0],"gold":165,"neow_bonus":"RANDOM_COMMON_RELIC","is_prod":false,"is_daily":false,"chose_seed":false,"campfire_upgraded":4,"win_rate":0,"timestamp":1556914209,"path_taken":["M","?","M","$","M","R","E","R","T","R","?","R","?","M","R","BOSS"],"build_version":"2019-01-23","purchased_purges":1,"victory":false,"max_hp_per_floor":[75,75,75,75,75,75,75,75,75,75,80,80,80,80,80,80],"card_choices":[{"not_picked":["True Grit","Pommel Strike"],"picked":"Shockwave","floor":1.0},{"not_picked":["Bloodletting","Flex"],"picked":"Body Slam","floor":3.0},{"not_picked":["Iron Wave","Twin Strike"],"picked":"Power Through","floor":5.0},{"not_picked":["Shrug It Off","Havoc"],"picked":"Inflame","floor":7.0},{"not_picked":["Infernal Blade","Disarm","Pommel Strike"],"picked":"Body Slam","floor":14.0}],"player_experience":2635187,"relics_obtained":[{"floor":7.0,"key":"Thread and Needle"},{"floor":9.0,"key":"Question Card"}],"event_choices":[{"damage_healed":0.0,"max_hp_gain":0.0,"max_hp_loss":0.0,"gold_gain":150.0,"event_name":"Liars Game","player_choice":"AGREE","floor":2.0,"gold_loss":0.0,"damage_taken":0.0,"cards_obtained":["Doubt"]},{"damage_healed":0.0,"max_hp_gain":5.0,"max_hp_loss":0.0,"gold_gain":0.0,"event_name":"Big Fish","player_choice":"Donut","floor":11.0,"gold_loss":0.0,"damage_taken":0.0},{"damage_healed":0.0,"max_hp_gain":0.0,"max_hp_loss":0.0,"gold_gain":0.0,"event_name":"Scrap Ooze","player_choice":"Success","floor":13.0,"gold_loss":0.0,"damage_taken":11.0,"relics_obtained":["Torii"]}],"is_beta":false,"boss_relics":[],"items_purged_floors":[4],"is_endless":false,"potions_floor_spawned":[1],"killed_by":"Slime Boss","ascension_level":20}