{"gold_per_floor":[112,128,148,167,167,201,201,230,230,230,230,263,0,11,11,90,90,109,109,109,127,147,147,180,180,180,180,214,214,231,63,63,63],"floor_reached":33,"playtime":2352,"items_purged":["Strike_R"],"score":631,"play_id":"ea57f97b-95da-45e0-bc91-db3ec4ff17b6","local_time":"20190210160945","is_ascension_mode":true,"campfire_choices":[{"data":"Armaments","floor":7.0,"key":"SMITH"},{"data":"Pommel Strike","floor":11.0,"key":"SMITH"},{"data":"Impervious","floor":15.0,"key":"SMITH"},{"floor":23,"key":"REST"},{"floor":25,"key":"REST"},{"data":"Defend_R","floor":27,"key":"SMITH"},{"floor":32,"key":"REST"}],"neow_cost":"NONE","seed_source_timestamp":1451441457773036,"circlet_count":0,"master_deck":["AscendersBane","Strike_R","Strike_R","Strike_R","Strike_R","Defend_R","Defend_R","Defend_R","Defend_R+1","Bash","Bludgeon+1","Pommel Strike+1","Armaments+1","Intimidate","Body Slam","Impervious+1","Reaper","Barricade","Evolve","Rampage+1","Shockwave"],"special_seed":0,"relics":["Burning Blood","Red Skull","Calipers","Bird Faced Urn","Ginger","Membership Card","Busted Crown","Thread and Needle","Mango","Bottled Lightning","Strawberry","Orichalcum"],"potions_floor_usage":[22,22],"damage_taken":[{"damage":7.0,"enemies":"2 Louse","floor":1.0,"turns":3.0},{"damage":7.0,"enemies":"Jaw Worm","floor":2.0,"turns":2.0},{"damage":1.0,"enemies":"Cultist","floor":3.0,"turns":4.0},{"damage":20.0,"enemies":"Exordium Thugs","floor":4.0,"turns":6.0},{"damage":8.0,"enemies":"Gremlin Nob","floor":6.0,"turns":3.0},{"damage":15.0,"enemies":"Lagavulin","floor":8.0,"turns":5.0},{"damage":22.0,"enemies":"3 Sentries","floor":12.0,"turns":10.0},{"damage":17.0,"enemies":"Gremlin Gang","floor":14.0,"turns":4.0},{"damage":26.0,"enemies":"Slime Boss","floor":16.0,"turns":11.0},{"damage":10.0,"enemies":"Spheric Guardian","floor":18.0,"turns":7.0},{"damage":0.0,"enemies":"3 Byrds","floor":21.0,"turns":4.0},{"damage":42,"enemies":"3 Cultists","floor":22,"turns":7},{"damage":46,"enemies":"Slavers","floor":24,"turns":5},{"damage":76,"enemies":"Gremlin Leader","floor":28,"turns":13},{"damage":27,"enemies":"Centurion and Healer","floor":30,"turns":5},{"damage":64,"enemies":"Collector","floor":33,"turns":7}],"seed_played":"-2879163121069376740","potions_obtained":[{"floor":2.0,"key":"LiquidBronze"},{"floor":4.0,"key":"SneckoOil"},{"floor":8.0,"key":"SkillPotion"},{"floor":16.0,"key":"Energy Potion"},{"floor":21.0,"key":"Poison Potion"},{"floor":24,"key":"Ancient Potion"},{"floor":30,"key":"Poison Potion"}],"is_trial":false,"path_per_floor":["M","M","M","M","?","E","R","E","T","?","R","E","$","M","R","B",null,"M","?","?","M","M","R","E","R","T","R","E","T","M","$","R","B"],"character_chosen":"IRONCLAD","items_purchased":["Membership Card","Reaper","Orichalcum","Shockwave"],"campfire_rested":3,"item_purchase_floors":[13,13,31,31],"current_hp_per_floor":[67,66,71,57,57,55,55,46,46,71,71,55,55,52,52,42,67,65,65,54,66,39,61,37,59,73,73,22,29,24,24,52,0],"gold":63,"neow_bonus":"ONE_RANDOM_RARE_CARD","is_prod":false,"is_daily":false,"chose_seed":false,"campfire_upgraded":4,"win_rate":0,"timestamp":1549811385,"path_taken":["M","M","M","M","?","E","R","E","T","?","R","E","$","M","R","BOSS","M","?","?","M","?","R","E","R","T","R","E","?","?","?","R","BOSS"],"build_version":"2019-01-23","purchased_purges":1,"victory":false,"max_hp_per_floor":[75,75,75,75,75,75,75,75,75,75,75,75,75,75,75,75,75,75,75,75,75,75,75,75,75,89,89,89,96,96,96,96,96],"card_choices":[{"not_picked":["Iron Wave","Body Slam"],"picked":"Pommel Strike","floor":1.0},{"not_picked":["Warcry","Sword Boomerang"],"picked":"Armaments","floor":2.0},{"not_picked":["Carnage","Armaments"],"picked":"Intimidate","floor":3.0},{"not_picked":["Body Slam","Shrug It Off","Dual Wield"],"picked":"SKIP","floor":4.0},{"not_picked":["Body Slam","Blood for Blood","Rage"],"picked":"SKIP","floor":6.0},{"not_picked":["Sentinel","Havoc"],"picked":"Body Slam","floor":8.0},{"not_picked":["Sword Boomerang","Flex"],"picked":"Impervious","floor":12.0},{"not_picked":["Clash","Seeing Red","Hemokinesis"],"picked":"SKIP","floor":14.0},{"not_picked":["Dark Embrace","Fiend Fire"],"picked":"Barricade","floor":16.0},{"not_picked":["Perfected Strike"],"picked":"SKIP","floor":18.0},{"not_picked":["Rage"],"picked":"SKIP","floor":21.0},{"not_picked":[],"picked":"Evolve","floor":22},{"not_picked":["Blood for Blood"],"picked":"SKIP","floor":24},{"not_picked":[],"picked":"Rampage+1","floor":28},{"not_picked":["Clash"],"picked":"SKIP","floor":30}],"player_experience":1643251,"relics_obtained":[{"floor":6.0,"key":"Red Skull"},{"floor":8.0,"key":"Calipers"},{"floor":9.0,"key":"Bird Faced Urn"},{"floor":12.0,"key":"Ginger"},{"floor":24,"key":"Thread and Needle"},{"floor":26,"key":"Mango"},{"floor":28,"key":"Bottled Lightning"},{"floor":29,"key":"Strawberry"}],"event_choices":[{"damage_healed":0.0,"max_hp_gain":0.0,"max_hp_loss":0.0,"gold_gain":0.0,"event_name":"Living Wall","player_choice":"Grow","floor":5.0,"gold_loss":0.0,"damage_taken":0.0,"cards_upgraded":["Bludgeon"]},{"damage_healed":25.0,"max_hp_gain":0.0,"max_hp_loss":0.0,"gold_gain":0.0,"event_name":"Big Fish","player_choice":"Banana","floor":10.0,"gold_loss":0.0,"damage_taken":0.0},{"damage_healed":0.0,"max_hp_gain":0.0,"max_hp_loss":0.0,"gold_gain":0.0,"event_name":"The Mausoleum","player_choice":"Ignored","floor":19.0,"gold_loss":0.0,"damage_taken":0.0},{"damage_healed":0.0,"max_hp_gain":0.0,"max_hp_loss":0.0,"gold_gain":0.0,"event_name":"Wheel of Change","player_choice":"Damaged","floor":20.0,"gold_loss":0.0,"damage_taken":11.0}],"is_beta":false,"boss_relics":[{"not_picked":["Runic Dome","Orrery"],"picked":"Busted Crown"}],"items_purged_floors":[31],"is_endless":false,"potions_floor_spawned":[2,4,8,16,21,24,30],"killed_by":"Collector","ascension_level":20}