{"gold_per_floor":[109,109,125,140,140,140,156,156,180,180,194,228,244,256,256,329,329,344,344,344,109,122,122,133,133,133,133,133],"floor_reached":28,"playtime":901,"items_purged":["Strike_G"],"score":515,"play_id":"93cb0de5-26db-409e-a22f-86779eabed79","local_time":"20181003041436","is_ascension_mode":true,"campfire_choices":[{"data":"Catalyst","floor":6.0,"key":"SMITH"},{"data":"Catalyst","floor":8.0,"key":"SMITH"},{"data":"Bouncing Flask","floor":10.0,"key":"SMITH"},{"data":"Bouncing Flask","floor":15.0,"key":"SMITH"},{"data":"Deadly Poison","floor":23.0,"key":"SMITH"},{"data":"After Image","floor":25.0,"key":"SMITH"},{"data":"Corpse Explosion","floor":27.0,"key":"SMITH"}],"neow_cost":"NONE","seed_source_timestamp":0,"circlet_count":0,"master_deck":["Defend_G","Defend_G","Defend_G","Defend_G","Defend_G","Strike_G","Strike_G","Strike_G","Survivor","Neutralize","AscendersBane","Bouncing Flask+1","Deadly Poison+1","Bouncing Flask+1","Catalyst+1","Night Terror","Neutralize","Catalyst+1","Bullet Time","Sucker Punch","Expertise","Well Laid Plans","Deadly Poison","After Image+1","Acrobatics","Ghostly","Ghostly","Ghostly","Ghostly","Ghostly","Corpse Explosion+1"],"special_seed":0,"relics":["Orrery","Anchor","Bronze Scales","Snecko Eye","Letter Opener"],"potions_floor_usage":[28,28],"damage_taken":[{"damage":12.0,"enemies":"Jaw Worm","floor":1.0,"turns":3.0},{"damage":0.0,"enemies":"Cultist","floor":3.0,"turns":3.0},{"damage":0.0,"enemies":"2 Louse","floor":4.0,"turns":2.0},{"damage":4.0,"enemies":"Blue Slaver","floor":7.0,"turns":3.0},{"damage":1.0,"enemies":"Red Slaver","floor":11.0,"turns":3.0},{"damage":7.0,"enemies":"Lagavulin","floor":12.0,"turns":5.0},{"damage":0.0,"enemies":"Looter","floor":13.0,"turns":4.0},{"damage":2.0,"enemies":"2 Fungi Beasts","floor":14.0,"turns":3.0},{"damage":16.0,"enemies":"Slime Boss","floor":16.0,"turns":5.0},{"damage":12.0,"enemies":"Chosen","floor":18.0,"turns":3.0},{"damage":13.0,"enemies":"Shell Parasite","floor":22.0,"turns":3.0},{"damage":0.0,"enemies":"3 Cultists","floor":24.0,"turns":2.0},{"damage":25,"enemies":"Book of Stabbing","floor":28,"turns":3}],"seed_played":"-2181269030125079607","potions_obtained":[{"floor":1.0,"key":"Block Potion"},{"floor":3.0,"key":"Block Potion"},{"floor":11.0,"key":"FearPotion"},{"floor":22.0,"key":"SteroidPotion"}],"is_trial":false,"path_per_floor":["M","?","M","M","?","R","M","R","T","R","M","E","M","M","R","B",null,"M","?","?","$","M","R","M","R","T","R"],"character_chosen":"THE_SILENT","items_purchased":["Corpse Explosion"],"campfire_rested":0,"item_purchase_floors":[21],"current_hp_per_floor":[47,47,47,47,47,47,43,43,43,43,42,35,35,33,33,17,54,42,42,33,33,20,20,20,20,20,20,0],"gold":133,"neow_bonus":"BOSS_RELIC","is_prod":false,"is_daily":false,"chose_seed":false,"campfire_upgraded":7,"win_rate":0,"timestamp":1538532876,"path_taken":["M","?","M","M","?","R","M","R","T","R","?","E","?","?","R","BOSS","M","?","?","$","M","R","M","R","T","R","E"],"build_version":"2018-10-01","purchased_purges":1,"victory":false,"max_hp_per_floor":[66,66,66,66,66,66,66,66,66,66,66,66,66,66,66,66,66,66,66,33,33,33,33,33,33,33,33,33],"card_choices":[{"not_picked":["Blade Dance","Dagger Throw"],"picked":"Bouncing Flask","floor":0.0},{"not_picked":["Setup","Finisher"],"picked":"Deadly Poison","floor":0.0},{"not_picked":["PiercingWail","Predator"],"picked":"Bouncing Flask","floor":0.0},{"not_picked":["Dagger Spray","Crippling Poison"],"picked":"Catalyst","floor":1.0},{"not_picked":["Finisher","Acrobatics"],"picked":"Catalyst","floor":3.0},{"not_picked":["Deflect","Choke"],"picked":"Bullet Time","floor":4.0},{"not_picked":["Dodge and Roll","Outmaneuver"],"picked":"Sucker Punch","floor":7.0},{"not_picked":["Deadly Poison","Bouncing Flask"],"picked":"Expertise","floor":11.0},{"not_picked":["Infinite Blades","Cloak And Dagger"],"picked":"Well Laid Plans","floor":12.0},{"not_picked":["Poisoned Stab","Blade Dance"],"picked":"Deadly Poison","floor":13.0},{"not_picked":["Quick Slash","Dagger Spray","Flechettes"],"picked":"SKIP","floor":14.0},{"not_picked":["Glass Knife","Venomology"],"picked":"After Image","floor":16.0},{"not_picked":["Blade Dance","Poisoned Stab"],"picked":"Acrobatics","floor":18.0},{"not_picked":["Deadly Poison","Terror","Dodge and Roll"],"picked":"SKIP","floor":22.0},{"not_picked":["Terror","Acrobatics","Finisher"],"picked":"SKIP","floor":24.0}],"player_experience":988736,"relics_obtained":[{"floor":9.0,"key":"Anchor"},{"floor":12.0,"key":"Bronze Scales"},{"floor":26.0,"key":"Letter Opener"}],"event_choices":[{"event_name":"Match and Keep!","player_choice":"2 cards matched","floor":2.0,"damage_taken":0.0},{"event_name":"Living Wall","player_choice":"Forget","floor":5.0,"damage_taken":0.0},{"event_name":"Cursed Tome","player_choice":"Ignored","floor":19.0,"damage_taken":0.0},{"event_name":"Ghosts","player_choice":"Became a Ghost","floor":20.0,"damage_taken":0.0}],"is_beta":true,"boss_relics":[{"not_picked":["Fusion Hammer","Eternal Feather"],"picked":"Snecko Eye"}],"items_purged_floors":[21],"is_endless":false,"potions_floor_spawned":[1,3,11,22],"killed_by":"Book of Stabbing","ascension_level":20}