{"gold_per_floor":[109,109,126,126,52,52,92,92,92,107,145,145,183,183],"floor_reached":14,"playtime":562,"items_purged":[],"score":212,"play_id":"ca91f9b7-890d-4117-9715-f9ce2d655178","local_time":"20190317134716","is_ascension_mode":true,"campfire_choices":[{"floor":6,"key":"REST"},{"data":"Zap","floor":12,"key":"SMITH"}],"neow_cost":"NONE","seed_source_timestamp":0,"circlet_count":0,"master_deck":["AscendersBane","Strike_B","Strike_B","Strike_B+1","Defend_B+1","Defend_B","Defend_B","Defend_B","Zap+1","Dualcast","Ball Lightning","Turbo","BootSequence","Defragment","Ball Lightning","Melter"],"special_seed":0,"relics":["Lizard Tail","Golden Idol","Mango","Potion Belt","Pen Nib","Cables"],"potions_floor_usage":[11,11],"damage_taken":[{"damage":5,"enemies":"Small Slimes","floor":1,"turns":5},{"damage":7,"enemies":"Jaw Worm","floor":3,"turns":2},{"damage":30,"enemies":"3 Sentries","floor":7,"turns":8},{"damage":2,"enemies":"2 Louse","floor":10,"turns":3},{"damage":41,"enemies":"Gremlin Nob","floor":11,"turns":5},{"damage":30,"enemies":"3 Sentries","floor":13,"turns":6},{"damage":12,"enemies":"Gremlin Gang","floor":14,"turns":2}],"seed_played":"-191591858204837465","potions_obtained":[{"floor":7,"key":"SteroidPotion"},{"floor":10,"key":"EssenceOfSteel"},{"floor":11,"key":"Poison Potion"},{"floor":13,"key":"Strength Potion"}],"is_trial":false,"path_per_floor":["M","?","M","?","$","R","E","?","T","M","E","R","E","M"],"character_chosen":"DEFECT","items_purchased":["BootSequence"],"campfire_rested":1,"item_purchase_floors":[5],"current_hp_per_floor":[59,38,31,31,31,50,34,34,34,32,39,39,9,0],"gold":183,"neow_bonus":"BOSS_RELIC","is_prod":false,"is_daily":false,"chose_seed":false,"campfire_upgraded":1,"win_rate":0,"timestamp":1552826836,"path_taken":["M","?","M","?","$","R","E","?","T","?","E","R","E","M"],"build_version":"2019-01-23","purchased_purges":0,"victory":false,"max_hp_per_floor":[71,71,71,64,64,64,78,78,78,78,78,78,78,78],"card_choices":[{"not_picked":["Defragment","Leap"],"picked":"Ball Lightning","floor":1},{"not_picked":["Fusion","Static Discharge"],"picked":"Turbo","floor":3},{"not_picked":["Barrage","Scrape"],"picked":"Defragment","floor":7},{"not_picked":["Force Field","Stack","Storm"],"picked":"SKIP","floor":10},{"not_picked":["Rebound","Multi-Cast"],"picked":"Ball Lightning","floor":11},{"not_picked":["Chaos","Heatsinks"],"picked":"Melter","floor":13}],"player_experience":2079094,"relics_obtained":[{"floor":7,"key":"Mango"},{"floor":9,"key":"Potion Belt"},{"floor":11,"key":"Pen Nib"},{"floor":13,"key":"Cables"}],"event_choices":[{"damage_healed":0,"gold_gain":0,"player_choice":"Entered Light","damage_taken":21,"max_hp_gain":0,"max_hp_loss":0,"event_name":"Shining Light","floor":2,"gold_loss":0,"cards_upgraded":["Defend_B","Strike_B"]},{"damage_healed":0,"gold_gain":0,"player_choice":"Lose Max HP","damage_taken":0,"relics_obtained":["Golden Idol"],"max_hp_gain":0,"max_hp_loss":7,"event_name":"Golden Idol","floor":4,"gold_loss":0},{"cards_removed":["Strike_B"],"damage_healed":0,"gold_gain":0,"player_choice":"Purged","damage_taken":0,"max_hp_gain":0,"max_hp_loss":0,"event_name":"Purifier","floor":8,"gold_loss":0}],"is_beta":false,"boss_relics":[],"items_purged_floors":[],"is_endless":false,"potions_floor_spawned":[7,10,11,13],"killed_by":"Gremlin Gang","ascension_level":20}