{"gold_per_floor":[111,130,130,143,158,185,185,216,286,300,10,45,57,8,8,106,106,117,167,181,181,181,194,194,194,221,235,246,266,266,285,285,383,383,402,402,413,431,431,460,32,57,84,84,102,0,20,35,35,35,35,35,35,64,64],"floor_reached":55,"playtime":4140,"items_purged":["Strike_R"],"score":842,"play_id":"d8422d71-e018-4891-bb95-b6e70025337b","local_time":"20190503232715","is_ascension_mode":true,"campfire_choices":[{"data":"Bash","floor":7,"key":"SMITH"},{"floor":15,"key":"REST"},{"data":"Demon Form","floor":24,"key":"SMITH"},{"data":"Heavy Blade","floor":30,"key":"SMITH"},{"floor":32,"key":"RECALL"},{"floor":49,"key":"REST"},{"floor":52,"key":"REST"}],"neow_cost":"PERCENT_DAMAGE","seed_source_timestamp":1249545697402300,"circlet_count":0,"master_deck":["Defend_R+1","Defend_R+1","Defend_R+1","Defend_R+1","Bash+1","Pommel Strike","Dual Wield","Offering","Inflame","Heavy Blade+1","Demon Form+1","Pommel Strike+1","Bite","Bite","Bite","Bite","Bite","RitualDagger","Shockwave","Shrug It Off+1","Barricade","Disarm","Demon Form+1","Shrug It Off","Uppercut+1","Apotheosis","Shrug It Off+1"],"relics":["Burning Blood","Torii","FossilizedHelix","Champion Belt","Gremlin Horn","Bronze Scales","Sozu","Fusion Hammer","Lantern","Pear","Ice Cream","Bag of Preparation","Red Mask","Strawberry"],"potions_floor_usage":[8,8,8,12,12],"damage_taken":[{"damage":2,"enemies":"2 Louse","floor":1,"turns":2},{"damage":6,"enemies":"Cultist","floor":2,"turns":3},{"damage":2,"enemies":"Jaw Worm","floor":4,"turns":3},{"damage":2,"enemies":"Red Slaver","floor":5,"turns":5},{"damage":53,"enemies":"Lagavulin","floor":6,"turns":8},{"damage":0,"enemies":"3 Sentries","floor":8,"turns":6},{"damage":0,"enemies":"Looter","floor":10,"turns":3},{"damage":14,"enemies":"Lagavulin","floor":12,"turns":5},{"damage":7,"enemies":"2 Fungi Beasts","floor":13,"turns":3},{"damage":34,"enemies":"The Guardian","floor":16,"turns":9},{"damage":0,"enemies":"Chosen","floor":18,"turns":4},{"damage":29,"enemies":"2 Thieves","floor":20,"turns":3},{"damage":21,"enemies":"Centurion and Healer","floor":23,"turns":4},{"damage":8,"enemies":"Snake Plant","floor":27,"turns":2},{"damage":0,"enemies":"Snecko","floor":28,"turns":4},{"damage":11,"enemies":"Sentry and Sphere","floor":29,"turns":4},{"damage":2,"enemies":"Chosen and Byrds","floor":31,"turns":3},{"damage":38,"enemies":"Collector","floor":33,"turns":7},{"damage":0,"enemies":"3 Shapes","floor":35,"turns":4},{"damage":39,"enemies":"3 Darklings","floor":37,"turns":3},{"damage":12,"enemies":"Maw","floor":38,"turns":6},{"damage":14,"enemies":"Reptomancer","floor":40,"turns":5},{"damage":0,"enemies":"Giant Head","floor":42,"turns":6},{"damage":20,"enemies":"Jaw Worm Horde","floor":45,"turns":4},{"damage":0,"enemies":"4 Shapes","floor":47,"turns":4},{"damage":17,"enemies":"Sphere and 2 Shapes","floor":48,"turns":4},{"damage":55,"enemies":"Donu and Deca","floor":50,"turns":6},{"damage":41,"enemies":"Shield and Spear","floor":54,"turns":5},{"damage":55,"enemies":"The Heart","floor":55,"turns":3}],"seed_played":"1912452538194146188","potions_obtained":[{"floor":1,"key":"Swift Potion"},{"floor":4,"key":"EntropicBrew"},{"floor":5,"key":"Fire Potion"}],"is_trial":false,"path_per_floor":["M","M","?","M","M","E","R","E","T","M","$","E","M","$","R","B",null,"M","?","M","?","?","M","R","?","T","M","M","M","R","M","R","B",null,"M","?","M","M","?","E","$","E","T","$","M","?","M","M","R","B",null,"R","$","E","B"],"character_chosen":"IRONCLAD","items_purchased":["Offering","Inflame","SteroidPotion","Pear","Apotheosis"],"campfire_rested":3,"item_purchase_floors":[11,11,14,41,41],"current_hp_per_floor":[60,60,60,64,68,21,21,27,27,33,33,25,24,24,48,20,80,80,80,57,56,50,45,45,45,45,45,55,53,53,56,56,30,56,56,56,27,37,37,41,51,66,66,66,56,56,66,64,66,28,66,66,66,47,0],"gold":64,"neow_bonus":"ONE_RARE_RELIC","is_prod":false,"is_daily":false,"chose_seed":false,"campfire_upgraded":3,"win_rate":0,"timestamp":1556918835,"path_taken":["M","M","?","M","M","E","R","E","T","M","?","E","M","$","R","BOSS","M","?","?","?","?","M","R","?","T","M","M","M","R","M","R","BOSS","M","?","?","M","?","E","?","E","T","$","M","?","M","M","R","BOSS","R","$","E","BOSS"],"build_version":"2019-01-23","purchased_purges":1,"victory":false,"max_hp_per_floor":[80,80,80,80,80,80,80,80,80,80,80,80,80,80,80,80,80,80,80,80,56,56,56,56,56,56,56,56,56,56,56,56,56,56,56,56,56,56,56,56,66,66,66,66,66,66,66,66,66,66,66,66,66,73,73],"card_choices":[{"not_picked":["Pummel","Iron Wave","Combust"],"picked":"SKIP","floor":1},{"not_picked":["Heavy Blade","Anger"],"picked":"Pommel Strike","floor":2},{"not_picked":["Twin Strike","Flex","Headbutt"],"picked":"SKIP","floor":4},{"not_picked":["Sever Soul","Thunderclap"],"picked":"Dual Wield","floor":5},{"not_picked":["Clothesline","Blood for Blood","Second Wind"],"picked":"SKIP","floor":6},{"not_picked":["Clash","True Grit","Cleave"],"picked":"SKIP","floor":8},{"not_picked":["Clash","Warcry","Rage"],"picked":"SKIP","floor":10},{"not_picked":["Wild Strike","Fire Breathing","Sword Boomerang"],"picked":"SKIP","floor":12},{"not_picked":["Exhume","Corruption"],"picked":"Heavy Blade","floor":13},{"not_picked":["Offering","Exhume"],"picked":"Demon Form","floor":16},{"not_picked":["Cleave","Clash+1"],"picked":"Pommel Strike+1","floor":18},{"not_picked":["Anger","Cleave","Heavy Blade"],"picked":"SKIP","floor":20},{"not_picked":["Iron Wave","Havoc+1","Dual Wield"],"picked":"SKIP","floor":23},{"not_picked":["Anger+1","Infernal Blade"],"picked":"Shockwave","floor":27},{"not_picked":["Iron Wave+1","Thunderclap"],"picked":"Shrug It Off+1","floor":28},{"not_picked":["Combust+1","Searing Blow","Double Tap"],"picked":"SKIP","floor":29},{"not_picked":["Armaments","Perfected Strike","Twin Strike"],"picked":"SKIP","floor":31},{"not_picked":["Fiend Fire","Double Tap"],"picked":"Barricade","floor":33},{"not_picked":["Clothesline","Sever Soul"],"picked":"Disarm","floor":35},{"not_picked":["Shockwave+1","Anger"],"picked":"Shrug It Off","floor":37},{"not_picked":["Anger+1","Blood for Blood+1"],"picked":"Uppercut+1","floor":38},{"not_picked":["Corruption","Feel No Pain","Headbutt"],"picked":"SKIP","floor":40},{"not_picked":["Iron Wave+1","Intimidate+1","Spot Weakness+1"],"picked":"SKIP","floor":42},{"not_picked":["Dropkick+1","Flex","Immolate"],"picked":"SKIP","floor":45},{"not_picked":["Cleave","Entrench"],"picked":"Shrug It Off+1","floor":47},{"not_picked":["Body Slam","Sword Boomerang","Iron Wave+1"],"picked":"SKIP","floor":48},{"not_picked":["Searing Blow+1","Cleave+1","Perfected Strike"],"picked":"SKIP","floor":54}],"player_experience":238716,"relics_obtained":[{"floor":6,"key":"FossilizedHelix"},{"floor":8,"key":"Champion Belt"},{"floor":9,"key":"Gremlin Horn"},{"floor":12,"key":"Bronze Scales"},{"floor":40,"key":"Lantern"},{"floor":42,"key":"Ice Cream"},{"floor":43,"key":"Bag of Preparation"},{"floor":54,"key":"Strawberry"}],"event_choices":[{"cards_removed":["Strike_R"],"damage_healed":0,"gold_gain":0,"player_choice":"Offered Basic","damage_taken":0,"max_hp_gain":0,"max_hp_loss":0,"event_name":"Bonfire Elementals","floor":3,"gold_loss":0},{"damage_healed":0,"gold_gain":100,"player_choice":"Bet on Murderer","damage_taken":0,"max_hp_gain":0,"max_hp_loss":0,"event_name":"The Joust","floor":19,"gold_loss":50},{"damage_healed":0,"gold_gain":0,"player_choice":"Became a vampire","damage_taken":0,"max_hp_gain":0,"max_hp_loss":24,"event_name":"Vampires","floor":21,"gold_loss":0,"cards_obtained":["Bite","Bite","Bite","Bite","Bite"]},{"damage_healed":0,"gold_gain":0,"player_choice":"Joined the Cult","damage_taken":6,"max_hp_gain":0,"max_hp_loss":0,"event_name":"Nest","floor":22,"gold_loss":0,"cards_obtained":["RitualDagger"]},{"damage_healed":0,"gold_gain":0,"player_choice":"Simplicity","damage_taken":0,"max_hp_gain":0,"max_hp_loss":0,"event_name":"Back to Basics","floor":25,"gold_loss":0,"cards_upgraded":["Defend_R","Defend_R","Defend_R","Defend_R"]},{"damage_healed":0,"gold_gain":0,"player_choice":"Copied","damage_taken":0,"max_hp_gain":0,"max_hp_loss":0,"event_name":"Duplicator","floor":36,"gold_loss":0,"cards_obtained":["Demon Form"]},{"damage_healed":0,"gold_gain":0,"player_choice":"Ignored","damage_taken":0,"max_hp_gain":0,"max_hp_loss":0,"event_name":"Mysterious Sphere","floor":39,"gold_loss":0},{"damage_healed":0,"gold_gain":0,"player_choice":"Paid","damage_taken":0,"relics_obtained":["Red Mask"],"max_hp_gain":0,"max_hp_loss":0,"event_name":"Tomb of Lord Red Mask","floor":46,"gold_loss":102}],"is_beta":false,"boss_relics":[{"not_picked":["Ectoplasm","Runic Dome"],"picked":"Sozu"},{"not_picked":["Mark of Pain","Cursed Key"],"picked":"Fusion Hammer"}],"items_purged_floors":[11],"is_endless":false,"potions_floor_spawned":[1,4,5,6,27,28,38,45,48,54],"killed_by":"The Heart","ascension_level":1}