{"gold_per_floor":[117,117,37,37,57,82,82,114,194,194,219,238,249,276,276,348,348,366,46,61,7,7,38,48,48,119,154,154,2,2,2,2,2],"floor_reached":33,"playtime":2181,"items_purged":["Strike_B","Strike_B+1"],"score":768,"play_id":"56d667f8-5da2-4cc3-bd14-ef2dbe3e5506","local_time":"20190101142438","is_ascension_mode":true,"campfire_choices":[{"data":"Zap","floor":7,"key":"SMITH"},{"data":"Coolheaded","floor":10,"key":"SMITH"},{"data":"Coolheaded","floor":15,"key":"SMITH"},{"floor":28,"key":"RECALL"},{"data":"Coolheaded","floor":30,"key":"SMITH"},{"data":"Go for the Eyes","floor":32,"key":"SMITH"}],"neow_cost":"NONE","seed_source_timestamp":15697060421694,"circlet_count":0,"master_deck":["AscendersBane","Strike_B+1","Strike_B+1","Defend_B+1","Defend_B+1","Defend_B+1","Defend_B+1","Zap+1","Dualcast","Gash","FTL","Go for the Eyes+1","Streamline","Coolheaded+1","Rip and Tear","Coolheaded+1","Ball Lightning","Echo Form","Gash+1","Glacier","Electrodynamics","Blizzard+1","Coolheaded+1"],"relics":["Cracked Core","NeowsBlessing","Orichalcum","Symbiotic Virus","Ancient Tea Set","Meat on the Bone","Ginger","Oddly Smooth Stone","Coffee Dripper","Omamori","Mango","Mummified Hand","Boot"],"potions_floor_usage":[11,14,20,23,23,27],"damage_taken":[{"damage":0,"enemies":"2 Louse","floor":1,"turns":1},{"damage":0,"enemies":"Jaw Worm","floor":5,"turns":1},{"damage":0,"enemies":"Gremlin Nob","floor":6,"turns":1},{"damage":10,"enemies":"Lagavulin","floor":8,"turns":5},{"damage":6,"enemies":"3 Sentries","floor":11,"turns":5},{"damage":0,"enemies":"Cultist","floor":12,"turns":2},{"damage":0,"enemies":"2 Fungi Beasts","floor":13,"turns":2},{"damage":2,"enemies":"Gremlin Nob","floor":14,"turns":3},{"damage":0,"enemies":"Slime Boss","floor":16,"turns":8},{"damage":0,"enemies":"Spheric Guardian","floor":18,"turns":3},{"damage":7,"enemies":"Shell Parasite","floor":20,"turns":4},{"damage":21,"enemies":"Book of Stabbing","floor":23,"turns":5},{"damage":11,"enemies":"Centurion and Healer","floor":24,"turns":5},{"damage":34,"enemies":"Gremlin Leader","floor":27,"turns":5},{"damage":33,"enemies":"Automaton","floor":33,"turns":8}],"seed_played":"8577697162765843921","potions_obtained":[{"floor":5,"key":"AttackPotion"},{"floor":6,"key":"Weak Potion"},{"floor":13,"key":"Weak Potion"},{"floor":18,"key":"LiquidBronze"},{"floor":23,"key":"Energy Potion"}],"is_trial":false,"path_per_floor":["M","?","$","?","M","E","R","E","T","R","E","M","M","E","R","B",null,"M","$","M","$","?","E","M","?","T","E","R","$","R","?","R","B"],"character_chosen":"DEFECT","items_purchased":["FTL","Glacier","Omamori","Swift Potion","Coolheaded"],"campfire_rested":0,"item_purchase_floors":[3,19,19,21,29],"current_hp_per_floor":[64,59,59,59,59,59,59,49,49,49,43,43,43,41,41,41,64,64,64,57,57,57,50,51,51,51,29,29,29,29,29,29,0],"gold":2,"neow_bonus":"THREE_ENEMY_KILL","is_prod":false,"is_daily":false,"chose_seed":false,"campfire_upgraded":5,"win_rate":0,"timestamp":1546349078,"path_taken":["M","?","$","?","M","E","R","E","T","R","E","M","?","E","R","BOSS","M","$","M","?","?","E","M","?","T","E","R","$","R","?","R","BOSS"],"build_version":"2018-12-20","purchased_purges":2,"victory":false,"max_hp_per_floor":[71,71,71,71,71,71,71,71,71,71,71,71,71,71,71,71,71,71,71,71,71,71,85,85,85,85,85,85,85,85,85,85,85],"card_choices":[{"not_picked":["Stack","Heatsinks"],"picked":"Gash","floor":1},{"not_picked":["Leap","Stack"],"picked":"Go for the Eyes","floor":5},{"not_picked":["Tempest","Conserve Battery"],"picked":"Streamline","floor":6},{"not_picked":["Leap","Sunder"],"picked":"Coolheaded","floor":8},{"not_picked":["Reprogram","Skim"],"picked":"Rip and Tear","floor":11},{"not_picked":["Compile Driver","FTL","Stack"],"picked":"SKIP","floor":12},{"not_picked":["Reinforced Body","Rebound"],"picked":"Coolheaded","floor":13},{"not_picked":["Barrage","Loop"],"picked":"Ball Lightning","floor":14},{"not_picked":["Fission","Thunder Strike"],"picked":"Echo Form","floor":16},{"not_picked":["Stack","Go for the Eyes"],"picked":"Gash+1","floor":18},{"not_picked":["Stack","Barrage","Go for the Eyes"],"picked":"SKIP","floor":20},{"not_picked":["Turbo","Hologram"],"picked":"Electrodynamics","floor":23},{"not_picked":["Rebound","Consume"],"picked":"Blizzard+1","floor":24},{"not_picked":["Ball Lightning","Auto Shields","Barrage"],"picked":"SKIP","floor":27}],"player_experience":1506374,"relics_obtained":[{"floor":6,"key":"Symbiotic Virus"},{"floor":8,"key":"Ancient Tea Set"},{"floor":9,"key":"Meat on the Bone"},{"floor":11,"key":"Ginger"},{"floor":14,"key":"Oddly Smooth Stone"},{"floor":23,"key":"Mango"},{"floor":26,"key":"Mummified Hand"},{"floor":27,"key":"Boot"}],"event_choices":[{"damage_healed":0,"gold_gain":0,"player_choice":"Success","damage_taken":5,"relics_obtained":["Orichalcum"],"max_hp_gain":0,"max_hp_loss":0,"event_name":"Scrap Ooze","floor":2,"gold_loss":0},{"damage_healed":0,"gold_gain":0,"player_choice":"Ignored","damage_taken":0,"max_hp_gain":0,"max_hp_loss":0,"event_name":"Liars Game","floor":4,"gold_loss":0},{"damage_healed":0,"gold_gain":0,"player_choice":"Simplicity","damage_taken":0,"max_hp_gain":0,"max_hp_loss":0,"event_name":"Back to Basics","floor":22,"gold_loss":0,"cards_upgraded":["Strike_B","Strike_B","Strike_B","Defend_B","Defend_B","Defend_B","Defend_B"]},{"damage_healed":0,"gold_gain":0,"player_choice":"Ignored","damage_taken":0,"max_hp_gain":0,"max_hp_loss":0,"event_name":"The Mausoleum","floor":31,"gold_loss":0}],"is_beta":false,"boss_relics":[{"not_picked":["Calling Bell","Busted Crown"],"picked":"Coffee Dripper"}],"items_purged_floors":[19,29],"is_endless":false,"potions_floor_spawned":[5,6,8,13,18,23],"killed_by":"Automaton","ascension_level":20}