{"gold_per_floor":[110,126,126,143,143,143,177,177,177,177,187,222,163,163],"floor_reached":14,"playtime":13166,"items_purged":[],"score":196,"play_id":"fc2b0522-fa3c-41d8-a535-f471e80bb0ae","local_time":"20190428162112","is_ascension_mode":true,"campfire_choices":[{"data":"Bash","floor":6,"key":"SMITH"},{"data":"1","floor":8,"key":"LIFT"},{"data":"2","floor":10,"key":"LIFT"}],"neow_cost":"NONE","seed_source_timestamp":1611901229232279,"circlet_count":0,"master_deck":["AscendersBane","Strike_R","Strike_R","Strike_R","Strike_R","Strike_R","Defend_R","Defend_R","Defend_R","Defend_R","Bash+1","Flex","Spot Weakness","Shrug It Off","Shrug It Off","Intimidate","Disarm"],"relics":["Burning Blood","NeowsBlessing","Girya","Champion Belt","Pantograph"],"potions_floor_usage":[7,14],"damage_taken":[{"damage":0,"enemies":"2 Louse","floor":1,"turns":1},{"damage":0,"enemies":"Small Slimes","floor":2,"turns":1},{"damage":0,"enemies":"Jaw Worm","floor":4,"turns":1},{"damage":44,"enemies":"3 Sentries","floor":7,"turns":9},{"damage":10,"enemies":"Large Slime","floor":11,"turns":8},{"damage":24,"enemies":"Lagavulin","floor":12,"turns":6},{"damage":38,"enemies":"Gremlin Nob","floor":14,"turns":4}],"seed_played":"6809666690517057917","potions_obtained":[{"floor":1,"key":"Regen Potion"},{"floor":7,"key":"EssenceOfSteel"}],"is_trial":false,"path_per_floor":["M","M","?","M","$","R","E","R","T","R","M","E","?","E"],"character_chosen":"IRONCLAD","items_purchased":[],"campfire_rested":0,"item_purchase_floors":[],"current_hp_per_floor":[74,75,80,80,80,80,57,57,57,57,53,35,35,0],"gold":163,"neow_bonus":"THREE_ENEMY_KILL","is_prod":false,"is_daily":false,"chose_seed":false,"campfire_upgraded":1,"win_rate":0,"timestamp":1556461272,"path_taken":["M","M","?","M","$","R","E","R","T","R","M","E","?","E"],"build_version":"2019-01-23","purchased_purges":0,"victory":false,"max_hp_per_floor":[75,75,80,80,80,80,80,80,80,80,80,80,80,80],"card_choices":[{"not_picked":["Blood for Blood","Iron Wave"],"picked":"Flex","floor":1},{"not_picked":["Battle Trance","Corruption"],"picked":"Spot Weakness","floor":2},{"not_picked":["Wild Strike","Second Wind"],"picked":"Shrug It Off","floor":4},{"not_picked":["Corruption","Perfected Strike"],"picked":"Shrug It Off","floor":7},{"not_picked":["Bloodletting","Iron Wave"],"picked":"Intimidate","floor":11},{"not_picked":["Clothesline","Clash"],"picked":"Disarm","floor":12}],"player_experience":2589186,"relics_obtained":[{"floor":7,"key":"Girya"},{"floor":9,"key":"Champion Belt"},{"floor":12,"key":"Pantograph"}],"event_choices":[{"damage_healed":0,"gold_gain":0,"player_choice":"Donut","damage_taken":0,"max_hp_gain":5,"max_hp_loss":0,"event_name":"Big Fish","floor":3,"gold_loss":0},{"damage_healed":0,"gold_gain":0,"player_choice":"Left Gold","damage_taken":0,"max_hp_gain":0,"max_hp_loss":0,"event_name":"World of Goop","floor":13,"gold_loss":59}],"is_beta":false,"boss_relics":[],"items_purged_floors":[],"is_endless":false,"potions_floor_spawned":[1,7],"killed_by":"Gremlin Nob","ascension_level":20}