{"gold_per_floor":[20,40,40,40,55,55,99,99,99,134,134,172,172,188,188,278,278,302,302,62,62,75,111,111,111],"floor_reached":25,"playtime":1685,"items_purged":[],"score":499,"play_id":"8f59b937-ca9b-47c7-95d5-c8ad41d53617","local_time":"20190402115303","is_ascension_mode":true,"campfire_choices":[{"data":"Feed","floor":6.0,"key":"SMITH"},{"data":"Bash","floor":8.0,"key":"SMITH"},{"data":"Armaments","floor":13.0,"key":"SMITH"},{"data":"Disarm","floor":15.0,"key":"SMITH"},{"floor":24,"key":"REST"}],"neow_cost":"NO_GOLD","seed_source_timestamp":740402005370572,"circlet_count":0,"master_deck":["AscendersBane","Strike_R","Strike_R","Defend_R","Defend_R","Defend_R","Defend_R","Bash+1","Feed+1","Flame Barrier","Evolve","Twin Strike","Disarm+1","Flame Barrier","Armaments+1","Impervious","Immolate","Spot Weakness","Anger","Bloodletting","Battle Trance","Twin Strike+1","Exhume"],"special_seed":0,"relics":["Burning Blood","Golden Idol","Dodecahedron","Orichalcum","Letter Opener","Prayer Wheel","Sozu","Oddly Smooth Stone","Omamori"],"potions_floor_usage":[],"damage_taken":[{"damage":4.0,"enemies":"Jaw Worm","floor":1.0,"turns":4.0},{"damage":2.0,"enemies":"2 Louse","floor":2.0,"turns":4.0},{"damage":1.0,"enemies":"Small Slimes","floor":5.0,"turns":5.0},{"damage":8.0,"enemies":"Gremlin Nob","floor":7.0,"turns":3.0},{"damage":42.0,"enemies":"Lagavulin","floor":10.0,"turns":8.0},{"damage":28.0,"enemies":"3 Sentries","floor":12.0,"turns":13.0},{"damage":0.0,"enemies":"2 Fungi Beasts","floor":14.0,"turns":4.0},{"damage":22.0,"enemies":"The Guardian","floor":16.0,"turns":17.0},{"damage":12.0,"enemies":"Shell Parasite","floor":18.0,"turns":8.0},{"damage":21.0,"enemies":"Spheric Guardian","floor":22.0,"turns":8.0},{"damage":64,"enemies":"Book of Stabbing","floor":23,"turns":6},{"damage":48,"enemies":"Gremlin Leader","floor":25,"turns":6}],"seed_played":"-6854517526114205849","potions_obtained":[{"floor":5.0,"key":"Fire Potion"},{"floor":12.0,"key":"Weak Potion"}],"is_trial":false,"path_per_floor":["M","M","?","?","M","R","E","R","T","E","?","E","R","M","R","B",null,"M","?","$","?","M","E","R","E"],"character_chosen":"IRONCLAD","items_purchased":["Battle Trance","Oddly Smooth Stone"],"campfire_rested":1,"item_purchase_floors":[20,20],"current_hp_per_floor":[73,80,73,78,81,81,83,83,83,51,44,26,26,36,36,24,82,80,80,80,80,69,11,43,0],"gold":111,"neow_bonus":"THREE_RARE_CARDS","is_prod":false,"is_daily":false,"chose_seed":false,"campfire_upgraded":4,"win_rate":0,"timestamp":1554198783,"path_taken":["M","M","?","?","M","R","E","R","T","E","?","E","R","M","R","BOSS","M","?","$","?","M","E","R","E"],"build_version":"2019-01-23","purchased_purges":0,"victory":false,"max_hp_per_floor":[78,81,73,78,81,81,85,85,85,89,89,93,93,97,97,101,101,105,105,105,105,109,109,109,109],"card_choices":[{"not_picked":["Exhume","Double Tap"],"picked":"Feed","floor":0.0},{"not_picked":["Thunderclap","Fire Breathing"],"picked":"Flame Barrier","floor":1.0},{"not_picked":["Thunderclap","Body Slam"],"picked":"Evolve","floor":2.0},{"not_picked":["Headbutt","Clash"],"picked":"Twin Strike","floor":5.0},{"not_picked":["Burning Pact","Flex"],"picked":"Disarm","floor":7.0},{"not_picked":["Berserk","Feel No Pain"],"picked":"Flame Barrier","floor":10.0},{"not_picked":["True Grit","Body Slam"],"picked":"Armaments","floor":12.0},{"not_picked":["Anger","Clash"],"picked":"Impervious","floor":14.0},{"not_picked":["Iron Wave","Twin Strike","Infernal Blade"],"picked":"SKIP","floor":14.0},{"not_picked":["Juggernaut","Demon Form"],"picked":"Immolate","floor":16.0},{"not_picked":["Clothesline","Flex+1"],"picked":"Spot Weakness","floor":18.0},{"not_picked":["Perfected Strike","Wild Strike","Iron Wave"],"picked":"SKIP","floor":18.0},{"not_picked":["Whirlwind","Iron Wave"],"picked":"Twin Strike+1","floor":22.0},{"not_picked":["Headbutt","Anger","Burning Pact"],"picked":"SKIP","floor":22.0},{"not_picked":["Second Wind","Wild Strike"],"picked":"Exhume","floor":23}],"player_experience":2325200,"relics_obtained":[{"floor":7.0,"key":"Dodecahedron"},{"floor":9.0,"key":"Orichalcum"},{"floor":10.0,"key":"Letter Opener"},{"floor":12.0,"key":"Prayer Wheel"},{"floor":23,"key":"Omamori"}],"event_choices":[{"damage_healed":0.0,"max_hp_gain":0.0,"max_hp_loss":8.0,"gold_gain":0.0,"event_name":"Golden Idol","player_choice":"Lose Max HP","floor":3.0,"gold_loss":0.0,"damage_taken":0.0,"relics_obtained":["Golden Idol"]},{"damage_healed":0.0,"max_hp_gain":5.0,"max_hp_loss":0.0,"gold_gain":0.0,"event_name":"Big Fish","player_choice":"Donut","floor":4.0,"gold_loss":0.0,"damage_taken":0.0},{"cards_removed":["Strike_R"],"damage_healed":0.0,"max_hp_gain":0.0,"max_hp_loss":0.0,"gold_gain":0.0,"event_name":"Golden Wing","player_choice":"Card Removal","floor":11.0,"gold_loss":0.0,"damage_taken":7.0},{"damage_healed":0.0,"max_hp_gain":0.0,"max_hp_loss":0.0,"gold_gain":0.0,"cards_transformed":["Strike_R","Strike_R"],"event_name":"Drug Dealer","player_choice":"Became Test Subject","floor":19.0,"gold_loss":0.0,"damage_taken":0.0,"cards_obtained":["Anger","Bloodletting"]},{"damage_healed":0.0,"max_hp_gain":0.0,"max_hp_loss":0.0,"gold_gain":0.0,"event_name":"The Mausoleum","player_choice":"Ignored","floor":21.0,"gold_loss":0.0,"damage_taken":0.0}],"is_beta":false,"boss_relics":[{"not_picked":["White Beast Statue","Tiny House"],"picked":"Sozu"}],"items_purged_floors":[],"is_endless":false,"potions_floor_spawned":[5,12],"killed_by":"Gremlin Leader","ascension_level":20}