{"gold_per_floor":[119,119,137,137,151,178,178,253,304,317,317,337,337,372,372,446,446,466,46,96,108,143,177,277,29,86,86,99,127,27,52,52,123,123,135,135,135,147,162,191,207,207,233,54,107,119,353,408,420,432,444],"floor_reached":51,"playtime":8489,"items_purged":["Defend_B","Defend_B"],"score":1688,"play_id":"246ed061-e683-4704-a4bb-07752c9041d8","local_time":"20190520142450","is_ascension_mode":true,"campfire_choices":[{"data":"Defragment","floor":7.0,"key":"SMITH"},{"floor":11.0,"key":"REST"},{"data":"Zap","floor":13.0,"key":"SMITH"},{"data":"Dualcast","floor":15.0,"key":"SMITH"},{"data":"Self Repair","floor":27.0,"key":"SMITH"},{"floor":32.0,"key":"REST"},{"floor":42.0,"key":"RECALL"},{"floor":46.0,"key":"REST"},{"data":"Echo Form","floor":49.0,"key":"SMITH"}],"neow_cost":"NONE","seed_source_timestamp":428342440396950,"circlet_count":0,"master_deck":["AscendersBane","Strike_B+1","Defend_B","Defend_B","Zap+1","Auto Shields","Ball Lightning+1","Defragment+1","Conserve Battery+1","Genetic Algorithm+1","Chaos+1","Echo Form+1","Machine Learning+1","All For One+1","Electrodynamics+1","Double Energy+1","Chill+1","Self Repair+1","Static Discharge","Coolheaded+1","Hologram+1","Coolheaded+1","Fission+1","Go for the Eyes+1","Loop","Seek+1","Fusion+1"],"special_seed":0,"relics":["Cracked Core","NeowsBlessing","Singing Bowl","Toxic Egg 2","Dream Catcher","Question Card","Astrolabe","Incense Burner","Red Mask","Bag of Marbles","Pocketwatch","Ornamental Fan","Happy Flower","Tiny Chest","Prayer Wheel","Dead Branch","Runic Pyramid","Boot","MawBank"],"potions_floor_usage":[],"damage_taken":[{"damage":0.0,"enemies":"Cultist","floor":1.0,"turns":1.0},{"damage":0.0,"enemies":"Jaw Worm","floor":3.0,"turns":1.0},{"damage":0.0,"enemies":"2 Louse","floor":5.0,"turns":1.0},{"damage":14.0,"enemies":"Lagavulin","floor":6.0,"turns":7.0},{"damage":6.0,"enemies":"Looter","floor":10.0,"turns":3.0},{"damage":9.0,"enemies":"Large Slime","floor":12.0,"turns":3.0},{"damage":25.0,"enemies":"Gremlin Nob","floor":14.0,"turns":4.0},{"damage":2.0,"enemies":"Hexaghost","floor":16.0,"turns":9.0},{"damage":0.0,"enemies":"Spheric Guardian","floor":18.0,"turns":4.0},{"damage":0.0,"enemies":"Chosen","floor":21.0,"turns":3.0},{"damage":0.0,"enemies":"Masked Bandits","floor":22.0,"turns":3.0},{"damage":0.0,"enemies":"Slavers","floor":23.0,"turns":3.0},{"damage":11.0,"enemies":"Colosseum Slavers","floor":24.0,"turns":6.0},{"damage":11.0,"enemies":"Colosseum Nobs","floor":24.0,"turns":4.0},{"damage":11.0,"enemies":"Snake Plant","floor":28.0,"turns":4.0},{"damage":22.0,"enemies":"Book of Stabbing","floor":29.0,"turns":4.0},{"damage":13.0,"enemies":"Slavers","floor":31.0,"turns":3.0},{"damage":0.0,"enemies":"Collector","floor":33.0,"turns":7.0},{"damage":3.0,"enemies":"Orb Walker","floor":35.0,"turns":3.0},{"damage":0.0,"enemies":"3 Shapes","floor":38.0,"turns":3.0},{"damage":5.0,"enemies":"Writhing Mass","floor":39.0,"turns":6.0},{"damage":70.0,"enemies":"Reptomancer","floor":40.0,"turns":5.0},{"damage":0.0,"enemies":"Sphere and 2 Shapes","floor":41.0,"turns":6.0},{"damage":10.0,"enemies":"Giant Head","floor":48.0,"turns":8.0},{"damage":88.0,"enemies":"Time Eater","floor":50.0,"turns":15.0},{"damage":45,"enemies":"Awakened One","floor":51,"turns":15}],"seed_played":"-1957209763927346419","potions_obtained":[{"floor":1.0,"key":"Ancient Potion"},{"floor":6.0,"key":"Swift Potion"},{"floor":14.0,"key":"EntropicBrew"},{"floor":18.0,"key":"AttackPotion"},{"floor":21.0,"key":"Fire Potion"},{"floor":23.0,"key":"GamblersBrew"},{"floor":28.0,"key":"FearPotion"},{"floor":31.0,"key":"Dexterity Potion"},{"floor":33.0,"key":"FocusPotion"},{"floor":41.0,"key":"LiquidBronze"}],"is_trial":false,"path_per_floor":["M","T","M","?","M","E","R","?","T","M","R","M","R","E","R","B",null,"M","$","?","M","?","E","?","$","T","R","M","E","$","E","R","B",null,"M","$","?","M","M","E","M","R","T","$","T","R","?","E","R","B","B"],"character_chosen":"DEFECT","items_purchased":["Incense Burner","Static Discharge","Happy Flower","Seek+1"],"campfire_rested":3,"item_purchase_floors":[19,25,25,44],"current_hp_per_floor":[64,64,64,43,45,31,31,20,20,14,35,28,28,3,3,1,57,57,57,57,57,59,59,53,53,53,53,52,30,30,29,53,63,77,83,83,83,87,91,43,65,65,65,65,65,95,95,95,95,27,0],"gold":444,"neow_bonus":"THREE_ENEMY_KILL","is_prod":false,"is_daily":false,"chose_seed":false,"campfire_upgraded":5,"win_rate":0,"timestamp":1558355090,"path_taken":["M","?","M","?","M","E","R","?","T","M","R","M","R","E","R","BOSS","M","$","?","M","?","E","?","$","T","R","M","E","$","E","R","BOSS","M","$","?","M","M","E","M","R","T","$","?","R","?","E","R","BOSS","BOSS"],"build_version":"2019-01-23","purchased_purges":2,"victory":false,"max_hp_per_floor":[71,71,71,71,73,73,73,73,73,73,73,75,75,75,75,75,75,75,75,75,75,77,77,79,79,79,79,79,79,79,81,81,81,81,83,83,83,87,91,93,95,95,95,95,95,97,97,97,97,97,97],"card_choices":[{"not_picked":["Gash","BootSequence"],"picked":"Auto Shields","floor":1.0},{"not_picked":["Gash","Go for the Eyes"],"picked":"Ball Lightning","floor":3.0},{"not_picked":["Chill","Aggregate","Auto Shields"],"picked":"Singing Bowl","floor":5.0},{"not_picked":["Beam Cell","Ball Lightning"],"picked":"Defragment","floor":6.0},{"not_picked":["Capacitor","Rebound"],"picked":"Conserve Battery+1","floor":10.0},{"not_picked":["White Noise+1","Lockon"],"picked":"Genetic Algorithm+1","floor":11.0},{"not_picked":["Hello World","Leap+1","Redo+1"],"picked":"Singing Bowl","floor":12.0},{"not_picked":["Self Repair","Genetic Algorithm+1"],"picked":"Chaos+1","floor":14.0},{"not_picked":["Buffer","Core Surge","All For One"],"picked":"Echo Form","floor":16.0},{"not_picked":["Leap+1","Barrage","Rebound"],"picked":"Double Energy+1","floor":18.0},{"not_picked":["Compile Driver","Rebound","Lockon"],"picked":"Chill+1","floor":21.0},{"not_picked":["Cold Snap","Blizzard","Loop","Compile Driver"],"picked":"Singing Bowl","floor":22.0},{"not_picked":["Sunder+1","Blizzard","BootSequence+1"],"picked":"Self Repair","floor":23.0},{"not_picked":["Go for the Eyes","White Noise+1","Chill+1","Lockon"],"picked":"Singing Bowl","floor":24.0},{"not_picked":["Fission+1","Hologram+1","Turbo+1"],"picked":"Coolheaded+1","floor":28.0},{"not_picked":["Beam Cell","Blizzard","Streamline"],"picked":"Hologram+1","floor":29.0},{"not_picked":["Leap+1","Rebound","Steam+1","Rainbow+1"],"picked":"Singing Bowl","floor":31.0},{"not_picked":["Undo+1","Hologram+1","Turbo+1"],"picked":"Coolheaded+1","floor":32.0},{"not_picked":["Multi-Cast+1","Reboot+1","Hyperbeam"],"picked":"Fission+1","floor":33.0},{"not_picked":["Barrage+1","Hologram+1","Coolheaded+1"],"picked":"Go for the Eyes+1","floor":35.0},{"not_picked":["Darkness+1","Recycle+1","Stack+1","Genetic Algorithm+1"],"picked":"Singing Bowl","floor":35.0},{"not_picked":["Conserve Battery+1","Cold Snap","Reprogram+1","Rip and Tear"],"picked":"Singing Bowl","floor":38.0},{"not_picked":["Storm","Compile Driver","Beam Cell+1","Go for the Eyes"],"picked":"Singing Bowl","floor":38.0},{"not_picked":["Static Discharge","Rebound","Cold Snap+1","Chaos+1"],"picked":"Singing Bowl","floor":39.0},{"not_picked":["Rebound","Redo+1","Ball Lightning+1","Machine Learning"],"picked":"Singing Bowl","floor":39.0},{"not_picked":["Coolheaded+1","Machine Learning","Go for the Eyes+1","Sunder"],"picked":"Singing Bowl","floor":40.0},{"not_picked":["Turbo+1","Beam Cell+1","Recycle+1","Consume+1"],"picked":"Singing Bowl","floor":41.0},{"not_picked":["Gash","Stack+1","Redo+1"],"picked":"Loop","floor":41.0},{"not_picked":["Hologram+1","Ball Lightning","Streamline+1","Leap+1"],"picked":"Singing Bowl","floor":46.0},{"not_picked":["Darkness+1","Rainbow+1","Sweeping Beam"],"picked":"Fusion+1","floor":48.0}],"player_experience":2725228,"relics_obtained":[{"floor":2.0,"key":"Singing Bowl"},{"floor":6.0,"key":"Toxic Egg 2"},{"floor":9.0,"key":"Dream Catcher"},{"floor":14.0,"key":"Question Card"},{"floor":22.0,"key":"Red Mask"},{"floor":23.0,"key":"Bag of Marbles"},{"floor":24.0,"key":"Pocketwatch"},{"floor":24.0,"key":"Ornamental Fan"},{"floor":26.0,"key":"Tiny Chest"},{"floor":29.0,"key":"Prayer Wheel"},{"floor":31.0,"key":"Dead Branch"},{"floor":40.0,"key":"Boot"},{"floor":45.0,"key":"MawBank"}],"event_choices":[{"damage_healed":0.0,"max_hp_gain":0.0,"max_hp_loss":0.0,"gold_gain":0.0,"event_name":"Shining Light","player_choice":"Entered Light","floor":4.0,"gold_loss":0.0,"damage_taken":21.0,"cards_upgraded":["Strike_B","Ball Lightning"]},{"damage_healed":0.0,"max_hp_gain":0.0,"max_hp_loss":0.0,"gold_gain":75.0,"event_name":"World of Goop","player_choice":"Gather Gold","floor":8.0,"gold_loss":0.0,"damage_taken":11.0},{"damage_healed":0.0,"max_hp_gain":0.0,"max_hp_loss":0.0,"gold_gain":50.0,"event_name":"Nest","player_choice":"Stole From Cult","floor":20.0,"gold_loss":0.0,"damage_taken":0.0},{"damage_healed":0.0,"max_hp_gain":0.0,"max_hp_loss":0.0,"gold_gain":0.0,"event_name":"Masked Bandits","player_choice":"Fought Bandits","floor":22.0,"gold_loss":0.0,"damage_taken":0.0},{"damage_healed":0.0,"max_hp_gain":0.0,"max_hp_loss":0.0,"gold_gain":0.0,"event_name":"Colosseum","player_choice":"Fight","floor":24.0,"gold_loss":0.0,"damage_taken":0.0},{"damage_healed":0.0,"max_hp_gain":0.0,"max_hp_loss":0.0,"gold_gain":0.0,"event_name":"Colosseum","player_choice":"Fought Nobs","floor":24.0,"gold_loss":0.0,"damage_taken":0.0},{"cards_removed":["Dualcast"],"damage_healed":0.0,"max_hp_gain":0.0,"max_hp_loss":0.0,"gold_gain":0.0,"event_name":"Falling","player_choice":"Removed Skill","floor":37.0,"gold_loss":0.0,"damage_taken":0.0},{"damage_healed":0.0,"max_hp_gain":0.0,"max_hp_loss":0.0,"gold_gain":222.0,"event_name":"Tomb of Lord Red Mask","player_choice":"Wore Mask","floor":47.0,"gold_loss":0.0,"damage_taken":0.0}],"is_beta":false,"boss_relics":[{"not_picked":["FrozenCore","Black Star"],"picked":"Astrolabe"},{"not_picked":["Coffee Dripper","Snecko Eye"],"picked":"Runic Pyramid"}],"items_purged_floors":[19,30],"is_endless":false,"potions_floor_spawned":[1,6,12,14,18,21,23,28,31,33,41,48],"killed_by":"Awakened One","ascension_level":20}