{"gold_per_floor":[113,188,188,202,202,231,259,299,311,323,62,74,93,126,126,200,200,218,268,284,295,295,320,320,88,159,171,204,224,224,224,224,224],"floor_reached":33,"playtime":17160,"items_purged":["Strike_G"],"score":810,"play_id":"447b0415-4f5a-4f9d-90a2-c52be5a8796e","local_time":"20190227220000","is_ascension_mode":true,"campfire_choices":[{"floor":10,"key":"REST"},{"data":"Footwork","floor":15,"key":"SMITH"},{"floor":24,"key":"REST"},{"floor":30,"key":"REST"},{"data":"Deadly Poison","floor":32,"key":"SMITH"}],"neow_cost":"NONE","seed_source_timestamp":675796875351706,"circlet_count":0,"master_deck":["AscendersBane","Defend_G","Defend_G","Defend_G","Defend_G+1","Defend_G","Strike_G","Strike_G","Strike_G","Survivor","Neutralize","PiercingWail","Deadly Poison+1","Adrenaline","Leg Sweep+1","Predator","Footwork+1","Dash","Deflect","Malaise","Choke","Deadly Poison+1","Dagger Spray","Writhe","Backstab","Dodge and Roll+1","Poisoned Stab","Malaise"],"relics":["Ring of the Snake","NeowsBlessing","MawBank","Tingsha","Ninja Scroll","Gremlin Horn","War Paint","Snecko Eye","Matryoshka","Orichalcum","Snake Skull","Ancient Tea Set","Ornamental Fan","Pantograph"],"potions_floor_usage":[8,16,23,23,28,33],"damage_taken":[{"damage":0,"enemies":"Small Slimes","floor":1,"turns":1},{"damage":0,"enemies":"2 Louse","floor":4,"turns":1},{"damage":0,"enemies":"Gremlin Nob","floor":6,"turns":1},{"damage":0,"enemies":"Jaw Worm","floor":7,"turns":4},{"damage":13,"enemies":"3 Sentries","floor":8,"turns":12},{"damage":3,"enemies":"Looter","floor":12,"turns":3},{"damage":0,"enemies":"2 Fungi Beasts","floor":13,"turns":2},{"damage":14,"enemies":"Lagavulin","floor":14,"turns":6},{"damage":0,"enemies":"The Guardian","floor":16,"turns":17},{"damage":0,"enemies":"Chosen","floor":18,"turns":7},{"damage":13,"enemies":"Spheric Guardian","floor":20,"turns":5},{"damage":23,"enemies":"Cultist and Chosen","floor":21,"turns":6},{"damage":0,"enemies":"Gremlin Leader","floor":23,"turns":4},{"damage":13,"enemies":"3 Cultists","floor":27,"turns":7},{"damage":8,"enemies":"Slavers","floor":28,"turns":7},{"damage":0,"enemies":"Snecko","floor":29,"turns":5},{"damage":71,"enemies":"Champ","floor":33,"turns":14}],"seed_played":"2459610576930574310","potions_obtained":[{"floor":1,"key":"AttackPotion"},{"floor":4,"key":"Explosive Potion"},{"floor":8,"key":"GhostInAJar"},{"floor":20,"key":"AttackPotion"},{"floor":23,"key":"GamblersBrew"},{"floor":29,"key":"Strength Potion"}],"is_trial":false,"path_per_floor":["M","?","?","M","$","E","M","E","T","R","$","M","M","E","R","B",null,"M","?","M","M","?","E","R","$","T","M","E","M","R","?","R","B"],"character_chosen":"THE_SILENT","items_purchased":["Gremlin Horn","Snake Skull"],"campfire_rested":3,"item_purchase_floors":[11,25],"current_hp_per_floor":[59,48,41,41,41,41,41,28,28,47,47,44,44,30,30,30,57,57,57,44,21,21,21,40,40,40,27,19,19,38,38,38,0],"gold":224,"neow_bonus":"THREE_ENEMY_KILL","is_prod":false,"is_daily":false,"chose_seed":false,"campfire_upgraded":2,"win_rate":0,"timestamp":1551301200,"path_taken":["M","?","?","M","$","E","M","E","T","R","?","M","M","E","R","BOSS","M","?","M","M","?","E","R","$","T","M","E","?","R","?","R","BOSS"],"build_version":"2019-01-23","purchased_purges":1,"victory":false,"max_hp_per_floor":[66,66,66,66,66,66,66,66,66,66,66,66,66,66,66,66,66,66,66,66,66,66,66,66,66,66,66,66,66,66,66,66,66],"card_choices":[{"not_picked":["Flechettes","Calculated Gamble"],"picked":"PiercingWail","floor":1},{"not_picked":["Acrobatics","Endless Agony"],"picked":"Deadly Poison","floor":4},{"not_picked":["PiercingWail","Dagger Throw"],"picked":"Adrenaline","floor":6},{"not_picked":["Deadly Poison","Deflect"],"picked":"Leg Sweep","floor":7},{"not_picked":["Flechettes","Prepared"],"picked":"Predator","floor":8},{"not_picked":["Backflip","Blade Dance"],"picked":"Footwork","floor":12},{"not_picked":["Cloak And Dagger","Leg Sweep"],"picked":"Dash","floor":13},{"not_picked":["Dagger Throw","Tactician"],"picked":"Deflect","floor":14},{"not_picked":["Unload","After Image"],"picked":"Malaise","floor":16},{"not_picked":["Deflect","Bane"],"picked":"Choke","floor":18},{"not_picked":["Deflect","Accuracy+1"],"picked":"Deadly Poison+1","floor":20},{"not_picked":["Deflect","Blade Dance"],"picked":"Dagger Spray","floor":21},{"not_picked":["Adrenaline","Sucker Punch+1"],"picked":"Backstab","floor":23},{"not_picked":["Caltrops","Cloak And Dagger"],"picked":"Dodge and Roll+1","floor":27},{"not_picked":["Quick Slash","Deadly Poison"],"picked":"Poisoned Stab","floor":28},{"not_picked":["Underhanded Strike+1","Bane","Unload"],"picked":"SKIP","floor":29}],"player_experience":1721111,"relics_obtained":[{"floor":6,"key":"MawBank"},{"floor":8,"key":"Tingsha"},{"floor":9,"key":"Ninja Scroll"},{"floor":14,"key":"War Paint"},{"floor":23,"key":"Orichalcum"},{"floor":26,"key":"Ancient Tea Set"},{"floor":26,"key":"Ornamental Fan"},{"floor":28,"key":"Pantograph"}],"event_choices":[{"damage_healed":0,"gold_gain":75,"player_choice":"Gather Gold","damage_taken":11,"max_hp_gain":0,"max_hp_loss":0,"event_name":"World of Goop","floor":2,"gold_loss":0},{"cards_removed":["Strike_G"],"damage_healed":0,"gold_gain":0,"player_choice":"Card Removal","damage_taken":7,"max_hp_gain":0,"max_hp_loss":0,"event_name":"Golden Wing","floor":3,"gold_loss":0},{"damage_healed":0,"gold_gain":50,"player_choice":"Stole From Cult","damage_taken":0,"max_hp_gain":0,"max_hp_loss":0,"event_name":"Nest","floor":19,"gold_loss":0},{"damage_healed":0,"gold_gain":0,"player_choice":"Opened","damage_taken":0,"relics_obtained":["Matryoshka"],"max_hp_gain":0,"max_hp_loss":0,"event_name":"The Mausoleum","floor":22,"gold_loss":0,"cards_obtained":["Writhe"]},{"damage_healed":0,"gold_gain":0,"player_choice":"Copied","damage_taken":0,"max_hp_gain":0,"max_hp_loss":0,"event_name":"Duplicator","floor":31,"gold_loss":0,"cards_obtained":["Malaise"]}],"is_beta":false,"boss_relics":[{"not_picked":["Fusion Hammer","Calling Bell"],"picked":"Snecko Eye"}],"items_purged_floors":[25],"is_endless":false,"potions_floor_spawned":[1,4,8,12,13,20,23,29],"killed_by":"Champ","ascension_level":20}