{"gold_per_floor":[118,132,132,148,64,64,83,109,109,121,133],"floor_reached":11,"playtime":510,"items_purged":[],"score":146,"play_id":"74205a1b-5c5f-43f4-8674-d1579405c0dd","local_time":"20190415214510","is_ascension_mode":true,"campfire_choices":[{"floor":6,"key":"REST"}],"neow_cost":"NONE","seed_source_timestamp":520797931574274,"circlet_count":0,"master_deck":["AscendersBane","Defend_G+1","Defend_G+1","Defend_G","Defend_G","Defend_G","Strike_G","Strike_G","Strike_G","Strike_G","Strike_G","Survivor","Neutralize+1","Blade Dance","Well Laid Plans+1","Blur+1","Dagger Spray","Deflect","Bane","Leg Sweep"],"relics":["Ring of the Snake","War Paint","MawBank"],"potions_floor_usage":[8,8],"damage_taken":[{"damage":9,"enemies":"Jaw Worm","floor":1,"turns":5},{"damage":4,"enemies":"Small Slimes","floor":2,"turns":3},{"damage":1,"enemies":"2 Louse","floor":4,"turns":3},{"damage":2,"enemies":"Lots of Slimes","floor":7,"turns":4},{"damage":19,"enemies":"3 Sentries","floor":8,"turns":5},{"damage":23,"enemies":"Gremlin Nob","floor":11,"turns":4}],"seed_played":"-344014752833727665","potions_obtained":[{"floor":1,"key":"LiquidBronze"},{"floor":4,"key":"AttackPotion"},{"floor":7,"key":"Poison Potion"}],"is_trial":false,"path_per_floor":["M","M","?","M","$","R","M","E","T","?","E"],"character_chosen":"THE_SILENT","items_purchased":["Dagger Spray","Deflect"],"campfire_rested":1,"item_purchase_floors":[5,5],"current_hp_per_floor":[50,46,26,25,25,44,42,23,23,23,0],"gold":133,"neow_bonus":"UPGRADE_CARD","is_prod":false,"is_daily":false,"chose_seed":false,"campfire_upgraded":0,"win_rate":0,"timestamp":1555357510,"path_taken":["M","M","?","M","$","R","M","E","T","?","E"],"build_version":"2019-01-23","purchased_purges":0,"victory":false,"max_hp_per_floor":[66,66,66,66,66,66,66,66,66,66,66],"card_choices":[{"not_picked":["Flechettes","Prepared"],"picked":"Blade Dance","floor":1},{"not_picked":["Choke","Acrobatics"],"picked":"Well Laid Plans","floor":2},{"not_picked":["Flechettes","Prepared"],"picked":"Blur","floor":4},{"not_picked":["Flying Knee","Tactician"],"picked":"Bane","floor":7},{"not_picked":["Blade Dance","Flying Knee"],"picked":"Leg Sweep","floor":8}],"player_experience":2498197,"relics_obtained":[{"floor":8,"key":"War Paint"},{"floor":9,"key":"MawBank"}],"event_choices":[{"damage_healed":0,"gold_gain":0,"player_choice":"Entered Light","damage_taken":20,"max_hp_gain":0,"max_hp_loss":0,"event_name":"Shining Light","floor":3,"gold_loss":0,"cards_upgraded":["Defend_G","Well Laid Plans"]},{"damage_healed":0,"gold_gain":0,"player_choice":"Ignored","damage_taken":0,"max_hp_gain":0,"max_hp_loss":0,"event_name":"Liars Game","floor":10,"gold_loss":0}],"is_beta":false,"boss_relics":[],"items_purged_floors":[],"is_endless":false,"potions_floor_spawned":[1,4,7],"killed_by":"Gremlin Nob","ascension_level":20}