{"gold_per_floor":[118,136,148,148,148,177,177,210,210,230,230,241,241,297,297,369,369,369],"floor_reached":18,"playtime":789,"items_purged":[],"score":315,"play_id":"763c7c60-d3e3-4740-aeef-7ee17e967eaa","local_time":"20190415020048","is_ascension_mode":true,"campfire_choices":[{"floor":7.0,"key":"REST"},{"data":"Metallicize","floor":11.0,"key":"SMITH"},{"data":"Shrug It Off","floor":15.0,"key":"SMITH"}],"neow_cost":"NONE","seed_source_timestamp":43083712546464,"circlet_count":0,"master_deck":["AscendersBane","Strike_R","Strike_R","Strike_R","Strike_R","Strike_R+1","Defend_R","Defend_R+1","Defend_R","Defend_R","Bash","Infernal Blade+1","Shrug It Off+1","Metallicize+1","Spot Weakness","Intimidate","Offering","Iron Wave","Feed"],"special_seed":0,"relics":["Burning Blood","Darkstone Periapt","Mercury Hourglass","Blue Candle","Pear","Boot","Snecko Eye"],"potions_floor_usage":[],"damage_taken":[{"damage":4.0,"enemies":"Small Slimes","floor":1.0,"turns":5.0},{"damage":6.0,"enemies":"2 Louse","floor":2.0,"turns":3.0},{"damage":2.0,"enemies":"Cultist","floor":3.0,"turns":4.0},{"damage":16.0,"enemies":"Lagavulin","floor":6.0,"turns":7.0},{"damage":12.0,"enemies":"3 Sentries","floor":8.0,"turns":6.0},{"damage":6.0,"enemies":"Blue Slaver","floor":10.0,"turns":4.0},{"damage":7.0,"enemies":"3 Louse","floor":12.0,"turns":3.0},{"damage":16.0,"enemies":"3 Sentries","floor":14.0,"turns":5.0},{"damage":21,"enemies":"The Guardian","floor":16,"turns":14},{"damage":0,"enemies":"Chosen","floor":18,"turns":3}],"seed_played":"-2394263158386836586","potions_obtained":[{"floor":2.0,"key":"AttackPotion"},{"floor":10.0,"key":"Swift Potion"},{"floor":14.0,"key":"Ancient Potion"},{"floor":16,"key":"SteroidPotion"}],"is_trial":false,"path_per_floor":["M","M","M","?","?","E","R","E","T","M","R","M","?","?","R","B",null,"M"],"character_chosen":"IRONCLAD","items_purchased":[],"campfire_rested":1,"item_purchase_floors":[],"current_hp_per_floor":[77,77,81,55,55,45,69,63,73,73,73,72,44,34,34,19,74,74],"gold":369,"neow_bonus":"TEN_PERCENT_HP_BONUS","is_prod":false,"is_daily":false,"chose_seed":false,"campfire_upgraded":2,"win_rate":0,"timestamp":1555318848,"path_taken":["M","M","M","?","?","E","R","E","T","M","R","?","?","?","R","BOSS","M"],"build_version":"2019-01-23","purchased_purges":0,"victory":false,"max_hp_per_floor":[82,82,82,82,82,82,82,82,92,92,92,92,92,92,92,92,92,92],"card_choices":[{"not_picked":["Armaments","Sever Soul"],"picked":"Infernal Blade","floor":1.0},{"not_picked":["Burning Pact","Warcry"],"picked":"Shrug It Off","floor":2.0},{"not_picked":["Shockwave","Thunderclap"],"picked":"Metallicize","floor":3.0},{"not_picked":["Twin Strike","Cleave"],"picked":"Spot Weakness","floor":6.0},{"not_picked":["Sever Soul","Wild Strike"],"picked":"Intimidate","floor":8.0},{"not_picked":["Power Through","Second Wind","Perfected Strike"],"picked":"SKIP","floor":10.0},{"not_picked":["Clothesline","Rampage"],"picked":"Offering","floor":12.0},{"not_picked":["Burning Pact","Perfected Strike"],"picked":"Iron Wave","floor":14.0},{"not_picked":["Bludgeon","Reaper"],"picked":"Feed","floor":16}],"player_experience":714959,"relics_obtained":[{"floor":6.0,"key":"Mercury Hourglass"},{"floor":8.0,"key":"Blue Candle"},{"floor":9.0,"key":"Pear"},{"floor":14.0,"key":"Boot"}],"event_choices":[{"damage_healed":0.0,"max_hp_gain":0.0,"max_hp_loss":0.0,"gold_gain":0.0,"event_name":"Scrap Ooze","player_choice":"Success","floor":4.0,"gold_loss":0.0,"damage_taken":26.0,"relics_obtained":["Darkstone Periapt"]},{"damage_healed":0.0,"max_hp_gain":0.0,"max_hp_loss":0.0,"gold_gain":0.0,"event_name":"Upgrade Shrine","player_choice":"Upgraded","floor":5.0,"gold_loss":0.0,"damage_taken":0.0,"cards_upgraded":["Infernal Blade"]},{"damage_healed":0.0,"max_hp_gain":0.0,"max_hp_loss":0.0,"gold_gain":0.0,"event_name":"Shining Light","player_choice":"Entered Light","floor":13.0,"gold_loss":0.0,"damage_taken":28.0,"cards_upgraded":["Strike_R","Defend_R"]},{"damage_healed":0.0,"max_hp_gain":0.0,"max_hp_loss":0.0,"gold_gain":0.0,"event_name":"Dead Adventurer","player_choice":"Searched \u00271\u0027 times","floor":14.0,"gold_loss":0.0,"damage_taken":0.0}],"is_beta":false,"boss_relics":[{"not_picked":["Philosopher\u0027s Stone","Velvet Choker"],"picked":"Snecko Eye"}],"items_purged_floors":[],"is_endless":false,"potions_floor_spawned":[2,10,14,16],"killed_by":"Chosen","ascension_level":17}