{"gold_per_floor":[118,135,151,101,111,111,139,155,155,155,155],"floor_reached":11,"playtime":1757,"items_purged":[],"score":79,"play_id":"04d87066-2db3-4489-8107-a45d7d9a02b2","local_time":"20190515134651","is_ascension_mode":true,"campfire_choices":[{"data":"Cleave","floor":6.0,"key":"SMITH"}],"neow_cost":"NONE","seed_source_timestamp":517920594001113,"circlet_count":0,"master_deck":["Strike_R","Strike_R","Strike_R","Strike_R","Defend_R","Defend_R","Defend_R","Defend_R","Bash","Dual Wield","Ghostly Armor","True Grit","Cleave+1","Pommel Strike","Shockwave"],"special_seed":0,"relics":["Burning Blood","Unceasing Top","Bottled Lightning","Centennial Puzzle"],"potions_floor_usage":[8],"damage_taken":[{"damage":5.0,"enemies":"2 Louse","floor":1.0,"turns":3.0},{"damage":7.0,"enemies":"Small Slimes","floor":2.0,"turns":5.0},{"damage":1.0,"enemies":"Jaw Worm","floor":3.0,"turns":4.0},{"damage":5.0,"enemies":"Large Slime","floor":5.0,"turns":8.0},{"damage":72.0,"enemies":"Lagavulin","floor":7.0,"turns":13.0},{"damage":5,"enemies":"Exordium Thugs","floor":8,"turns":4},{"damage":19,"enemies":"Gremlin Nob","floor":11,"turns":3}],"seed_played":"-3865282376358534754","potions_obtained":[{"floor":2.0,"key":"LiquidBronze"},{"floor":5.0,"key":"Swift Potion"},{"floor":7.0,"key":"PowerPotion"}],"is_trial":false,"path_per_floor":["M","M","M","?","M","R","E","M","T","?","E"],"character_chosen":"IRONCLAD","items_purchased":[],"campfire_rested":0,"item_purchase_floors":[],"current_hp_per_floor":[88,87,88,88,88,88,22,23,23,11,0],"gold":155,"neow_bonus":"TEN_PERCENT_HP_BONUS","is_prod":false,"is_daily":false,"chose_seed":false,"campfire_upgraded":1,"win_rate":0,"timestamp":1557908211,"path_taken":["M","M","M","?","M","R","E","M","T","?","E"],"build_version":"2019-01-23","purchased_purges":0,"victory":false,"max_hp_per_floor":[88,88,88,88,88,88,88,88,88,88,88],"card_choices":[{"not_picked":["Anger","Clash"],"picked":"Dual Wield","floor":1.0},{"not_picked":["Body Slam","Perfected Strike"],"picked":"Ghostly Armor","floor":2.0},{"not_picked":["Bloodletting","Sever Soul"],"picked":"True Grit","floor":3.0},{"not_picked":["Wild Strike","Reckless Charge"],"picked":"Cleave","floor":5.0},{"not_picked":["Havoc","Clothesline"],"picked":"Pommel Strike","floor":7.0},{"not_picked":["Flame Barrier","Heavy Blade"],"picked":"Shockwave","floor":8}],"player_experience":320012,"relics_obtained":[{"floor":7.0,"key":"Unceasing Top"},{"floor":9,"key":"Bottled Lightning"}],"event_choices":[{"cards_removed":["Strike_R"],"damage_healed":0.0,"max_hp_gain":0.0,"max_hp_loss":0.0,"gold_gain":0.0,"event_name":"The Cleric","player_choice":"Card Removal","floor":4.0,"gold_loss":50.0,"damage_taken":0.0},{"damage_healed":0,"gold_gain":0,"player_choice":"Success","damage_taken":12,"relics_obtained":["Centennial Puzzle"],"max_hp_gain":0,"max_hp_loss":0,"event_name":"Scrap Ooze","floor":10,"gold_loss":0}],"is_beta":false,"boss_relics":[],"items_purged_floors":[],"is_endless":false,"potions_floor_spawned":[2,5,7],"killed_by":"Gremlin Nob","ascension_level":1}