{"gold_per_floor":[11,11,30,44,56,91,103,103,129,160,187,199,225,249,261,352,364,393,405],"floor_reached":19,"playtime":1213,"items_purged":[],"score":366,"play_id":"855280b2-c3d6-46ad-8947-862f7d4abea9","local_time":"20190504210928","is_ascension_mode":true,"campfire_choices":[{"floor":8,"key":"REST"},{"data":"Crippling Poison","floor":12,"key":"SMITH"},{"data":"Catalyst","floor":15,"key":"SMITH"}],"neow_cost":"NO_GOLD","seed_source_timestamp":2159565392293772,"circlet_count":0,"master_deck":["AscendersBane","Defend_G","Defend_G","Defend_G","Defend_G","Defend_G","Strike_G","Strike_G","Strike_G","Strike_G","Strike_G","Survivor","Neutralize","Deadly Poison+1","Flying Knee","Dagger Spray","Catalyst+1","Crippling Poison+1","Dash","PiercingWail","Night Terror","Decay","Parasite","Parasite"],"relics":["Ring of the Snake","Snake Skull","Oddly Smooth Stone","MawBank","Calling Bell","Bag of Marbles","Kunai","Gambling Chip"],"potions_floor_usage":[10,16,16],"damage_taken":[{"damage":0,"enemies":"2 Louse","floor":1,"turns":3},{"damage":1,"enemies":"Cultist","floor":3,"turns":4},{"damage":2,"enemies":"Small Slimes","floor":4,"turns":4},{"damage":27,"enemies":"Exordium Wildlife","floor":5,"turns":4},{"damage":23,"enemies":"Lagavulin","floor":6,"turns":6},{"damage":0,"enemies":"2 Fungi Beasts","floor":7,"turns":2},{"damage":2,"enemies":"Gremlin Nob","floor":10,"turns":3},{"damage":10,"enemies":"Gremlin Gang","floor":11,"turns":3},{"damage":2,"enemies":"3 Louse","floor":13,"turns":4},{"damage":0,"enemies":"Red Slaver","floor":14,"turns":3},{"damage":2,"enemies":"The Guardian","floor":16,"turns":12},{"damage":44,"enemies":"Shell Parasite","floor":18,"turns":7},{"damage":27,"enemies":"Spheric Guardian","floor":19,"turns":3}],"seed_played":"5383552960088098784","potions_obtained":[{"floor":6,"key":"SkillPotion"},{"floor":7,"key":"Dexterity Potion"},{"floor":11,"key":"Strength Potion"},{"floor":13,"key":"Fire Potion"},{"floor":18,"key":"Poison Potion"}],"is_trial":false,"path_per_floor":["M","?","M","M","M","E","M","R","T","E","M","R","M","M","R","B",null,"M","M"],"character_chosen":"THE_SILENT","items_purchased":[],"campfire_rested":1,"item_purchase_floors":[],"current_hp_per_floor":[71,71,70,68,41,18,18,41,41,39,29,29,27,27,27,25,65,21,0],"gold":405,"neow_bonus":"TWENTY_PERCENT_HP_BONUS","is_prod":false,"is_daily":false,"chose_seed":false,"campfire_upgraded":2,"win_rate":0,"timestamp":1556996968,"path_taken":["M","?","?","?","M","E","M","R","T","E","M","R","M","M","R","BOSS","M","M"],"build_version":"2019-01-23","purchased_purges":0,"victory":false,"max_hp_per_floor":[78,78,78,78,78,78,78,78,78,78,78,78,78,78,78,78,78,78,78],"card_choices":[{"not_picked":["Flying Knee","Bane"],"picked":"Deadly Poison","floor":1},{"not_picked":["Escape Plan","Cloak And Dagger"],"picked":"Flying Knee","floor":3},{"not_picked":["Dodge and Roll","Flying Knee"],"picked":"Dagger Spray","floor":4},{"not_picked":["Dagger Throw","Deflect"],"picked":"Catalyst","floor":5},{"not_picked":["Masterful Stab","Slice"],"picked":"Crippling Poison","floor":6},{"not_picked":["Outmaneuver","Venomology"],"picked":"Dash","floor":7},{"not_picked":["Masterful Stab","Quick Slash","Underhanded Strike"],"picked":"SKIP","floor":10},{"not_picked":["Predator","Flying Knee"],"picked":"PiercingWail","floor":11},{"not_picked":["Acrobatics","Expertise","Tactician"],"picked":"SKIP","floor":13},{"not_picked":["Skewer","Sucker Punch","Reflex"],"picked":"SKIP","floor":14},{"not_picked":["Grand Finale","Tools of the Trade"],"picked":"Night Terror","floor":16},{"not_picked":["Flying Knee","Outmaneuver","Prepared"],"picked":"SKIP","floor":18}],"player_experience":2643758,"relics_obtained":[{"floor":6,"key":"Snake Skull"},{"floor":9,"key":"Oddly Smooth Stone"},{"floor":10,"key":"MawBank"},{"floor":17,"key":"Bag of Marbles"},{"floor":17,"key":"Kunai"},{"floor":17,"key":"Gambling Chip"}],"event_choices":[{"damage_healed":0,"gold_gain":0,"player_choice":"Upgraded","damage_taken":0,"max_hp_gain":0,"max_hp_loss":0,"event_name":"Upgrade Shrine","floor":2,"gold_loss":0,"cards_upgraded":["Deadly Poison"]}],"is_beta":false,"boss_relics":[{"not_picked":["Black Star","WristBlade"],"picked":"Calling Bell"}],"items_purged_floors":[],"is_endless":false,"potions_floor_spawned":[6,7,11,13,18],"killed_by":"Spheric Guardian","ascension_level":20}