{"gold_per_floor":[113,25,45,45,62,89,89,104,129,129,94,121,121,136,136,211,211,224,274,274,274,10,10,41,41,41,41,59,89,103,117,117,117],"floor_reached":33,"playtime":7731,"items_purged":[],"score":611,"play_id":"35911e18-8d26-452c-bade-7928e3ea4a35","local_time":"20190404203436","is_ascension_mode":true,"campfire_choices":[{"data":"Self Repair","floor":7,"key":"SMITH"},{"data":"Zap","floor":10,"key":"SMITH"},{"data":"Leap","floor":13,"key":"SMITH"},{"data":"Go for the Eyes","floor":15,"key":"SMITH"},{"data":"Consume","floor":23,"key":"SMITH"},{"data":"Electrodynamics","floor":25,"key":"SMITH"},{"data":"Conserve Battery","floor":32,"key":"SMITH"}],"neow_cost":"NONE","seed_source_timestamp":80800596572640,"circlet_count":0,"master_deck":["AscendersBane","Defend_B","Defend_B","Defend_B","Defend_B","Zap+1","Dualcast+1","Rebound","Auto Shields+1","Ball Lightning","Ball Lightning","Self Repair+1","Ball Lightning","Leap+1","Go for the Eyes+1","Electrodynamics+1","Consume+1","Bite","Bite","Bite","Bite","Bite","Conserve Battery+1"],"special_seed":0,"relics":["Coffee Dripper","Oddly Smooth Stone","Happy Flower","Omamori","Eternal Feather","Blue Candle","Bottled Tornado","Potion Belt","Pocketwatch","FossilizedHelix"],"potions_floor_usage":[16,16,24,24,29,33],"damage_taken":[{"damage":1.0,"enemies":"2 Louse","floor":1.0,"turns":2.0},{"damage":4.0,"enemies":"Jaw Worm","floor":3.0,"turns":5.0},{"damage":0.0,"enemies":"Small Slimes","floor":5.0,"turns":4.0},{"damage":8.0,"enemies":"Gremlin Nob","floor":6.0,"turns":3.0},{"damage":6,"enemies":"2 Fungi Beasts","floor":8,"turns":3},{"damage":18,"enemies":"3 Sentries","floor":12,"turns":5},{"damage":18,"enemies":"Large Slime","floor":14,"turns":5},{"damage":18,"enemies":"Hexaghost","floor":16,"turns":8},{"damage":18,"enemies":"Shell Parasite","floor":18,"turns":5},{"damage":36,"enemies":"Slavers","floor":24,"turns":4},{"damage":0,"enemies":"2 Thieves","floor":28,"turns":2},{"damage":17,"enemies":"Gremlin Leader","floor":29,"turns":5},{"damage":0,"enemies":"Chosen and Byrds","floor":30,"turns":3},{"damage":6,"enemies":"Centurion and Healer","floor":31,"turns":4},{"damage":91,"enemies":"Collector","floor":33,"turns":8}],"seed_played":"-3844115717106358394","potions_obtained":[{"floor":3.0,"key":"FearPotion"},{"floor":8,"key":"LiquidBronze"},{"floor":14,"key":"Block Potion"},{"floor":16,"key":"GamblersBrew"},{"floor":18,"key":"AttackPotion"},{"floor":24,"key":"FearPotion"},{"floor":29,"key":"Block Potion"}],"is_trial":false,"path_per_floor":["M","$","M","?","M","E","R","M","T","R","?","E","R","M","R","B",null,"M","?","?","?","$","R","E","R","T","$","M","E","M","M","R","B"],"character_chosen":"DEFECT","items_purchased":["Auto Shields","Bottled Tornado"],"campfire_rested":0,"item_purchase_floors":[2,22],"current_hp_per_floor":[63,63,59,38,38,30,30,34,34,34,51,43,43,35,35,27,60,52,52,52,49,49,49,31,43,43,43,47,49,49,49,49,0],"gold":117,"neow_bonus":"BOSS_RELIC","is_prod":false,"is_daily":false,"chose_seed":false,"campfire_upgraded":7,"win_rate":0,"timestamp":1554402876,"path_taken":["M","$","M","?","M","E","R","M","T","R","?","E","R","M","R","BOSS","M","?","?","?","?","R","E","R","T","$","M","E","M","M","R","BOSS"],"build_version":"2019-01-23","purchased_purges":0,"victory":false,"max_hp_per_floor":[71,71,71,71,71,71,71,71,71,71,71,71,71,71,71,71,71,71,71,71,49,49,49,49,49,49,49,49,49,49,49,49,49],"card_choices":[{"not_picked":["Turbo","Cold Snap"],"picked":"Rebound","floor":1.0},{"not_picked":["Gash","Compile Driver"],"picked":"Ball Lightning","floor":3.0},{"not_picked":["Scrape","Double Energy"],"picked":"Ball Lightning","floor":5.0},{"not_picked":["Steam","Rainbow"],"picked":"Self Repair","floor":6},{"not_picked":["Chill","Coolheaded"],"picked":"Ball Lightning","floor":8},{"not_picked":["White Noise","Gash"],"picked":"Leap","floor":12},{"not_picked":["Force Field","Compile Driver"],"picked":"Go for the Eyes","floor":14},{"not_picked":["Core Surge","Machine Learning"],"picked":"Electrodynamics","floor":16},{"not_picked":["FTL","Conserve Battery"],"picked":"Consume","floor":18},{"not_picked":["Rip and Tear","Storm","Barrage+1"],"picked":"SKIP","floor":24},{"not_picked":["Rip and Tear","Barrage","Beam Cell"],"picked":"SKIP","floor":28},{"not_picked":["Ball Lightning","Tempest"],"picked":"Conserve Battery","floor":29},{"not_picked":["Reprogram","Redo","Cold Snap"],"picked":"SKIP","floor":30},{"not_picked":["Heatsinks","Hologram","Redo"],"picked":"SKIP","floor":31}],"player_experience":2406539,"relics_obtained":[{"floor":6,"key":"Oddly Smooth Stone"},{"floor":9,"key":"Happy Flower"},{"floor":12,"key":"Omamori"},{"floor":24,"key":"Potion Belt"},{"floor":26,"key":"Pocketwatch"},{"floor":29,"key":"FossilizedHelix"}],"event_choices":[{"damage_healed":0.0,"max_hp_gain":0.0,"max_hp_loss":0.0,"gold_gain":0.0,"event_name":"Shining Light","player_choice":"Entered Light","floor":4.0,"gold_loss":0.0,"damage_taken":21.0,"cards_upgraded":["Dualcast","Auto Shields"]},{"damage_healed":17,"gold_gain":0,"player_choice":"Healed","damage_taken":0,"max_hp_gain":0,"max_hp_loss":0,"event_name":"The Cleric","floor":11,"gold_loss":35},{"damage_healed":0,"gold_gain":50,"player_choice":"Stole From Cult","damage_taken":0,"max_hp_gain":0,"max_hp_loss":0,"event_name":"Nest","floor":19,"gold_loss":0},{"damage_healed":0,"gold_gain":0,"player_choice":"Opened","damage_taken":0,"relics_obtained":["Blue Candle"],"max_hp_gain":0,"max_hp_loss":0,"event_name":"The Mausoleum","floor":20,"gold_loss":0,"cards_obtained":["Writhe"]},{"damage_healed":0,"gold_gain":0,"player_choice":"Became a vampire","damage_taken":0,"max_hp_gain":0,"max_hp_loss":22,"event_name":"Vampires","floor":21,"gold_loss":0,"cards_obtained":["Bite","Bite","Bite","Bite","Bite"]}],"is_beta":false,"boss_relics":[{"not_picked":["Black Star","Snecko Eye"],"picked":"Eternal Feather"}],"items_purged_floors":[],"is_endless":false,"potions_floor_spawned":[3,8,14,16,18,24,29],"killed_by":"Collector","ascension_level":20}