{"gold_per_floor":[13,24,40,190,202,202,237,12,39,39,57,89,89,104,104,177,177,195,470,204,214,230,230],"floor_reached":23,"playtime":1626,"items_purged":["Doubt","Regret"],"score":456,"play_id":"90d0f27c-06dd-453c-aa52-f2a1093cc60d","local_time":"20190308212417","is_ascension_mode":true,"campfire_choices":[{"data":"Skewer","floor":6,"key":"SMITH"},{"floor":10,"key":"REST"},{"floor":13,"key":"REST"},{"data":"Dagger Spray","floor":15,"key":"SMITH"}],"neow_cost":"NO_GOLD","seed_source_timestamp":3013188767426,"circlet_count":0,"master_deck":["AscendersBane","Defend_G","Defend_G","Defend_G","Defend_G","Defend_G","Strike_G","Strike_G","Survivor","Neutralize","Venomology","Leg Sweep","Skewer+1","Dagger Spray+1","All Out Attack","Malaise","Backstab","Corpse Explosion","Envenom","Grand Finale+1","Backflip+1","Terror+1","Crippling Poison","Bouncing Flask"],"relics":["Ring of the Snake","Happy Flower","PreservedInsect","Orichalcum","Astrolabe","Pen Nib"],"potions_floor_usage":[2,5,5,7,7,12,16,21,22,23],"damage_taken":[{"damage":1,"enemies":"Cultist","floor":1,"turns":6},{"damage":1,"enemies":"Jaw Worm","floor":2,"turns":5},{"damage":0,"enemies":"2 Louse","floor":3,"turns":5},{"damage":15,"enemies":"Exordium Wildlife","floor":5,"turns":5},{"damage":41,"enemies":"Lagavulin","floor":7,"turns":11},{"damage":0,"enemies":"2 Fungi Beasts","floor":11,"turns":3},{"damage":0,"enemies":"Gremlin Nob","floor":12,"turns":2},{"damage":0,"enemies":"Looter","floor":14,"turns":3},{"damage":21,"enemies":"Slime Boss","floor":16,"turns":9},{"damage":3,"enemies":"2 Thieves","floor":18,"turns":4},{"damage":12,"enemies":"Spheric Guardian","floor":21,"turns":6},{"damage":35,"enemies":"Chosen and Byrds","floor":22,"turns":6},{"damage":30,"enemies":"Gremlin Leader","floor":23,"turns":4}],"seed_played":"-9129748391045278584","potions_obtained":[{"floor":1,"key":"Fire Potion"},{"floor":7,"key":"Poison Potion"},{"floor":12,"key":"Strength Potion"}],"is_trial":false,"path_per_floor":["M","M","M","?","M","R","E","$","T","R","M","E","R","M","R","B",null,"M","?","$","M","M","E"],"character_chosen":"THE_SILENT","items_purchased":["Malaise","Pen Nib"],"campfire_rested":2,"item_purchase_floors":[8,20],"current_hp_per_floor":[58,57,57,57,42,42,1,1,1,20,20,20,39,39,39,18,54,51,51,51,53,18,0],"gold":230,"neow_bonus":"THREE_RARE_CARDS","is_prod":false,"is_daily":false,"chose_seed":false,"campfire_upgraded":2,"win_rate":0,"timestamp":1552076657,"path_taken":["M","M","M","?","M","R","E","$","T","R","M","E","R","M","R","BOSS","M","?","$","M","?","E"],"build_version":"2019-01-23","purchased_purges":2,"victory":false,"max_hp_per_floor":[66,66,66,66,66,66,66,66,66,66,66,66,66,66,66,66,66,66,66,66,66,66,66],"card_choices":[{"not_picked":["Night Terror","Doppelganger"],"picked":"Venomology","floor":0},{"not_picked":["Sucker Punch","Bane"],"picked":"Leg Sweep","floor":1},{"not_picked":["Choke","Deflect","Deadly Poison"],"picked":"SKIP","floor":2},{"not_picked":["Bane","Outmaneuver"],"picked":"Skewer","floor":3},{"not_picked":["Flechettes","Reflex"],"picked":"Dagger Spray","floor":5},{"not_picked":["Sucker Punch","Prepared"],"picked":"All Out Attack","floor":7},{"not_picked":["Concentrate","Deadly Poison"],"picked":"Backstab","floor":11},{"not_picked":["Flying Knee","Deflect","Bane"],"picked":"SKIP","floor":12},{"not_picked":["Poisoned Stab","Acrobatics"],"picked":"Corpse Explosion","floor":14},{"not_picked":["Phantasmal Killer","Burst"],"picked":"Envenom","floor":16},{"not_picked":["Bane","Finisher"],"picked":"Crippling Poison","floor":18},{"not_picked":["Outmaneuver","Blade Dance","Deadly Poison"],"picked":"SKIP","floor":21},{"not_picked":["Deflect","Terror+1"],"picked":"Bouncing Flask","floor":22}],"player_experience":1915472,"relics_obtained":[{"floor":7,"key":"Happy Flower"},{"floor":9,"key":"PreservedInsect"},{"floor":12,"key":"Orichalcum"}],"event_choices":[{"damage_healed":0,"gold_gain":150,"player_choice":"AGREE","damage_taken":0,"max_hp_gain":0,"max_hp_loss":0,"event_name":"Liars Game","floor":4,"gold_loss":0,"cards_obtained":["Doubt"]},{"damage_healed":0,"gold_gain":275,"player_choice":"Desecrate","damage_taken":0,"max_hp_gain":0,"max_hp_loss":0,"event_name":"Golden Shrine","floor":19,"gold_loss":0,"cards_obtained":["Regret"]}],"is_beta":false,"boss_relics":[{"not_picked":["Sozu","WristBlade"],"picked":"Astrolabe"}],"items_purged_floors":[8,20],"is_endless":false,"potions_floor_spawned":[1,2,7,12],"killed_by":"Gremlin Leader","ascension_level":20}