{"gold_per_floor":[115,125,20,38,48,48,74,100,171,198,198,226,226,257,257,333,333,348,75,75,86,86,86,97,97,97,47,76,76,90,125,137,224,236,261,283,295,327,59,59,9,24,99,126,146,166,176,196,196,196,196,196,196,21,54,54],"floor_reached":56,"playtime":6161,"items_purged":["Strike_B","Strike_B","Blizzard","Bite","Defend_B","Bite"],"score":1944,"play_id":"c5552168-d4ff-4bac-8569-a46c0493b606","local_time":"20190106001150","is_ascension_mode":true,"campfire_choices":[{"floor":6.0,"key":"REST"},{"floor":11.0,"key":"REST"},{"floor":13.0,"key":"REST"},{"data":"Zap","floor":15.0,"key":"SMITH"},{"floor":23.0,"key":"REST"},{"data":"Defragment","floor":25.0,"key":"SMITH"},{"data":"Coolheaded","floor":29.0,"key":"SMITH"},{"floor":32.0,"key":"REST"},{"floor":40.0,"key":"RECALL"},{"floor":49.0,"key":"REST"},{"floor":53.0,"key":"REST"}],"neow_cost":"NONE","seed_source_timestamp":392290830963617,"circlet_count":0,"master_deck":["AscendersBane","Defend_B","Defend_B","Defend_B","Zap+1","Dualcast","Streamline","Defragment+1","Gash+1","Cold Snap","Rebound","Gash+1","Tempest","Glacier","Electrodynamics","Coolheaded+1","Bite","Bite","Bite","Go for the Eyes+1","Fission","Reboot","Hologram+1","Machine Learning","Consume","Apotheosis","Conserve Battery"],"special_seed":0,"relics":["Cracked Core","Ancient Tea Set","Gambling Chip","Odd Mushroom","Cables","PreservedInsect","Meat on the Bone","Smiling Mask","Inserter","Whetstone","Nilry\u0027s Codex","Mercury Hourglass","Blue Candle","MawBank","Fusion Hammer","Membership Card","Centennial Puzzle","Anchor"],"potions_floor_usage":[55],"damage_taken":[{"damage":4.0,"enemies":"Jaw Worm","floor":1.0,"turns":4.0},{"damage":15.0,"enemies":"Small Slimes","floor":2.0,"turns":5.0},{"damage":0.0,"enemies":"Cultist","floor":4.0,"turns":3.0},{"damage":15.0,"enemies":"Lots of Slimes","floor":5.0,"turns":4.0},{"damage":13.0,"enemies":"Lagavulin","floor":7.0,"turns":6.0},{"damage":12.0,"enemies":"The Mushroom Lair","floor":8.0,"turns":5.0},{"damage":16.0,"enemies":"3 Sentries","floor":10.0,"turns":8.0},{"damage":18.0,"enemies":"Lagavulin","floor":12.0,"turns":4.0},{"damage":0.0,"enemies":"Gremlin Nob","floor":14.0,"turns":2.0},{"damage":14.0,"enemies":"The Guardian","floor":16.0,"turns":11.0},{"damage":18.0,"enemies":"Spheric Guardian","floor":18.0,"turns":4.0},{"damage":0.0,"enemies":"Chosen","floor":21.0,"turns":3.0},{"damage":1.0,"enemies":"Snecko","floor":24.0,"turns":3.0},{"damage":0.0,"enemies":"Slavers","floor":28.0,"turns":4.0},{"damage":12.0,"enemies":"Centurion and Healer","floor":30.0,"turns":5.0},{"damage":36.0,"enemies":"Book of Stabbing","floor":31.0,"turns":4.0},{"damage":18.0,"enemies":"Champ","floor":33.0,"turns":14.0},{"damage":4.0,"enemies":"3 Shapes","floor":35.0,"turns":4.0},{"damage":8.0,"enemies":"Orb Walker","floor":36.0,"turns":3.0},{"damage":3.0,"enemies":"4 Shapes","floor":38.0,"turns":4.0},{"damage":0.0,"enemies":"Jaw Worm Horde","floor":42.0,"turns":2.0},{"damage":16.0,"enemies":"Giant Head","floor":44.0,"turns":8.0},{"damage":15.0,"enemies":"Maw","floor":45.0,"turns":6.0},{"damage":12.0,"enemies":"3 Darklings","floor":46.0,"turns":17.0},{"damage":29.0,"enemies":"Spire Growth","floor":47.0,"turns":4.0},{"damage":37.0,"enemies":"Maw","floor":48.0,"turns":9.0},{"damage":29.0,"enemies":"Time Eater","floor":50.0,"turns":24.0},{"damage":9.0,"enemies":"Donu and Deca","floor":51.0,"turns":13.0},{"damage":39,"enemies":"Shield and Spear","floor":55,"turns":5},{"damage":30,"enemies":"The Heart","floor":56,"turns":3}],"seed_played":"2810724380017611165","potions_obtained":[{"floor":4.0,"key":"Poison Potion"},{"floor":5.0,"key":"Dexterity Potion"},{"floor":7.0,"key":"Weak Potion"},{"floor":10.0,"key":"EssenceOfSteel"},{"floor":18.0,"key":"SkillPotion"},{"floor":21.0,"key":"Block Potion"},{"floor":30.0,"key":"Poison Potion"},{"floor":37.0,"key":"Explosive Potion"},{"floor":37.0,"key":"Strength Potion"},{"floor":42.0,"key":"SteroidPotion"},{"floor":44.0,"key":"Weak Potion"},{"floor":45.0,"key":"AttackPotion"},{"floor":46.0,"key":"Dexterity Potion"},{"floor":47.0,"key":"Energy Potion"}],"is_trial":false,"path_per_floor":["M","M","$","M","M","R","E","?","T","E","R","E","R","E","R","B",null,"M","$","?","M","?","R","M","R","T","$","E","R","M","E","R","B",null,"M","M","?","M","$","R","$","M","T","E","M","M","M","M","R","B","B",null,"R","$","E","B"],"character_chosen":"DEFECT","items_purchased":["Gash","Whetstone","Coolheaded","Membership Card","Apotheosis","Conserve Battery"],"campfire_rested":7,"item_purchase_floors":[3,19,19,39,54,54],"current_hp_per_floor":[60,45,45,45,30,51,38,26,26,10,31,13,34,46,46,44,64,46,46,46,48,27,41,44,44,44,44,48,48,41,23,37,39,47,49,43,43,42,42,42,42,42,42,40,31,49,32,27,41,46,49,49,49,49,22,0],"gold":54,"neow_bonus":"RANDOM_COMMON_RELIC","is_prod":false,"is_daily":false,"chose_seed":false,"campfire_upgraded":3,"win_rate":0,"timestamp":1546729910,"path_taken":["M","M","$","M","M","R","E","?","T","E","R","E","R","E","R","BOSS","M","$","?","M","?","R","M","R","T","?","E","R","?","E","R","BOSS","M","?","?","M","$","R","?","M","T","E","M","?","M","M","R","BOSS","BOSS","R","$","E","BOSS"],"build_version":"2019-01-03v4","purchased_purges":6,"victory":false,"max_hp_per_floor":[71,71,71,71,71,71,71,71,71,71,71,71,71,71,71,71,71,71,71,49,49,49,49,49,49,49,49,49,49,49,49,49,49,49,49,49,49,49,49,49,49,49,49,49,49,49,49,49,49,49,49,49,49,49,49,49],"card_choices":[{"not_picked":["Redo","Static Discharge"],"picked":"Streamline","floor":1.0},{"not_picked":["Steam","BootSequence"],"picked":"Defragment","floor":2.0},{"not_picked":["Compile Driver","Reprogram","Redo"],"picked":"SKIP","floor":4.0},{"not_picked":["Recycle","Turbo","Barrage"],"picked":"SKIP","floor":5.0},{"not_picked":["Meteor Strike","Leap"],"picked":"Cold Snap","floor":7.0},{"not_picked":["Conserve Battery","Steam"],"picked":"Rebound","floor":8.0},{"not_picked":["Stack","Aggregate"],"picked":"Gash","floor":10.0},{"not_picked":["Compile Driver","Heatsinks"],"picked":"Tempest","floor":12.0},{"not_picked":["Recycle","Buffer"],"picked":"Glacier","floor":14.0},{"not_picked":["Thunder Strike","Buffer"],"picked":"Electrodynamics","floor":16.0},{"not_picked":["Hologram","Compile Driver"],"picked":"Blizzard","floor":18.0},{"not_picked":["Heatsinks","Ball Lightning"],"picked":"Go for the Eyes+1","floor":21.0},{"not_picked":["Tempest","Ball Lightning","Beam Cell"],"picked":"SKIP","floor":24.0},{"not_picked":["Capacitor","Force Field","Leap"],"picked":"SKIP","floor":28.0},{"not_picked":["Compile Driver","Steam","Rebound"],"picked":"SKIP","floor":30.0},{"not_picked":["Go for the Eyes","Gash"],"picked":"Fission","floor":31.0},{"not_picked":["Fission","Electrodynamics"],"picked":"Reboot","floor":33.0},{"not_picked":["Redo","Steam","Gash"],"picked":"SKIP","floor":35.0},{"not_picked":["White Noise+1","Sweeping Beam","Lockon"],"picked":"SKIP","floor":36.0},{"not_picked":["Capacitor+1","Streamline","Beam Cell+1"],"picked":"SKIP","floor":38.0},{"not_picked":["Barrage","Scrape","Steam"],"picked":"SKIP","floor":42.0},{"not_picked":["Turbo","Streamline"],"picked":"Hologram+1","floor":44.0},{"not_picked":["Recycle","Hologram","Streamline+1"],"picked":"SKIP","floor":45.0},{"not_picked":["Stack","Steam","Tempest"],"picked":"SKIP","floor":46.0},{"not_picked":["Double Energy+1","Ball Lightning"],"picked":"Machine Learning","floor":47.0},{"not_picked":["White Noise+1","Beam Cell"],"picked":"Consume","floor":48.0},{"not_picked":["Doom and Gloom+1","Go for the Eyes","Genetic Algorithm"],"picked":"SKIP","floor":55}],"player_experience":1525140,"relics_obtained":[{"floor":7.0,"key":"Gambling Chip"},{"floor":8.0,"key":"Odd Mushroom"},{"floor":9.0,"key":"Cables"},{"floor":10.0,"key":"PreservedInsect"},{"floor":12.0,"key":"Meat on the Bone"},{"floor":14.0,"key":"Smiling Mask"},{"floor":22.0,"key":"Nilry\u0027s Codex"},{"floor":26.0,"key":"Mercury Hourglass"},{"floor":28.0,"key":"Blue Candle"},{"floor":31.0,"key":"MawBank"},{"floor":44.0,"key":"Centennial Puzzle"},{"floor":55,"key":"Anchor"}],"event_choices":[{"damage_healed":0.0,"max_hp_gain":0.0,"max_hp_loss":0.0,"gold_gain":0.0,"event_name":"Mushrooms","player_choice":"Fought Mushrooms","floor":8.0,"gold_loss":0.0,"damage_taken":0.0},{"damage_healed":0.0,"max_hp_gain":0.0,"max_hp_loss":22.0,"gold_gain":0.0,"event_name":"Vampires","player_choice":"Became a vampire","floor":20.0,"gold_loss":0.0,"damage_taken":0.0,"cards_obtained":["Bite","Bite","Bite","Bite","Bite"]},{"damage_healed":0.0,"max_hp_gain":0.0,"max_hp_loss":0.0,"gold_gain":0.0,"event_name":"Cursed Tome","player_choice":"Obtained Book","floor":22.0,"gold_loss":0.0,"damage_taken":21.0},{"damage_healed":0.0,"max_hp_gain":0.0,"max_hp_loss":0.0,"gold_gain":0.0,"event_name":"Lab","player_choice":"Got Potions","floor":37.0,"gold_loss":0.0,"damage_taken":0.0}],"is_beta":false,"boss_relics":[{"not_picked":["Ectoplasm","Coffee Dripper"],"picked":"Inserter"},{"not_picked":["Pandora\u0027s Box","Empty Cage"],"picked":"Fusion Hammer"}],"items_purged_floors":[3,19,27,39,41,54],"is_endless":false,"potions_floor_spawned":[4,5,7,10,18,21,30,42,44,45,46,47],"killed_by":"The Heart","ascension_level":20}