{"gold_per_floor":[114,214,227,239,239,239,271,271,295,321,337,186,186,186,186,259,259,272,290,309,4,83,96,96,96],"floor_reached":25,"playtime":2325,"items_purged":["Strike_R","Pain"],"score":422,"play_id":"3531108e-a4f4-4b60-bb73-18a721439099","local_time":"20190329190317","is_ascension_mode":true,"campfire_choices":[{"data":"Twin Strike","floor":6.0,"key":"SMITH"},{"floor":8.0,"key":"REST"},{"data":"Rupture","floor":13.0,"key":"SMITH"},{"floor":15.0,"key":"REST"}],"neow_cost":"NONE","seed_source_timestamp":423448039740326,"circlet_count":0,"master_deck":["AscendersBane","Strike_R","Strike_R","Strike_R","Strike_R","Defend_R","Defend_R","Defend_R","Defend_R","Bash+1","Sword Boomerang","Twin Strike+1","Battle Trance","Intimidate","Combust","Rupture+1","Reaper","Shrug It Off","Corruption","Writhe"],"special_seed":0,"relics":["Burning Blood","NeowsBlessing","Red Skull","Centennial Puzzle","Orichalcum","WarpedTongs","Busted Crown","Happy Flower","Pantograph","Mummified Hand"],"potions_floor_usage":[23,25],"damage_taken":[{"damage":0.0,"enemies":"Jaw Worm","floor":1.0,"turns":1.0},{"damage":0.0,"enemies":"Cultist","floor":3.0,"turns":1.0},{"damage":0.0,"enemies":"Small Slimes","floor":4.0,"turns":1.0},{"damage":55.0,"enemies":"3 Sentries","floor":7.0,"turns":11.0},{"damage":29.0,"enemies":"Gremlin Nob","floor":10.0,"turns":4.0},{"damage":0.0,"enemies":"2 Fungi Beasts","floor":11.0,"turns":2.0},{"damage":13.0,"enemies":"Slime Boss","floor":16.0,"turns":6.0},{"damage":23.0,"enemies":"Spheric Guardian","floor":18.0,"turns":4.0},{"damage":14.0,"enemies":"2 Thieves","floor":19.0,"turns":2.0},{"damage":27.0,"enemies":"Snake Plant","floor":20.0,"turns":3.0},{"damage":32,"enemies":"Cultist and Chosen","floor":23,"turns":5},{"damage":25,"enemies":"Chosen and Byrds","floor":25,"turns":4}],"seed_played":"-2792712404077047371","potions_obtained":[{"floor":7.0,"key":"Explosive Potion"},{"floor":10.0,"key":"Swift Potion"},{"floor":16.0,"key":"EssenceOfSteel"},{"floor":18.0,"key":"LiquidBronze"},{"floor":23,"key":"AttackPotion"}],"is_trial":false,"path_per_floor":["M","?","M","M","?","R","E","R","T","E","M","$","R","?","R","B",null,"M","M","M","$","T","M","?","M"],"character_chosen":"IRONCLAD","items_purchased":["Rupture","Corruption","Happy Flower"],"campfire_rested":2,"item_purchase_floors":[12,21,21],"current_hp_per_floor":[74,74,75,75,75,75,26,48,48,25,31,31,31,31,53,46,68,51,43,29,29,29,8,8,0],"gold":96,"neow_bonus":"THREE_ENEMY_KILL","is_prod":false,"is_daily":false,"chose_seed":false,"campfire_upgraded":2,"win_rate":0,"timestamp":1553882597,"path_taken":["M","?","?","M","?","R","E","R","T","E","M","$","R","?","R","BOSS","M","M","M","$","?","M","?","?"],"build_version":"2019-01-23","purchased_purges":2,"victory":false,"max_hp_per_floor":[75,75,75,75,75,75,75,75,75,75,75,75,75,75,75,75,75,75,75,75,75,75,75,75,75],"card_choices":[{"not_picked":["Shrug It Off","Hemokinesis"],"picked":"Sword Boomerang","floor":1.0},{"not_picked":["Cleave","Burning Pact"],"picked":"Twin Strike","floor":3.0},{"not_picked":["Pommel Strike","Feel No Pain"],"picked":"Battle Trance","floor":4.0},{"not_picked":["Armaments","Body Slam"],"picked":"Intimidate","floor":7.0},{"not_picked":["Rupture","Iron Wave"],"picked":"Combust","floor":10.0},{"not_picked":["Berserk","Intimidate","Flex"],"picked":"SKIP","floor":11.0},{"not_picked":["Dark Embrace","Bludgeon"],"picked":"Reaper","floor":16.0},{"not_picked":["Intimidate"],"picked":"SKIP","floor":18.0},{"not_picked":["Combust"],"picked":"SKIP","floor":19.0},{"not_picked":[],"picked":"Shrug It Off","floor":20.0},{"not_picked":["Power Through"],"picked":"SKIP","floor":23}],"player_experience":2222262,"relics_obtained":[{"floor":7.0,"key":"Red Skull"},{"floor":9.0,"key":"Centennial Puzzle"},{"floor":10.0,"key":"Orichalcum"},{"floor":22.0,"key":"Pantograph"}],"event_choices":[{"damage_healed":0.0,"max_hp_gain":0.0,"max_hp_loss":0.0,"gold_gain":100.0,"event_name":"Wheel of Change","player_choice":"Gold","floor":2.0,"gold_loss":0.0,"damage_taken":0.0},{"damage_healed":0.0,"max_hp_gain":0.0,"max_hp_loss":0.0,"gold_gain":0.0,"event_name":"Living Wall","player_choice":"Grow","floor":5.0,"gold_loss":0.0,"damage_taken":0.0,"cards_upgraded":["Bash"]},{"damage_healed":0.0,"max_hp_gain":0.0,"max_hp_loss":0.0,"gold_gain":0.0,"event_name":"Accursed Blacksmith","player_choice":"Rummage","floor":14.0,"gold_loss":0.0,"damage_taken":0.0,"relics_obtained":["WarpedTongs"],"cards_obtained":["Pain"]},{"damage_healed":0,"gold_gain":0,"player_choice":"Opened","damage_taken":0,"relics_obtained":["Mummified Hand"],"max_hp_gain":0,"max_hp_loss":0,"event_name":"The Mausoleum","floor":24,"gold_loss":0,"cards_obtained":["Writhe"]}],"is_beta":false,"boss_relics":[{"not_picked":["White Beast Statue","Tiny House"],"picked":"Busted Crown"}],"items_purged_floors":[12,21],"is_endless":false,"potions_floor_spawned":[7,10,16,18,23],"killed_by":"Chosen and Byrds","ascension_level":20}