{"gold_per_floor":[118,118,134,134,148,179,53,53,53,65,65,65],"floor_reached":12,"playtime":600,"items_purged":["Strike_G"],"score":156,"play_id":"3c3b0cf0-cef1-4286-83a1-9ff7d7a6b326","local_time":"20190226213312","is_ascension_mode":true,"campfire_choices":[{"floor":8,"key":"REST"},{"data":"1","floor":11,"key":"LIFT"}],"neow_cost":"NONE","seed_source_timestamp":604365057228962,"circlet_count":0,"master_deck":["AscendersBane","Defend_G","Defend_G","Defend_G","Defend_G","Defend_G","Strike_G","Strike_G","Strike_G","Strike_G","Survivor","Neutralize","Deadly Poison","Bane+1","Dagger Spray","PiercingWail","Caltrops"],"relics":["Ring of the Snake","SsserpentHead","Torii","Girya"],"potions_floor_usage":[6],"damage_taken":[{"damage":6,"enemies":"Jaw Worm","floor":1,"turns":5},{"damage":4,"enemies":"Small Slimes","floor":3,"turns":4},{"damage":0,"enemies":"Cultist","floor":5,"turns":3},{"damage":20,"enemies":"Lagavulin","floor":6,"turns":7},{"damage":8,"enemies":"Exordium Thugs","floor":10,"turns":4},{"damage":44,"enemies":"Gremlin Nob","floor":12,"turns":4}],"seed_played":"-7105956511000939275","potions_obtained":[{"floor":1,"key":"Poison Potion"},{"floor":10,"key":"Explosive Potion"}],"is_trial":false,"path_per_floor":["M","?","M","?","M","E","$","R","T","M","R","E"],"character_chosen":"THE_SILENT","items_purchased":["PiercingWail"],"campfire_rested":1,"item_purchase_floors":[7],"current_hp_per_floor":[53,53,49,49,49,29,29,48,48,40,40,0],"gold":65,"neow_bonus":"THREE_CARDS","is_prod":false,"is_daily":false,"chose_seed":false,"campfire_upgraded":0,"win_rate":0,"timestamp":1551213192,"path_taken":["M","?","M","?","M","E","$","R","T","M","R","E"],"build_version":"2019-01-23","purchased_purges":1,"victory":false,"max_hp_per_floor":[66,66,66,66,66,66,66,66,66,66,66,66],"card_choices":[{"not_picked":["Cloak And Dagger","Leg Sweep"],"picked":"Deadly Poison","floor":0},{"not_picked":["Heel Hook","Blade Dance"],"picked":"Bane","floor":1},{"not_picked":["Slice","Dodge and Roll","Deflect"],"picked":"SKIP","floor":3},{"not_picked":["Slice","Quick Slash","Dagger Throw"],"picked":"SKIP","floor":5},{"not_picked":["Sucker Punch","Leg Sweep"],"picked":"Dagger Spray","floor":6},{"not_picked":["Bane","Setup"],"picked":"Caltrops","floor":10}],"player_experience":1716642,"relics_obtained":[{"floor":6,"key":"Torii"},{"floor":9,"key":"Girya"}],"event_choices":[{"damage_healed":0,"gold_gain":0,"player_choice":"Grow","damage_taken":0,"max_hp_gain":0,"max_hp_loss":0,"event_name":"Living Wall","floor":2,"gold_loss":0,"cards_upgraded":["Bane"]},{"damage_healed":0,"gold_gain":0,"player_choice":"Trade","damage_taken":0,"relics_obtained":["SsserpentHead"],"max_hp_gain":0,"max_hp_loss":0,"event_name":"FaceTrader","floor":4,"gold_loss":0}],"is_beta":false,"boss_relics":[],"items_purged_floors":[7],"is_endless":false,"potions_floor_spawned":[1,10],"killed_by":"Gremlin Nob","ascension_level":20}