{"gold_per_floor":[18,93,93,106,106,140,140,154,227,227,252,268,268],"floor_reached":13,"playtime":514,"items_purged":[],"score":186,"play_id":"bc0f7fe5-274b-43e2-b5e3-78ad9e9cbd9d","local_time":"20190328172343","is_ascension_mode":true,"campfire_choices":[{"floor":7.0,"key":"REST"},{"data":"Neutralize","floor":10.0,"key":"SMITH"}],"neow_cost":"NO_GOLD","seed_source_timestamp":333058616340747,"circlet_count":0,"master_deck":["AscendersBane","Defend_G","Defend_G","Defend_G","Defend_G","Defend_G","Strike_G","Strike_G","Strike_G","Strike_G","Strike_G","Survivor","Neutralize+1","Wraith Form v2+1","Flechettes","Predator","Backflip","Backflip","Dagger Spray"],"special_seed":0,"relics":["Ring of the Snake","NlothsMask","Art of War","Ornamental Fan"],"potions_floor_usage":[11,11],"damage_taken":[{"damage":1.0,"enemies":"2 Louse","floor":1.0,"turns":4.0},{"damage":2.0,"enemies":"Jaw Worm","floor":4.0,"turns":5.0},{"damage":11.0,"enemies":"Gremlin Nob","floor":6.0,"turns":6.0},{"damage":1.0,"enemies":"Cultist","floor":8.0,"turns":4.0},{"damage":21,"enemies":"Lagavulin","floor":11,"turns":6},{"damage":1,"enemies":"2 Fungi Beasts","floor":12,"turns":5},{"damage":40,"enemies":"Gremlin Nob","floor":13,"turns":4}],"seed_played":"-2809469059346335618","potions_obtained":[{"floor":1.0,"key":"EssenceOfSteel"},{"floor":4.0,"key":"Swift Potion"},{"floor":6.0,"key":"Strength Potion"}],"is_trial":false,"path_per_floor":["M","?","?","M","?","E","R","M","T","R","E","M","E"],"character_chosen":"THE_SILENT","items_purchased":[],"campfire_rested":1,"item_purchase_floors":[],"current_hp_per_floor":[58,47,47,45,45,34,53,52,52,52,31,30,0],"gold":268,"neow_bonus":"THREE_RARE_CARDS","is_prod":false,"is_daily":false,"chose_seed":false,"campfire_upgraded":1,"win_rate":0,"timestamp":1553790223,"path_taken":["M","?","?","?","?","E","R","M","T","R","E","?","E"],"build_version":"2019-01-23","purchased_purges":0,"victory":false,"max_hp_per_floor":[66,66,66,66,66,66,66,66,66,66,66,66,66],"card_choices":[{"not_picked":["Adrenaline","Unload"],"picked":"Wraith Form v2","floor":0.0},{"not_picked":["Finisher","Outmaneuver"],"picked":"Flechettes","floor":1.0},{"not_picked":["Reflex","Sucker Punch","Infinite Blades"],"picked":"SKIP","floor":4.0},{"not_picked":["Backflip","Expertise"],"picked":"Predator","floor":6.0},{"not_picked":["Underhanded Strike","Eviscerate"],"picked":"Backflip","floor":8.0},{"not_picked":["Underhanded Strike","Predator"],"picked":"Backflip","floor":11},{"not_picked":["Backflip","Finisher"],"picked":"Dagger Spray","floor":12}],"player_experience":2218979,"relics_obtained":[{"floor":6.0,"key":"Art of War"},{"floor":11,"key":"Ornamental Fan"}],"event_choices":[{"damage_healed":0.0,"max_hp_gain":0.0,"max_hp_loss":0.0,"gold_gain":75.0,"event_name":"World of Goop","player_choice":"Gather Gold","floor":2.0,"gold_loss":0.0,"damage_taken":11.0},{"damage_healed":0.0,"max_hp_gain":0.0,"max_hp_loss":0.0,"gold_gain":0.0,"event_name":"FaceTrader","player_choice":"Trade","floor":3.0,"gold_loss":0.0,"damage_taken":0.0,"relics_obtained":["NlothsMask"]},{"damage_healed":0.0,"max_hp_gain":0.0,"max_hp_loss":0.0,"gold_gain":0.0,"event_name":"Upgrade Shrine","player_choice":"Upgraded","floor":5.0,"gold_loss":0.0,"damage_taken":0.0,"cards_upgraded":["Wraith Form v2"]}],"is_beta":false,"boss_relics":[],"items_purged_floors":[],"is_endless":false,"potions_floor_spawned":[1,4,6],"killed_by":"Gremlin Nob","ascension_level":20}