{"gold_per_floor":[117,134,134,148,148,148,178,178,205,237,251,251,268,193,193,270,320,336,336,336,85,99,160,179,179,204,229,240,240,251,283,283,361,361,376,376,376,401,414,414,425,425,425,425],"floor_reached":44,"playtime":2833,"items_purged":["Pain"],"score":952,"play_id":"856587c0-6b6c-4292-8749-646a31d2fce8","local_time":"20181005091337","is_ascension_mode":true,"campfire_choices":[{"data":"Noxious Fumes","floor":6.0,"key":"SMITH"},{"floor":8.0,"key":"REST"},{"data":"Neutralize","floor":12.0,"key":"SMITH"},{"data":"Bane","floor":15.0,"key":"SMITH"},{"floor":25.0,"key":"REST"},{"floor":29.0,"key":"REST"},{"floor":32.0,"key":"REST"},{"data":"Metamorphosis","floor":40.0,"key":"SMITH"},{"floor":42,"key":"REST"}],"neow_cost":"PERCENT_DAMAGE","seed_source_timestamp":0,"circlet_count":0,"master_deck":["Defend_G","Defend_G+1","Defend_G","Defend_G","Defend_G","Strike_G+1","Strike_G+1","Survivor","Neutralize+1","AscendersBane","Predator","Venomology","Noxious Fumes+1","Dodge and Roll","Leg Sweep","Bane+1","Backstab","Glass Knife","Footwork","Cloak And Dagger","Writhe","Dagger Spray","Metamorphosis+1","Noxious Fumes+1","Backflip","Predator+1","Calculated Gamble","Flying Knee","Night Terror","Footwork","Writhe","Quick Slash"],"special_seed":0,"relics":["Ring of the Snake","WarpedTongs","Regal Pillow","Oddly Smooth Stone","Blood Vial","Tiny House","Art of War","Tiny Chest","Whetstone","PreservedInsect","Peace Pipe","HoveringKite","Omamori","Pantograph"],"potions_floor_usage":[41,41],"damage_taken":[{"damage":0.0,"enemies":"2 Louse","floor":1.0,"turns":4.0},{"damage":0.0,"enemies":"Cultist","floor":2.0,"turns":4.0},{"damage":0.0,"enemies":"Small Slimes","floor":4.0,"turns":3.0},{"damage":18.0,"enemies":"3 Sentries","floor":7.0,"turns":6.0},{"damage":9.0,"enemies":"Lagavulin","floor":10.0,"turns":7.0},{"damage":6.0,"enemies":"Looter","floor":11.0,"turns":5.0},{"damage":8.0,"enemies":"Gremlin Gang","floor":13.0,"turns":5.0},{"damage":3.0,"enemies":"Hexaghost","floor":16.0,"turns":12.0},{"damage":0.0,"enemies":"2 Thieves","floor":18.0,"turns":5.0},{"damage":15.0,"enemies":"Colosseum Slavers","floor":20.0,"turns":9.0},{"damage":9.0,"enemies":"Chosen","floor":22.0,"turns":4.0},{"damage":26.0,"enemies":"Gremlin Leader","floor":23.0,"turns":8.0},{"damage":9.0,"enemies":"Shelled Parasite and Fungi","floor":24.0,"turns":8.0},{"damage":36.0,"enemies":"Book of Stabbing","floor":27.0,"turns":6.0},{"damage":5.0,"enemies":"Snecko","floor":28.0,"turns":5.0},{"damage":16.0,"enemies":"3 Cultists","floor":30.0,"turns":4.0},{"damage":23.0,"enemies":"Slavers","floor":31.0,"turns":6.0},{"damage":42.0,"enemies":"Champ","floor":33.0,"turns":15.0},{"damage":30.0,"enemies":"3 Darklings","floor":35.0,"turns":6.0},{"damage":2.0,"enemies":"3 Shapes","floor":39.0,"turns":6.0},{"damage":41,"enemies":"Spire Growth","floor":41,"turns":4},{"damage":41,"enemies":"Jaw Worm Horde","floor":44,"turns":1}],"seed_played":"-8762398066842402031","potions_obtained":[{"floor":16.0,"key":"PowerPotion"},{"floor":22.0,"key":"Ancient Potion"},{"floor":24.0,"key":"PowerPotion"},{"floor":28.0,"key":"PowerPotion"},{"floor":33.0,"key":"SteroidPotion"},{"floor":35.0,"key":"FearPotion"}],"is_trial":false,"path_per_floor":["M","M","?","M","?","R","E","R","T","E","M","R","M","$","R","B",null,"M","?","?","$","M","E","M","R","T","E","M","R","M","E","R","B",null,"M","?","?","T","M","R","M","R","T"],"character_chosen":"THE_SILENT","items_purchased":["Dagger Spray","Metamorphosis"],"campfire_rested":5,"item_purchase_floors":[21,21],"current_hp_per_floor":[44,44,37,37,37,37,19,53,53,44,40,40,34,34,34,33,63,65,65,52,52,45,21,14,50,50,16,13,49,35,14,50,10,56,28,28,42,42,42,42,3,39,39,0],"gold":425,"neow_bonus":"TRANSFORM_TWO_CARDS","is_prod":false,"is_daily":false,"chose_seed":false,"campfire_upgraded":4,"win_rate":0,"timestamp":1538723617,"path_taken":["M","M","?","M","?","R","E","R","T","E","?","R","M","$","R","BOSS","M","?","?","$","?","E","M","R","T","E","M","R","M","E","R","BOSS","M","?","?","?","M","R","M","R","T","M"],"build_version":"2018-10-04","purchased_purges":1,"victory":false,"max_hp_per_floor":[66,66,66,66,66,66,66,66,66,66,66,66,66,66,66,66,71,71,71,71,71,71,71,71,71,71,71,71,71,71,71,71,71,71,71,71,71,71,71,71,71,71,71,71],"card_choices":[{"not_picked":["Terror","Eviscerate"],"picked":"Noxious Fumes","floor":1.0},{"not_picked":["Quick Slash","Tactician"],"picked":"Dodge and Roll","floor":2.0},{"not_picked":["Bane","Cloak And Dagger"],"picked":"Leg Sweep","floor":4.0},{"not_picked":["Unload","Deadly Poison","Flechettes"],"picked":"SKIP","floor":7.0},{"not_picked":["Blade Dance","Deflect"],"picked":"Bane","floor":10.0},{"not_picked":["Underhanded Strike","Sucker Punch","Bane"],"picked":"SKIP","floor":11.0},{"not_picked":["Deadly Poison","Backflip"],"picked":"Backstab","floor":13.0},{"not_picked":["Doppelganger","Envenom"],"picked":"Glass Knife","floor":16.0},{"not_picked":["Deadly Poison","Sucker Punch"],"picked":"Footwork","floor":17.0},{"not_picked":["Dagger Throw","Choke"],"picked":"Cloak And Dagger","floor":18.0},{"not_picked":["PiercingWail","Bouncing Flask"],"picked":"Noxious Fumes+1","floor":22.0},{"not_picked":["Riddle With Holes","Deflect","Concentrate"],"picked":"SKIP","floor":23.0},{"not_picked":["Distraction","Riddle With Holes"],"picked":"Backflip","floor":24.0},{"not_picked":["Prepared","Poisoned Stab"],"picked":"Predator+1","floor":27.0},{"not_picked":["Distraction","Concentrate","PiercingWail"],"picked":"SKIP","floor":28.0},{"not_picked":["Blur","Acrobatics"],"picked":"Calculated Gamble","floor":30.0},{"not_picked":["Expertise","PiercingWail"],"picked":"Flying Knee","floor":31.0},{"not_picked":["Phantasmal Killer","Malaise"],"picked":"Night Terror","floor":33.0},{"not_picked":["Slice","Concentrate"],"picked":"Footwork","floor":35.0},{"not_picked":["Slice","Riddle With Holes","Bouncing Flask+1"],"picked":"SKIP","floor":39.0},{"not_picked":["All Out Attack+1","Poisoned Stab"],"picked":"Quick Slash","floor":41}],"player_experience":996623,"relics_obtained":[{"floor":7.0,"key":"Regal Pillow"},{"floor":9.0,"key":"Oddly Smooth Stone"},{"floor":10.0,"key":"Blood Vial"},{"floor":23.0,"key":"Tiny Chest"},{"floor":26.0,"key":"Whetstone"},{"floor":27.0,"key":"PreservedInsect"},{"floor":31.0,"key":"Peace Pipe"},{"floor":38.0,"key":"Omamori"},{"floor":43,"key":"Pantograph"}],"event_choices":[{"event_name":"Golden Wing","player_choice":"Card Removal","floor":3.0,"damage_taken":0.0},{"event_name":"Accursed Blacksmith","player_choice":"Rummage","floor":5.0,"damage_taken":0.0},{"event_name":"The Mausoleum","player_choice":"Yes","floor":19.0,"damage_taken":0.0},{"event_name":"Colosseum","player_choice":"Fight","floor":20.0,"damage_taken":0.0},{"event_name":"Colosseum","player_choice":"Fled From Nobs","floor":20.0,"damage_taken":0.0},{"event_name":"Tomb of Lord Red Mask","player_choice":"Ignored","floor":36.0,"damage_taken":0.0},{"event_name":"Winding Halls","player_choice":"Writhe","floor":37.0,"damage_taken":0.0}],"is_beta":true,"boss_relics":[{"not_picked":["Calling Bell","Black Star"],"picked":"Tiny House"},{"not_picked":["Ring of the Serpent","Lizard Tail"],"picked":"HoveringKite"}],"items_purged_floors":[14],"is_endless":false,"potions_floor_spawned":[2,4,16,22,24,28,33,35],"killed_by":"Jaw Worm Horde","ascension_level":20}