{"gold_per_floor":[17,27,27,45,65,65,93,120,132,155,185,524,536,568,580,667,679,709,737,767,398,415,415,465,465,465,493,493,493,506,526,526,600,600,617,304,322,322,337,337,369,388,388,422,422,422,439,473,473,473],"floor_reached":51,"playtime":2988,"items_purged":["Strike_G","Strike_G"],"score":1490,"play_id":"b074eabd-6ce5-42e7-8042-88170ce1ed3c","local_time":"20180820054149","is_ascension_mode":true,"campfire_choices":[{"data":"Noxious Fumes","floor":6.0,"key":"SMITH"},{"data":"Catalyst","floor":13.0,"key":"SMITH"},{"data":"Footwork","floor":15.0,"key":"SMITH"},{"data":"Burst","floor":23.0,"key":"SMITH"},{"data":"Deadly Poison","floor":25.0,"key":"SMITH"},{"data":"Strike_G","floor":28.0,"key":"PURGE"},{"data":"Catalyst","floor":32.0,"key":"SMITH"},{"data":"Strike_G","floor":40.0,"key":"PURGE"},{"data":"Defend_G+1","floor":46.0,"key":"PURGE"},{"data":"PiercingWail","floor":49.0,"key":"SMITH"}],"neow_cost":"NO_GOLD","seed_source_timestamp":0,"circlet_count":0,"master_deck":["Defend_G+1","Defend_G+1","Defend_G+1","Defend_G+1","Survivor+1","Neutralize+1","AscendersBane","Deadly Poison+1","Noxious Fumes+1","Footwork+1","Backflip+1","Catalyst+1","Well Laid Plans+1","Dagger Spray+1","Burst+1","Well Laid Plans+1","Sucker Punch+1","Leg Sweep+1","Bouncing Flask+1","Catalyst+1","Leg Sweep+1","Burst+1","Calculated Gamble+1","Sadistic Nature+1","Footwork+1","Footwork+1","Dodge and Roll+1","PiercingWail+1"],"special_seed":0,"relics":["Ring of the Serpent","Torii","MawBank","Dead Branch","Old Coin","Coffee Dripper","Anchor","Art of War","Peace Pipe","Unceasing Top","Dream Catcher","Potion Belt","Matryoshka","Mark of the Bloom","Pen Nib"],"potions_floor_usage":[50],"damage_taken":[{"damage":1.0,"enemies":"Small Slimes","floor":1.0,"turns":4.0},{"damage":1.0,"enemies":"Jaw Worm","floor":2.0,"turns":5.0},{"damage":1.0,"enemies":"Cultist","floor":4.0,"turns":4.0},{"damage":1.0,"enemies":"Red Slaver","floor":5.0,"turns":5.0},{"damage":0.0,"enemies":"Lagavulin","floor":7.0,"turns":8.0},{"damage":0.0,"enemies":"3 Louse","floor":8.0,"turns":3.0},{"damage":1.0,"enemies":"2 Fungi Beasts","floor":10.0,"turns":4.0},{"damage":2.0,"enemies":"Blue Slaver","floor":11.0,"turns":4.0},{"damage":1.0,"enemies":"3 Sentries","floor":12.0,"turns":6.0},{"damage":0.0,"enemies":"3 Louse","floor":14.0,"turns":4.0},{"damage":6.0,"enemies":"Hexaghost","floor":16.0,"turns":7.0},{"damage":13.0,"enemies":"Spheric Guardian","floor":18.0,"turns":6.0},{"damage":1.0,"enemies":"Shell Parasite","floor":19.0,"turns":5.0},{"damage":0.0,"enemies":"Snecko","floor":20.0,"turns":3.0},{"damage":1.0,"enemies":"Shelled Parasite and Fungi","floor":22.0,"turns":5.0},{"damage":21.0,"enemies":"Slavers","floor":27.0,"turns":8.0},{"damage":1.0,"enemies":"Centurion and Healer","floor":30.0,"turns":5.0},{"damage":2.0,"enemies":"Sentry and Sphere","floor":31.0,"turns":5.0},{"damage":1.0,"enemies":"Collector","floor":33.0,"turns":4.0},{"damage":9.0,"enemies":"3 Darklings","floor":35.0,"turns":7.0},{"damage":1.0,"enemies":"3 Shapes","floor":37.0,"turns":5.0},{"damage":0.0,"enemies":"Sphere and 2 Shapes","floor":39.0,"turns":4.0},{"damage":1.0,"enemies":"Nemesis","floor":41.0,"turns":3.0},{"damage":7.0,"enemies":"Transient","floor":42.0,"turns":5.0},{"damage":0.0,"enemies":"Giant Head","floor":44.0,"turns":3.0},{"damage":0.0,"enemies":"Jaw Worm Horde","floor":47.0,"turns":5.0},{"damage":0.0,"enemies":"Nemesis","floor":48.0,"turns":3.0},{"damage":9,"enemies":"Awakened One","floor":50,"turns":15}],"seed_played":"4045635523001851622","potions_obtained":[{"floor":2.0,"key":"SkillPotion"},{"floor":4.0,"key":"Energy Potion"},{"floor":8.0,"key":"Regen Potion"},{"floor":20.0,"key":"Weak Potion"},{"floor":27.0,"key":"Dexterity Potion"},{"floor":33.0,"key":"GamblersBrew"},{"floor":37.0,"key":"PowerPotion"},{"floor":39.0,"key":"PowerPotion"},{"floor":47.0,"key":"FearPotion"}],"is_trial":false,"path_per_floor":["M","M","?","M","M","R","E","M","T","M","M","E","R","M","R","B",null,"M","M","M","$","M","R","?","R","T","E","R","?","M","M","R","B",null,"M","$","M","?","M","R","E","M","T","E","?","R","M","E","R","B"],"character_chosen":"THE_SILENT","items_purchased":["Anchor","Art of War","Sadistic Nature"],"campfire_rested":0,"item_purchase_floors":[21,21,36],"current_hp_per_floor":[58,57,57,56,55,55,55,55,55,54,52,51,51,51,51,45,61,62,61,61,61,60,60,54,54,54,33,33,33,32,30,30,29,57,48,48,47,47,47,47,46,39,39,39,39,39,39,39,39,30],"gold":473,"neow_bonus":"ONE_RARE_RELIC","is_prod":false,"is_daily":false,"chose_seed":false,"campfire_upgraded":7,"win_rate":0,"timestamp":1534736509,"path_taken":["M","M","?","M","M","R","E","M","T","M","M","E","R","M","R","BOSS","M","M","M","$","M","R","?","R","T","E","R","?","M","M","R","BOSS","M","$","M","?","M","R","E","?","T","E","?","R","M","E","R","BOSS"],"build_version":"2018-08-16","purchased_purges":2,"victory":true,"max_hp_per_floor":[66,66,66,66,66,66,66,66,66,66,66,66,66,66,66,66,66,66,66,66,66,66,66,66,66,66,66,66,66,66,66,66,66,66,66,66,66,66,66,66,66,66,66,66,66,66,66,66,66,66],"card_choices":[{"not_picked":["Riddle With Holes","Prepared"],"picked":"Deadly Poison","floor":1.0},{"not_picked":["Slice","Deflect","Setup"],"picked":"SKIP","floor":2.0},{"not_picked":["Finisher","Sucker Punch"],"picked":"Footwork","floor":4.0},{"not_picked":["Bane","Sucker Punch"],"picked":"Backflip","floor":5.0},{"not_picked":["Riddle With Holes","Choke","Slice"],"picked":"SKIP","floor":7.0},{"not_picked":["Underhanded Strike","Tactician"],"picked":"Catalyst","floor":8.0},{"not_picked":["Prepared","Flying Knee","Masterful Stab"],"picked":"SKIP","floor":10.0},{"not_picked":["Glass Knife","Backflip"],"picked":"Well Laid Plans","floor":11.0},{"not_picked":["Deflect","Well Laid Plans","Distraction"],"picked":"SKIP","floor":12.0},{"not_picked":["Predator","Dash"],"picked":"Dagger Spray","floor":14.0},{"not_picked":["After Image","Die Die Die"],"picked":"Burst","floor":16.0},{"not_picked":["Acrobatics","Backflip"],"picked":"Well Laid Plans","floor":18.0},{"not_picked":["Underhanded Strike","All Out Attack"],"picked":"Sucker Punch","floor":19.0},{"not_picked":["Cloak And Dagger","Deflect","Blade Dance"],"picked":"SKIP","floor":20.0},{"not_picked":["Dagger Throw","Terror"],"picked":"Leg Sweep","floor":22.0},{"not_picked":["Flying Knee+1","Choke"],"picked":"Bouncing Flask","floor":27.0},{"not_picked":["Flechettes","Dodge and Roll"],"picked":"Leg Sweep+1","floor":30.0},{"not_picked":["Dagger Spray","Slice","Poisoned Stab"],"picked":"SKIP","floor":31.0},{"not_picked":["Corpse Explosion","Malaise"],"picked":"Burst","floor":33.0},{"not_picked":["Dagger Spray+1","Dodge and Roll"],"picked":"Calculated Gamble","floor":35.0},{"not_picked":["PiercingWail","Dodge and Roll"],"picked":"Footwork","floor":37.0},{"not_picked":["Skewer","Leg Sweep","Prepared"],"picked":"SKIP","floor":39.0},{"not_picked":["Unload","Prepared","Bane"],"picked":"SKIP","floor":41.0},{"not_picked":["Sucker Punch+1","Quick Slash"],"picked":"Footwork","floor":42.0},{"not_picked":["Dagger Throw","Dodge and Roll","Accuracy"],"picked":"SKIP","floor":44.0},{"not_picked":["Dagger Throw","Accuracy"],"picked":"Dodge and Roll","floor":44.0},{"not_picked":["Cloak And Dagger","Quick Slash+1"],"picked":"PiercingWail","floor":47.0},{"not_picked":["Tactician+1","Sucker Punch","Cloak And Dagger"],"picked":"SKIP","floor":48.0}],"player_experience":909175,"relics_obtained":[{"floor":7.0,"key":"MawBank"},{"floor":9.0,"key":"Dead Branch"},{"floor":12.0,"key":"Old Coin"},{"floor":26.0,"key":"Peace Pipe"},{"floor":27.0,"key":"Unceasing Top"},{"floor":41.0,"key":"Dream Catcher"},{"floor":43.0,"key":"Potion Belt"},{"floor":44.0,"key":"Matryoshka"},{"floor":48.0,"key":"Pen Nib"}],"event_choices":[{"event_name":"Living Wall","player_choice":"Change","floor":3.0,"damage_taken":0.0},{"event_name":"FaceTrader","player_choice":"Touch","floor":24.0,"damage_taken":0.0},{"event_name":"The Library","player_choice":"Read","floor":29.0,"damage_taken":0.0},{"event_name":"Tomb of Lord Red Mask","player_choice":"Ignored","floor":38.0,"damage_taken":0.0},{"event_name":"MindBloom","player_choice":"Upgrade","floor":45.0,"damage_taken":0.0}],"is_beta":true,"boss_relics":[{"not_picked":["Calling Bell","Empty Cage"],"picked":"Coffee Dripper"},{"not_picked":["Astrolabe","Black Star"],"picked":"Ring of the Serpent"}],"items_purged_floors":[21,36],"is_endless":false,"potions_floor_spawned":[2,4,7,8,11,20,27,33,37,39,42,47],"ascension_level":15}