{"gold_per_floor":[114,124,124,135,210,210,5,5],"floor_reached":8,"playtime":491,"items_purged":[],"score":92,"play_id":"924a3f4c-ab1c-4f6d-9507-77929c3e6a6b","local_time":"20190420210639","is_ascension_mode":true,"campfire_choices":[{"data":"Flechettes","floor":6.0,"key":"SMITH"}],"neow_cost":"NONE","seed_source_timestamp":950436149588240,"circlet_count":0,"master_deck":["AscendersBane","Defend_G","Defend_G","Defend_G","Defend_G","Defend_G","Strike_G","Strike_G","Strike_G","Strike_G","Strike_G","Survivor","Neutralize","Tools of the Trade","Flechettes+1","Deadly Poison","Dash","Noxious Fumes"],"special_seed":0,"relics":["Ring of the Snake","Lantern"],"potions_floor_usage":[],"damage_taken":[{"damage":3.0,"enemies":"Jaw Worm","floor":1.0,"turns":6.0},{"damage":2.0,"enemies":"Small Slimes","floor":2.0,"turns":5.0},{"damage":3.0,"enemies":"2 Louse","floor":4.0,"turns":3.0},{"damage":18.0,"enemies":"The Mushroom Lair","floor":7.0,"turns":4.0},{"damage":27,"enemies":"3 Sentries","floor":8,"turns":4}],"seed_played":"821951121521645982","potions_obtained":[{"floor":2.0,"key":"SkillPotion"}],"is_trial":false,"path_per_floor":["M","M","?","M","?","R","?","E"],"character_chosen":"THE_SILENT","items_purchased":["Noxious Fumes","Lantern"],"campfire_rested":0,"item_purchase_floors":[7,7],"current_hp_per_floor":[56,54,59,56,45,45,27,0],"gold":5,"neow_bonus":"ONE_RANDOM_RARE_CARD","is_prod":false,"is_daily":false,"chose_seed":false,"campfire_upgraded":1,"win_rate":0,"timestamp":1555787199,"path_taken":["M","M","?","M","?","R","?","E"],"build_version":"2019-01-23","purchased_purges":0,"victory":false,"max_hp_per_floor":[66,66,71,71,71,71,71,71],"card_choices":[{"not_picked":["Deadly Poison","Dagger Throw"],"picked":"Flechettes","floor":1.0},{"not_picked":["Backstab","Slice"],"picked":"Deadly Poison","floor":2.0},{"not_picked":["Catalyst","Poisoned Stab"],"picked":"Dash","floor":4.0}],"player_experience":2538410,"relics_obtained":[],"event_choices":[{"damage_healed":0.0,"max_hp_gain":5.0,"max_hp_loss":0.0,"gold_gain":0.0,"event_name":"Big Fish","player_choice":"Donut","floor":3.0,"gold_loss":0.0,"damage_taken":0.0},{"damage_healed":0.0,"max_hp_gain":0.0,"max_hp_loss":0.0,"gold_gain":75.0,"event_name":"World of Goop","player_choice":"Gather Gold","floor":5.0,"gold_loss":0.0,"damage_taken":11.0},{"damage_healed":0.0,"max_hp_gain":0.0,"max_hp_loss":0.0,"gold_gain":0.0,"event_name":"Mushrooms","player_choice":"Fought Mushrooms","floor":7.0,"gold_loss":0.0,"damage_taken":0.0}],"is_beta":false,"boss_relics":[],"items_purged_floors":[],"is_endless":false,"potions_floor_spawned":[2,7],"killed_by":"3 Sentries","ascension_level":20}