{"gold_per_floor":[118,66,66,31,31,69,69,110,110,126,126,126,165,178,178,269,332,351,351,371,371,371,371],"floor_reached":23,"playtime":1254,"items_purged":[],"score":485,"play_id":"5f0c4aaa-cf15-4fc4-bf66-468e515d7faa","local_time":"20190423010513","is_ascension_mode":true,"campfire_choices":[{"data":"Venomology","floor":7.0,"key":"SMITH"},{"data":"Neutralize","floor":12.0,"key":"SMITH"},{"data":"Neutralize","floor":15.0,"key":"SMITH"}],"neow_cost":"NONE","seed_source_timestamp":45220270150895,"circlet_count":0,"master_deck":["AscendersBane","Defend_G","Defend_G","Defend_G","Defend_G","Defend_G","Strike_G","Strike_G","Strike_G","Strike_G","Strike_G","Survivor","Neutralize+1","Slice","Cloak And Dagger","Dagger Throw","Neutralize+1","Venomology+1","Quick Slash","Sucker Punch","Die Die Die+1","Well Laid Plans+1","Deadly Poison","Venomology","Slice+1","Dagger Throw+1","Poisoned Stab+1"],"special_seed":0,"relics":["Ring of the Snake","NeowsBlessing","Golden Idol","Pocketwatch","Ancient Tea Set","Molten Egg 2","Boot","Tiny House","Enchiridion"],"potions_floor_usage":[20,22,22,23,23],"damage_taken":[{"damage":0.0,"enemies":"Small Slimes","floor":1.0,"turns":1.0},{"damage":0.0,"enemies":"Lagavulin","floor":6.0,"turns":1.0},{"damage":0.0,"enemies":"3 Sentries","floor":8.0,"turns":1.0},{"damage":0.0,"enemies":"2 Louse","floor":10.0,"turns":1.0},{"damage":32.0,"enemies":"Lagavulin","floor":13.0,"turns":8.0},{"damage":0.0,"enemies":"Cultist","floor":14.0,"turns":5.0},{"damage":14.0,"enemies":"The Guardian","floor":16.0,"turns":16.0},{"damage":6.0,"enemies":"2 Thieves","floor":18.0,"turns":4.0},{"damage":22,"enemies":"3 Byrds","floor":20,"turns":6},{"damage":13,"enemies":"Colosseum Slavers","floor":22,"turns":4},{"damage":3,"enemies":"Slavers","floor":23,"turns":1}],"seed_played":"7774837028951904122","potions_obtained":[{"floor":6.0,"key":"Energy Potion"},{"floor":13.0,"key":"Regen Potion"},{"floor":14.0,"key":"Weak Potion"},{"floor":17.0,"key":"Block Potion"},{"floor":18.0,"key":"EssenceOfSteel"}],"is_trial":false,"path_per_floor":["M","$","?","?","?","E","R","E","T","M","?","R","E","M","R","B",null,"M","$","M","?","?","E"],"character_chosen":"THE_SILENT","items_purchased":["Cloak And Dagger"],"campfire_rested":0,"item_purchase_floors":[2],"current_hp_per_floor":[59,59,36,52,52,52,52,52,52,52,52,52,34,48,48,34,63,57,57,35,14,1,0],"gold":371,"neow_bonus":"THREE_ENEMY_KILL","is_prod":false,"is_daily":false,"chose_seed":false,"campfire_upgraded":3,"win_rate":0,"timestamp":1556006713,"path_taken":["M","$","?","?","?","E","R","E","T","?","?","R","E","M","R","BOSS","M","$","M","?","?","E"],"build_version":"2019-01-23","purchased_purges":0,"victory":false,"max_hp_per_floor":[66,66,66,66,66,66,66,66,66,66,66,66,66,66,66,66,71,71,71,71,71,71,71],"card_choices":[{"not_picked":["Prepared","Bane"],"picked":"Slice","floor":1.0},{"not_picked":["Finisher","Poisoned Stab"],"picked":"Quick Slash","floor":6.0},{"not_picked":["Acrobatics","Dodge and Roll"],"picked":"Sucker Punch","floor":8.0},{"not_picked":["Bouncing Flask","Cloak And Dagger"],"picked":"Die Die Die+1","floor":10.0},{"not_picked":["Prepared","Deadly Poison"],"picked":"Well Laid Plans","floor":13.0},{"not_picked":["Eviscerate+1","Blur"],"picked":"Deadly Poison","floor":14.0},{"not_picked":["Bullet Time","Storm of Steel"],"picked":"Venomology","floor":16.0},{"not_picked":["Terror","Flechettes+1"],"picked":"Slice+1","floor":17.0},{"not_picked":["Bane+1","Deadly Poison"],"picked":"Dagger Throw+1","floor":18.0},{"not_picked":["Underhanded Strike+1","Catalyst"],"picked":"Poisoned Stab+1","floor":20}],"player_experience":747378,"relics_obtained":[{"floor":6.0,"key":"Pocketwatch"},{"floor":8.0,"key":"Ancient Tea Set"},{"floor":9.0,"key":"Molten Egg 2"},{"floor":13.0,"key":"Boot"},{"floor":21,"key":"Enchiridion"}],"event_choices":[{"damage_healed":0.0,"max_hp_gain":0.0,"max_hp_loss":0.0,"gold_gain":0.0,"event_name":"Golden Idol","player_choice":"Take Damage","floor":3.0,"gold_loss":0.0,"damage_taken":23.0,"relics_obtained":["Golden Idol"]},{"damage_healed":16.0,"max_hp_gain":0.0,"max_hp_loss":0.0,"gold_gain":0.0,"event_name":"The Cleric","player_choice":"Healed","floor":4.0,"gold_loss":35.0,"damage_taken":0.0},{"damage_healed":0.0,"max_hp_gain":0.0,"max_hp_loss":0.0,"gold_gain":0.0,"event_name":"Match and Keep!","player_choice":"3 cards matched","floor":5.0,"gold_loss":0.0,"damage_taken":0.0,"cards_obtained":["Dagger Throw","Neutralize","Venomology"]},{"damage_healed":0.0,"max_hp_gain":0.0,"max_hp_loss":0.0,"gold_gain":0.0,"event_name":"Match and Keep!","player_choice":"3 cards matched","floor":5.0,"gold_loss":0.0,"damage_taken":0.0,"cards_obtained":["Dagger Throw","Neutralize","Venomology"]},{"damage_healed":0.0,"max_hp_gain":0.0,"max_hp_loss":0.0,"gold_gain":0.0,"event_name":"Liars Game","player_choice":"Ignored","floor":11.0,"gold_loss":0.0,"damage_taken":0.0},{"damage_healed":0,"gold_gain":0,"player_choice":"Obtained Book","damage_taken":21,"max_hp_gain":0,"max_hp_loss":0,"event_name":"Cursed Tome","floor":21,"gold_loss":0},{"damage_healed":0,"gold_gain":0,"player_choice":"Fight","damage_taken":0,"max_hp_gain":0,"max_hp_loss":0,"event_name":"Colosseum","floor":22,"gold_loss":0},{"damage_healed":0,"gold_gain":0,"player_choice":"Fled From Nobs","damage_taken":0,"max_hp_gain":0,"max_hp_loss":0,"event_name":"Colosseum","floor":22,"gold_loss":0}],"is_beta":false,"boss_relics":[{"not_picked":["Ectoplasm","HoveringKite"],"picked":"Tiny House"}],"items_purged_floors":[],"is_endless":false,"potions_floor_spawned":[6,13,14,18],"killed_by":"Slavers","ascension_level":18}