{"gold_per_floor":[111,124,142,162,177,177,207,207,207,207,221,221,238,238,238,313,313,329,340,354,373,373],"floor_reached":22,"playtime":1340,"items_purged":[],"score":355,"play_id":"f0dddb7e-779e-44c3-a346-aeab8a1d8b60","local_time":"20190410015435","is_ascension_mode":true,"campfire_choices":[{"data":"Zap","floor":6.0,"key":"SMITH"},{"data":"Capacitor","floor":8.0,"key":"SMITH"},{"floor":12.0,"key":"REST"},{"data":"Dualcast","floor":15.0,"key":"SMITH"}],"neow_cost":"NONE","seed_source_timestamp":44260195943523,"circlet_count":0,"master_deck":["AscendersBane","Strike_B","Strike_B","Strike_B+1","Strike_B","Defend_B+1","Defend_B","Defend_B","Defend_B","Zap+1","Dualcast+1","Conserve Battery","Cold Snap","Capacitor+1","Go for the Eyes","Reboot","All For One","BootSequence","Conserve Battery","Core Surge","Beam Cell","FTL"],"special_seed":0,"relics":["Cracked Core","Potion Belt","Regal Pillow","Inserter"],"potions_floor_usage":[21,21,21,22],"damage_taken":[{"damage":1.0,"enemies":"Cultist","floor":1.0,"turns":3.0},{"damage":7.0,"enemies":"2 Louse","floor":2.0,"turns":4.0},{"damage":0.0,"enemies":"Small Slimes","floor":3.0,"turns":3.0},{"damage":4.0,"enemies":"3 Louse","floor":4.0,"turns":4.0},{"damage":15.0,"enemies":"Exordium Thugs","floor":5.0,"turns":5.0},{"damage":5.0,"enemies":"Gremlin Nob","floor":7.0,"turns":3.0},{"damage":10.0,"enemies":"Red Slaver","floor":11.0,"turns":4.0},{"damage":0.0,"enemies":"Exordium Wildlife","floor":13.0,"turns":3.0},{"damage":25.0,"enemies":"Slime Boss","floor":16.0,"turns":18.0},{"damage":7.0,"enemies":"Spheric Guardian","floor":18.0,"turns":8.0},{"damage":3.0,"enemies":"3 Byrds","floor":19.0,"turns":4.0},{"damage":14.0,"enemies":"Centurion and Healer","floor":20.0,"turns":12.0},{"damage":12,"enemies":"3 Cultists","floor":21,"turns":6},{"damage":0,"enemies":"Chosen and Byrds","floor":22,"turns":2}],"seed_played":"-162810487435944826","potions_obtained":[{"floor":4.0,"key":"Fire Potion"},{"floor":5.0,"key":"AttackPotion"},{"floor":11.0,"key":"SkillPotion"},{"floor":14.0,"key":"EssenceOfSteel"},{"floor":14.0,"key":"EntropicBrew"},{"floor":16.0,"key":"PowerPotion"},{"floor":19.0,"key":"SteroidPotion"},{"floor":21,"key":"PowerPotion"}],"is_trial":false,"path_per_floor":["M","M","M","M","M","R","E","R","T","?","M","R","M","?","R","B",null,"M","M","M","M","M"],"character_chosen":"DEFECT","items_purchased":[],"campfire_rested":1,"item_purchase_floors":[],"current_hp_per_floor":[70,63,63,59,44,44,39,39,39,16,6,44,44,44,44,19,63,56,53,39,27,27],"gold":373,"neow_bonus":"TEN_PERCENT_HP_BONUS","is_prod":false,"is_daily":false,"chose_seed":false,"campfire_upgraded":3,"win_rate":0,"timestamp":1554886475,"path_taken":["M","M","M","?","M","R","E","R","T","?","M","R","M","?","R","BOSS","M","M","M","?","M"],"build_version":"2019-01-23","purchased_purges":0,"victory":false,"max_hp_per_floor":[78,78,78,78,78,78,78,78,78,78,78,78,78,78,78,78,78,78,78,78,78,78],"card_choices":[{"not_picked":["Compile Driver","Sweeping Beam"],"picked":"Conserve Battery","floor":1.0},{"not_picked":["Hologram","Turbo"],"picked":"Cold Snap","floor":2.0},{"not_picked":["Conserve Battery","Redo"],"picked":"Capacitor","floor":3.0},{"not_picked":["Darkness","Turbo"],"picked":"Go for the Eyes","floor":4.0},{"not_picked":["Hologram","Compile Driver"],"picked":"Reboot","floor":5.0},{"not_picked":["Darkness","Chaos"],"picked":"All For One","floor":7.0},{"not_picked":["Barrage","Turbo"],"picked":"BootSequence","floor":11.0},{"not_picked":["Compile Driver","Redo"],"picked":"Conserve Battery","floor":13.0},{"not_picked":["Biased Cognition","Meteor Strike"],"picked":"Core Surge","floor":16.0},{"not_picked":["Sweeping Beam","Gash","Conserve Battery"],"picked":"SKIP","floor":18.0},{"not_picked":["Melter","Doom and Gloom"],"picked":"Beam Cell","floor":19.0},{"not_picked":["Redo","Barrage"],"picked":"FTL","floor":20.0},{"not_picked":["Beam Cell","Barrage","Redo"],"picked":"SKIP","floor":21}],"player_experience":703405,"relics_obtained":[{"floor":7.0,"key":"Potion Belt"},{"floor":9.0,"key":"Regal Pillow"}],"event_choices":[{"damage_healed":0.0,"max_hp_gain":0.0,"max_hp_loss":0.0,"gold_gain":0.0,"event_name":"Shining Light","player_choice":"Entered Light","floor":10.0,"gold_loss":0.0,"damage_taken":23.0,"cards_upgraded":["Defend_B","Strike_B"]},{"damage_healed":0.0,"max_hp_gain":0.0,"max_hp_loss":0.0,"gold_gain":0.0,"event_name":"Lab","player_choice":"Got Potions","floor":14.0,"gold_loss":0.0,"damage_taken":0.0}],"is_beta":false,"boss_relics":[{"not_picked":["Fusion Hammer","Orrery"],"picked":"Inserter"}],"items_purged_floors":[],"is_endless":false,"potions_floor_spawned":[4,5,11,16,19,21],"killed_by":"Chosen and Byrds","ascension_level":17}