{"gold_per_floor":[11,11,11,26,50,88,103,103,178,178,218,231,231,267,267,267],"floor_reached":16,"playtime":1006,"items_purged":[],"score":236,"play_id":"aa02f618-6f49-4715-a978-47e71ae9320a","local_time":"20190228181551","is_ascension_mode":true,"campfire_choices":[{"data":"Bash","floor":8,"key":"SMITH"},{"data":"Cleave","floor":10,"key":"SMITH"},{"floor":13,"key":"REST"},{"data":"Fiend Fire","floor":15,"key":"SMITH"}],"neow_cost":"NO_GOLD","seed_source_timestamp":764918232106970,"circlet_count":0,"master_deck":["AscendersBane","Strike_R","Strike_R","Strike_R","Strike_R","Defend_R+1","Defend_R","Defend_R","Bash+1","Cleave+1","Anger","Sword Boomerang","Flex","Fiend Fire+1","Ghostly Armor+1","Headbutt","Exhume"],"relics":["Burning Blood","Golden Idol","Centennial Puzzle","Dream Catcher","Juzu Bracelet","The Courier","Ginger","War Paint"],"potions_floor_usage":[6,14,16],"damage_taken":[{"damage":11,"enemies":"Jaw Worm","floor":1,"turns":4},{"damage":9,"enemies":"2 Louse","floor":4,"turns":2},{"damage":6,"enemies":"Gremlin Nob","floor":6,"turns":3},{"damage":0,"enemies":"Cultist","floor":7,"turns":2},{"damage":25,"enemies":"3 Sentries","floor":11,"turns":5},{"damage":12,"enemies":"Exordium Wildlife","floor":12,"turns":3},{"damage":8,"enemies":"Lagavulin","floor":14,"turns":5},{"damage":44,"enemies":"The Guardian","floor":16,"turns":10}],"seed_played":"-3433634549561246582","potions_obtained":[{"floor":1,"key":"AttackPotion"},{"floor":4,"key":"Explosive Potion"},{"floor":12,"key":"Block Potion"},{"floor":14,"key":"Swift Potion"}],"is_trial":false,"path_per_floor":["M","?","?","M","T","E","M","R","T","R","E","M","R","E","R","B"],"character_chosen":"IRONCLAD","items_purchased":[],"campfire_rested":1,"item_purchase_floors":[],"current_hp_per_floor":[63,63,45,42,42,42,48,48,48,48,29,23,43,41,41,0],"gold":267,"neow_bonus":"REMOVE_TWO","is_prod":false,"is_daily":false,"chose_seed":false,"campfire_upgraded":3,"win_rate":0,"timestamp":1551374151,"path_taken":["M","?","?","?","?","E","M","R","T","R","E","M","R","E","R","BOSS"],"build_version":"2019-01-23","purchased_purges":0,"victory":false,"max_hp_per_floor":[75,68,68,68,68,68,68,68,68,68,68,68,68,68,68,68],"card_choices":[{"not_picked":["Power Through","Hemokinesis"],"picked":"Cleave","floor":1},{"not_picked":["Blood for Blood","Body Slam"],"picked":"Anger","floor":4},{"not_picked":["True Grit","Battle Trance"],"picked":"Sword Boomerang","floor":6},{"not_picked":["Power Through","Rage"],"picked":"Flex","floor":7},{"not_picked":["Shrug It Off","Headbutt"],"picked":"Fiend Fire","floor":11},{"not_picked":["Flex","Shrug It Off"],"picked":"Ghostly Armor","floor":12},{"not_picked":["True Grit","Body Slam"],"picked":"Headbutt","floor":13},{"not_picked":["Fire Breathing","Clothesline"],"picked":"Exhume","floor":14}],"player_experience":1754315,"relics_obtained":[{"floor":5,"key":"Dream Catcher"},{"floor":6,"key":"Juzu Bracelet"},{"floor":9,"key":"The Courier"},{"floor":11,"key":"Ginger"},{"floor":14,"key":"War Paint"}],"event_choices":[{"damage_healed":0,"gold_gain":0,"player_choice":"Lose Max HP","damage_taken":0,"relics_obtained":["Golden Idol"],"max_hp_gain":0,"max_hp_loss":7,"event_name":"Golden Idol","floor":2,"gold_loss":0},{"damage_healed":0,"gold_gain":0,"player_choice":"Success","damage_taken":18,"relics_obtained":["Centennial Puzzle"],"max_hp_gain":0,"max_hp_loss":0,"event_name":"Scrap Ooze","floor":3,"gold_loss":0}],"is_beta":false,"boss_relics":[],"items_purged_floors":[],"is_endless":false,"potions_floor_spawned":[1,4,12,14],"killed_by":"The Guardian","ascension_level":20}