{"gold_per_floor":[110,210,230,38,54,54,79,79,104,139,190,190,115,15,15,91,91,111,111,111,36,54,54,29,58,58,58],"floor_reached":27,"playtime":1046,"items_purged":["Strike_B","Strike_B"],"score":470,"play_id":"502221d3-3cb4-478d-a021-650bfe5ce51d","local_time":"20190319124013","is_ascension_mode":true,"campfire_choices":[{"data":"Zap","floor":6,"key":"SMITH"},{"data":"Ball Lightning","floor":12,"key":"SMITH"},{"data":"Reinforced Body","floor":15,"key":"SMITH"},{"floor":23,"key":"REST"}],"neow_cost":"NONE","seed_source_timestamp":318395473945882,"circlet_count":0,"master_deck":["AscendersBane","Defend_B","Defend_B","Defend_B","Defend_B","Zap+1","Dualcast+1","Reinforced Body+1","Cold Snap","Ball Lightning","Ball Lightning+1","Loop","Echo Form","Electrodynamics","Ball Lightning","Sunder","Force Field+1","Hologram","Self Repair"],"relics":["Cracked Core","NeowsBlessing","Happy Flower","PreservedInsect","DataDisk","Bottled Flame","Omamori","Inserter","WingedGreaves","Ornamental Fan"],"potions_floor_usage":[25,25,27],"damage_taken":[{"damage":0,"enemies":"Jaw Worm","floor":1,"turns":1},{"damage":0,"enemies":"Cultist","floor":3,"turns":1},{"damage":0,"enemies":"2 Louse","floor":5,"turns":1},{"damage":14,"enemies":"Lagavulin","floor":7,"turns":6},{"damage":5,"enemies":"3 Sentries","floor":10,"turns":4},{"damage":10,"enemies":"The Guardian","floor":16,"turns":9},{"damage":0,"enemies":"Spheric Guardian","floor":18,"turns":3},{"damage":24,"enemies":"Shell Parasite","floor":22,"turns":4},{"damage":47,"enemies":"Book of Stabbing","floor":25,"turns":4},{"damage":15,"enemies":"Snake Plant","floor":27,"turns":1}],"seed_played":"6153311295264277702","potions_obtained":[{"floor":3,"key":"GamblersBrew"},{"floor":7,"key":"LiquidBronze"},{"floor":25,"key":"EssenceOfSteel"}],"is_trial":false,"path_per_floor":["M","?","M","$","M","R","E","?","T","E","T","R","$","$","R","B",null,"M","?","?","?","M","R","$","E","T","M"],"character_chosen":"DEFECT","items_purchased":["Ball Lightning","Happy Flower","Hologram"],"campfire_rested":1,"item_purchase_floors":[4,4,24],"current_hp_per_floor":[64,64,64,64,64,64,50,50,50,45,45,45,45,45,45,35,62,62,62,62,62,38,59,59,12,12,0],"gold":58,"neow_bonus":"THREE_ENEMY_KILL","is_prod":false,"is_daily":false,"chose_seed":false,"campfire_upgraded":3,"win_rate":0,"timestamp":1552995613,"path_taken":["M","?","?","?","M","R","E","?","T","E","?","R","?","$","R","BOSS","M","?","?","?","M","R","$","E","T","?"],"build_version":"2019-01-23","purchased_purges":2,"victory":false,"max_hp_per_floor":[71,71,71,71,71,71,71,71,71,71,71,71,71,71,71,71,71,71,71,71,71,71,71,71,71,71,71],"card_choices":[{"not_picked":["Go for the Eyes","Steam"],"picked":"Reinforced Body","floor":1},{"not_picked":["Recycle","Stack"],"picked":"Cold Snap","floor":3},{"not_picked":["Hello World","Heatsinks"],"picked":"Ball Lightning","floor":5},{"not_picked":["Streamline","Coolheaded"],"picked":"Loop","floor":7},{"not_picked":["Steam","Auto Shields"],"picked":"Echo Form","floor":10},{"not_picked":["Seek","Multi-Cast"],"picked":"Electrodynamics","floor":16},{"not_picked":["Steam","Stack"],"picked":"Ball Lightning","floor":18},{"not_picked":["Double Energy","Barrage"],"picked":"Force Field+1","floor":22},{"not_picked":["Consume","Stack"],"picked":"Self Repair","floor":25}],"player_experience":2127902,"relics_obtained":[{"floor":7,"key":"PreservedInsect"},{"floor":9,"key":"DataDisk"},{"floor":10,"key":"Bottled Flame"},{"floor":11,"key":"Omamori"},{"floor":25,"key":"WingedGreaves"},{"floor":26,"key":"Ornamental Fan"}],"event_choices":[{"damage_healed":0,"gold_gain":100,"player_choice":"Gold","damage_taken":0,"max_hp_gain":0,"max_hp_loss":0,"event_name":"Wheel of Change","floor":2,"gold_loss":0},{"damage_healed":0,"gold_gain":0,"player_choice":"Grow","damage_taken":0,"max_hp_gain":0,"max_hp_loss":0,"event_name":"Living Wall","floor":8,"gold_loss":0,"cards_upgraded":["Dualcast"]},{"damage_healed":0,"gold_gain":0,"player_choice":"Ignored","damage_taken":0,"max_hp_gain":0,"max_hp_loss":0,"event_name":"Vampires","floor":19,"gold_loss":0},{"damage_healed":0,"gold_gain":0,"cards_transformed":["Strike_B","Strike_B"],"player_choice":"Became Test Subject","damage_taken":0,"max_hp_gain":0,"max_hp_loss":0,"event_name":"Drug Dealer","floor":20,"gold_loss":0,"cards_obtained":["Doom and Gloom","Sunder"]},{"cards_removed":["Doom and Gloom"],"damage_healed":0,"gold_gain":0,"player_choice":"Gave Gold","damage_taken":0,"max_hp_gain":0,"max_hp_loss":0,"event_name":"Beggar","floor":21,"gold_loss":75}],"is_beta":false,"boss_relics":[{"not_picked":["Cursed Key","Sozu"],"picked":"Inserter"}],"items_purged_floors":[13,14],"is_endless":false,"potions_floor_spawned":[3,7,10,25],"killed_by":"Snake Plant","ascension_level":20}