{"gold_per_floor":[119,119,130,3,19,49,67,95,95,111,143,173,173,208,208,338,338,362,375,375,398,417,448,448,448],"floor_reached":25,"playtime":1839,"items_purged":[],"score":316,"play_id":"1efa6db6-46a4-4f1d-b486-0ec0a1e4dc01","local_time":"20190521212854","is_ascension_mode":true,"campfire_choices":[{"floor":15.0,"key":"REST"},{"data":"Defragment","floor":24,"key":"SMITH"}],"neow_cost":"NONE","seed_source_timestamp":235088217243020,"circlet_count":0,"master_deck":["Strike_B","Strike_B","Strike_B","Strike_B","Defend_B","Defend_B","Defend_B","Defend_B","Zap","Dualcast+1","Sweeping Beam","BootSequence","Defragment+1","Cold Snap","Streamline","Genetic Algorithm+1","Rainbow+1","Self Repair","Barrage+1"],"special_seed":0,"relics":["Busted Crown","Boot","Toxic Egg 2","Ornamental Fan","Mercury Hourglass","Odd Mushroom","Golden Idol","Strawberry","Coffee Dripper","Art of War"],"potions_floor_usage":[21,25],"damage_taken":[{"damage":0.0,"enemies":"Jaw Worm","floor":1.0,"turns":3.0},{"damage":1.0,"enemies":"Cultist","floor":3.0,"turns":3.0},{"damage":0.0,"enemies":"2 Louse","floor":5.0,"turns":2.0},{"damage":13.0,"enemies":"3 Sentries","floor":6.0,"turns":9.0},{"damage":0.0,"enemies":"2 Fungi Beasts","floor":7.0,"turns":3.0},{"damage":12.0,"enemies":"Lagavulin","floor":8.0,"turns":7.0},{"damage":0.0,"enemies":"Exordium Wildlife","floor":10.0,"turns":3.0},{"damage":6.0,"enemies":"3 Sentries","floor":11.0,"turns":9.0},{"damage":9.0,"enemies":"The Mushroom Lair","floor":12.0,"turns":3.0},{"damage":16.0,"enemies":"Lagavulin","floor":14.0,"turns":6.0},{"damage":31.0,"enemies":"Slime Boss","floor":16.0,"turns":8.0},{"damage":15,"enemies":"2 Thieves","floor":18,"turns":4},{"damage":2,"enemies":"Shell Parasite","floor":19,"turns":4},{"damage":9,"enemies":"Shelled Parasite and Fungi","floor":21,"turns":6},{"damage":20,"enemies":"Sentry and Sphere","floor":22,"turns":6},{"damage":31,"enemies":"Slavers","floor":23,"turns":4},{"damage":27,"enemies":"Book of Stabbing","floor":25,"turns":3}],"seed_played":"-4656278643810869028","potions_obtained":[{"floor":3.0,"key":"FearPotion"},{"floor":5.0,"key":"AttackPotion"},{"floor":6.0,"key":"Swift Potion"},{"floor":8.0,"key":"FairyPotion"},{"floor":11.0,"key":"AttackPotion"},{"floor":18,"key":"Weak Potion"},{"floor":22,"key":"Strength Potion"}],"is_trial":false,"path_per_floor":["M","?","M","$","M","E","M","E","T","M","E","?","?","E","R","B",null,"M","M","?","M","M","E","R","E"],"character_chosen":"DEFECT","items_purchased":["Defragment","Cold Snap"],"campfire_rested":1,"item_purchase_floors":[4,4],"current_hp_per_floor":[75,75,74,74,74,61,61,49,49,49,43,34,34,25,47,16,61,46,44,44,42,29,14,14,0],"gold":448,"neow_bonus":"BOSS_RELIC","is_prod":false,"is_daily":false,"chose_seed":false,"campfire_upgraded":1,"win_rate":0,"timestamp":1558454334,"path_taken":["M","?","M","$","M","E","?","E","T","M","E","?","?","E","R","BOSS","M","M","?","M","M","E","R","E"],"build_version":"2019-01-23","purchased_purges":0,"victory":false,"max_hp_per_floor":[75,75,75,75,75,75,75,75,75,75,75,75,69,76,76,76,76,76,76,76,76,76,76,76,76],"card_choices":[{"not_picked":[],"picked":"Sweeping Beam","floor":1.0},{"not_picked":[],"picked":"BootSequence","floor":3.0},{"not_picked":["Static Discharge"],"picked":"SKIP","floor":5.0},{"not_picked":["Leap"],"picked":"SKIP","floor":6.0},{"not_picked":[],"picked":"Streamline","floor":7.0},{"not_picked":["Rip and Tear"],"picked":"SKIP","floor":8.0},{"not_picked":["Go for the Eyes"],"picked":"SKIP","floor":10.0},{"not_picked":[],"picked":"Genetic Algorithm+1","floor":11.0},{"not_picked":["Amplify+1"],"picked":"SKIP","floor":14.0},{"not_picked":[],"picked":"Rainbow+1","floor":16.0},{"not_picked":["Hello World"],"picked":"SKIP","floor":18},{"not_picked":["Sweeping Beam"],"picked":"SKIP","floor":19},{"not_picked":["Go for the Eyes"],"picked":"SKIP","floor":21},{"not_picked":[],"picked":"Barrage+1","floor":22},{"not_picked":["Streamline"],"picked":"SKIP","floor":23}],"player_experience":599353,"relics_obtained":[{"floor":6.0,"key":"Boot"},{"floor":8.0,"key":"Toxic Egg 2"},{"floor":9.0,"key":"Ornamental Fan"},{"floor":11.0,"key":"Mercury Hourglass"},{"floor":12.0,"key":"Odd Mushroom"},{"floor":14.0,"key":"Strawberry"},{"floor":23,"key":"Art of War"}],"event_choices":[{"damage_healed":0.0,"max_hp_gain":0.0,"max_hp_loss":0.0,"gold_gain":0.0,"event_name":"Upgrade Shrine","player_choice":"Upgraded","floor":2.0,"gold_loss":0.0,"damage_taken":0.0,"cards_upgraded":["Dualcast"]},{"damage_healed":0.0,"max_hp_gain":0.0,"max_hp_loss":0.0,"gold_gain":0.0,"event_name":"Mushrooms","player_choice":"Fought Mushrooms","floor":12.0,"gold_loss":0.0,"damage_taken":0.0},{"damage_healed":0.0,"max_hp_gain":0.0,"max_hp_loss":6.0,"gold_gain":0.0,"event_name":"Golden Idol","player_choice":"Lose Max HP","floor":13.0,"gold_loss":0.0,"damage_taken":0.0,"relics_obtained":["Golden Idol"]},{"damage_healed":0,"gold_gain":0,"player_choice":"Read","damage_taken":0,"max_hp_gain":0,"max_hp_loss":0,"event_name":"The Library","floor":20,"gold_loss":0,"cards_obtained":["Self Repair"]}],"is_beta":false,"boss_relics":[{"not_picked":["Eternal Feather","Runic Pyramid"],"picked":"Coffee Dripper"}],"items_purged_floors":[],"is_endless":false,"potions_floor_spawned":[3,5,6,8,11,18,22],"killed_by":"Book of Stabbing","ascension_level":5}