{"gold_per_floor":[109,259,272,272,289,319,11,11,11,11,37,51,51,68,68,142,142,157,157,157,177,195,195,223,223,250,267,267,267,267,294,294,366,366,380,393,153,167,167,195,195,228,253,271,319,337,237,249,249,249,249,249,249,28,59,59],"floor_reached":57,"playtime":5193,"items_purged":["Strike_B","Pain","Strike_B"],"score":2845,"play_id":"47ee20aa-a510-420b-96cf-3b53f62f7b38","local_time":"20190410221003","is_ascension_mode":true,"campfire_choices":[{"data":"Apotheosis","floor":8,"key":"SMITH"},{"floor":13,"key":"REST"},{"data":"Coolheaded","floor":15,"key":"SMITH"},{"floor":23,"key":"REST"},{"data":"Fission","floor":28,"key":"SMITH"},{"data":"Seek","floor":30,"key":"SMITH"},{"floor":32,"key":"REST"},{"floor":41,"key":"RECALL"},{"data":"Reboot","floor":49,"key":"SMITH"},{"floor":53,"key":"REST"}],"neow_cost":"NONE","seed_source_timestamp":85581060654005,"circlet_count":0,"master_deck":["AscendersBane","Defend_B","Defend_B","Defend_B","Defend_B","Zap","Dualcast","Ball Lightning","Coolheaded+1","Ball Lightning","Gash","Apotheosis+1","Defragment","Auto Shields","Defragment+1","Seek+1","Ball Lightning","Reboot+1","Fusion","Double Energy","Coolheaded","Machine Learning+1","Double Energy","Steam","Fission+1","Electrodynamics+1","Static Discharge+1","Coolheaded","Capacitor+1","Fusion","Defragment+1","Thunder Strike","Cold Snap+1","Defragment+1","Core Surge","Coolheaded","Reprogram","Go for the Eyes","Gash+1"],"relics":["Cracked Core","NeowsBlessing","Pantograph","Frozen Egg 2","Bird Faced Urn","Unceasing Top","Nuclear Battery","Prayer Wheel","Happy Flower","DataDisk","Emotion Chip","Cursed Key","Centennial Puzzle","Boot","FossilizedHelix","Orichalcum"],"potions_floor_usage":[11,12,16,31,50],"damage_taken":[{"damage":0,"enemies":"Small Slimes","floor":1,"turns":1},{"damage":0,"enemies":"2 Louse","floor":3,"turns":1},{"damage":0,"enemies":"Jaw Worm","floor":5,"turns":1},{"damage":28,"enemies":"Lagavulin","floor":6,"turns":6},{"damage":14,"enemies":"3 Sentries","floor":11,"turns":5},{"damage":9,"enemies":"Exordium Thugs","floor":12,"turns":3},{"damage":9,"enemies":"Blue Slaver","floor":14,"turns":3},{"damage":2,"enemies":"The Guardian","floor":16,"turns":8},{"damage":0,"enemies":"Spheric Guardian","floor":18,"turns":3},{"damage":0,"enemies":"Chosen","floor":21,"turns":3},{"damage":27,"enemies":"Shelled Parasite and Fungi","floor":22,"turns":5},{"damage":0,"enemies":"Gremlin Leader","floor":24,"turns":5},{"damage":0,"enemies":"Snecko","floor":27,"turns":4},{"damage":37,"enemies":"Slavers","floor":31,"turns":4},{"damage":14,"enemies":"Automaton","floor":33,"turns":8},{"damage":0,"enemies":"3 Darklings","floor":35,"turns":2},{"damage":0,"enemies":"3 Shapes","floor":36,"turns":2},{"damage":0,"enemies":"Maw","floor":38,"turns":5},{"damage":17,"enemies":"Reptomancer","floor":40,"turns":3},{"damage":0,"enemies":"Giant Head","floor":42,"turns":5},{"damage":7,"enemies":"3 Darklings","floor":44,"turns":2},{"damage":21,"enemies":"2 Orb Walkers","floor":45,"turns":2},{"damage":0,"enemies":"Jaw Worm Horde","floor":46,"turns":2},{"damage":0,"enemies":"Sphere and 2 Shapes","floor":48,"turns":3},{"damage":15,"enemies":"Time Eater","floor":50,"turns":10},{"damage":48,"enemies":"Awakened One","floor":51,"turns":10},{"damage":50,"enemies":"Shield and Spear","floor":55,"turns":3},{"damage":42,"enemies":"The Heart","floor":56,"turns":8}],"seed_played":"685775000834774338","potions_obtained":[{"floor":1,"key":"Fire Potion"},{"floor":11,"key":"Explosive Potion"},{"floor":14,"key":"Poison Potion"},{"floor":16,"key":"FearPotion"},{"floor":18,"key":"Dexterity Potion"},{"floor":21,"key":"Regen Potion"},{"floor":42,"key":"Explosive Potion"},{"floor":48,"key":"SkillPotion"}],"is_trial":false,"path_per_floor":["M","?","M","?","M","E","$","R","T","T","E","M","R","M","R","B",null,"M","?","?","M","M","R","E","?","T","M","R","?","R","E","R","B",null,"M","M","$","M","?","E","R","E","T","M","?","M","$","M","R","B","B",null,"R","$","E","B",null],"character_chosen":"DEFECT","items_purchased":["Apotheosis","Defragment","Auto Shields","Capacitor+1","Fusion","Reprogram","Go for the Eyes"],"campfire_rested":4,"item_purchase_floors":[7,7,7,37,37,54,54],"current_hp_per_floor":[64,64,64,64,64,36,36,36,36,36,24,19,40,35,35,62,69,71,71,71,71,44,65,71,71,71,71,71,51,51,32,54,62,73,76,76,76,76,76,64,64,76,76,76,57,65,65,73,73,61,30,65,76,76,30,29],"gold":59,"neow_bonus":"THREE_ENEMY_KILL","is_prod":false,"is_daily":false,"chose_seed":false,"campfire_upgraded":5,"win_rate":0,"timestamp":1554927003,"path_taken":["M","?","M","?","?","E","?","R","T","?","E","M","R","M","R","BOSS","M","?","?","?","M","R","E","?","T","M","R","?","R","E","R","BOSS","M","M","$","M","?","E","R","E","T","M","?","M","$","M","R","BOSS","BOSS","R","$","E","BOSS"],"build_version":"2019-01-23","purchased_purges":3,"victory":true,"max_hp_per_floor":[71,71,71,71,71,71,71,71,71,71,71,71,71,71,71,71,71,71,71,71,71,71,71,71,71,71,71,71,76,76,76,76,76,76,76,76,76,76,76,76,76,76,76,76,76,76,76,76,76,76,76,76,76,76,76,76],"card_choices":[{"not_picked":["Darkness","Conserve Battery"],"picked":"Ball Lightning","floor":1},{"not_picked":["Compile Driver","Conserve Battery"],"picked":"Coolheaded","floor":3},{"not_picked":["Storm","Aggregate"],"picked":"Ball Lightning","floor":5},{"not_picked":["Static Discharge","Amplify"],"picked":"Gash","floor":6},{"not_picked":["Gash","Go for the Eyes"],"picked":"Defragment+1","floor":11},{"not_picked":["Self Repair+1","Stack"],"picked":"Seek","floor":12},{"not_picked":["Steam Power","Loop+1"],"picked":"Ball Lightning","floor":14},{"not_picked":["Thunder Strike","Multi-Cast"],"picked":"Reboot","floor":16},{"not_picked":["Redo","Conserve Battery","Streamline"],"picked":"SKIP","floor":18},{"not_picked":["Reprogram","Go for the Eyes"],"picked":"Coolheaded","floor":21},{"not_picked":["Cold Snap","Rebound","Streamline"],"picked":"SKIP","floor":21},{"not_picked":["Barrage","Compile Driver"],"picked":"Machine Learning+1","floor":22},{"not_picked":["Compile Driver","Redo+1"],"picked":"Double Energy","floor":22},{"not_picked":["BootSequence","Gash"],"picked":"Steam","floor":24},{"not_picked":["Rip and Tear","Leap+1"],"picked":"Fission","floor":27},{"not_picked":["Compile Driver","Cold Snap","Auto Shields"],"picked":"SKIP","floor":27},{"not_picked":["Streamline+1","Steam","Rebound"],"picked":"SKIP","floor":31},{"not_picked":["Echo Form+1","Rainbow"],"picked":"Electrodynamics+1","floor":33},{"not_picked":["Hologram","Consume","Turbo+1"],"picked":"SKIP","floor":35},{"not_picked":["Hologram","Steam","Sunder+1"],"picked":"SKIP","floor":35},{"not_picked":["Rip and Tear+1","Compile Driver"],"picked":"Static Discharge+1","floor":36},{"not_picked":["Ball Lightning","Sunder"],"picked":"Coolheaded","floor":36},{"not_picked":["Stack","Cold Snap"],"picked":"Defragment+1","floor":38},{"not_picked":["Streamline","Cold Snap+1"],"picked":"Thunder Strike","floor":38},{"not_picked":["Beam Cell","Stack","Turbo+1"],"picked":"SKIP","floor":40},{"not_picked":["Genetic Algorithm","Leap"],"picked":"Cold Snap+1","floor":42},{"not_picked":["Glacier","Gash"],"picked":"Defragment+1","floor":44},{"not_picked":["Storm+1","Conserve Battery","Rip and Tear"],"picked":"SKIP","floor":44},{"not_picked":["Glacier","Sweeping Beam+1"],"picked":"Core Surge","floor":46},{"not_picked":["Steam Power","Glacier","Gash"],"picked":"SKIP","floor":46},{"not_picked":["Steam Power","Glacier","Gash"],"picked":"SKIP","floor":46},{"not_picked":["Go for the Eyes","Reprogram"],"picked":"Coolheaded","floor":48},{"not_picked":["Streamline","Darkness+1","Undo"],"picked":"SKIP","floor":48},{"not_picked":["Tempest+1","Beam Cell"],"picked":"Gash+1","floor":55}],"player_experience":2472491,"relics_obtained":[{"floor":6,"key":"Pantograph"},{"floor":9,"key":"Frozen Egg 2"},{"floor":10,"key":"Bird Faced Urn"},{"floor":11,"key":"Unceasing Top"},{"floor":24,"key":"Happy Flower"},{"floor":26,"key":"DataDisk"},{"floor":31,"key":"Emotion Chip"},{"floor":40,"key":"Centennial Puzzle"},{"floor":42,"key":"Boot"},{"floor":45,"key":"FossilizedHelix"},{"floor":55,"key":"Orichalcum"}],"event_choices":[{"damage_healed":0,"gold_gain":150,"player_choice":"AGREE","damage_taken":0,"max_hp_gain":0,"max_hp_loss":0,"event_name":"Liars Game","floor":2,"gold_loss":0,"cards_obtained":["Doubt"]},{"cards_removed":["Doubt"],"damage_healed":0,"gold_gain":0,"player_choice":"Forget","damage_taken":0,"max_hp_gain":0,"max_hp_loss":0,"event_name":"Living Wall","floor":4,"gold_loss":0},{"damage_healed":0,"gold_gain":0,"cards_transformed":["Strike_B","Strike_B"],"player_choice":"Became Test Subject","damage_taken":0,"max_hp_gain":0,"max_hp_loss":0,"event_name":"Drug Dealer","floor":19,"gold_loss":0,"cards_obtained":["Fusion","Double Energy"]},{"damage_healed":0,"gold_gain":0,"player_choice":"Gave Potion","damage_taken":0,"relics_obtained":["Prayer Wheel"],"max_hp_gain":0,"max_hp_loss":0,"event_name":"WeMeetAgain","floor":20,"gold_loss":0},{"damage_healed":0,"gold_gain":0,"player_choice":"Ignored","damage_taken":0,"max_hp_gain":0,"max_hp_loss":0,"event_name":"The Mausoleum","floor":25,"gold_loss":0},{"damage_healed":0,"gold_gain":0,"player_choice":"Shed Blood","damage_taken":25,"max_hp_gain":5,"max_hp_loss":0,"event_name":"Forgotten Altar","floor":29,"gold_loss":0},{"damage_healed":0,"gold_gain":0,"player_choice":"Memory 1","damage_taken":0,"max_hp_gain":0,"max_hp_loss":0,"event_name":"SensoryStone","floor":39,"gold_loss":0},{"damage_healed":0,"gold_gain":0,"player_choice":"Fight","damage_taken":0,"max_hp_gain":0,"max_hp_loss":0,"event_name":"Mysterious Sphere","floor":45,"gold_loss":0}],"is_beta":false,"boss_relics":[{"not_picked":["Lizard Tail","Orrery"],"picked":"Nuclear Battery"},{"not_picked":["Tiny House","Astrolabe"],"picked":"Cursed Key"}],"items_purged_floors":[37,47,54],"is_endless":false,"potions_floor_spawned":[1,11,14,16,18,21,22,42,44,46,48],"ascension_level":20}