{"gold_per_floor":[117,134,134,284,31,31,31,59,108,135,135,150,178,198,198,273,273,286,321,321,340,440,440,465,465,465,281,294,294,309,326,326,397,397,412,425,445,177,177,177,204,54,78,133,133,166,116,126,126,126,126,126,126,126,152,152],"floor_reached":57,"playtime":3543,"items_purged":["Doubt","Strike_G","Strike_G","Strike_G"],"score":2767,"play_id":"55522802-09cd-415c-9f21-199ce97e2873","local_time":"20190203091240","is_ascension_mode":true,"campfire_choices":[{"data":"Catalyst","floor":6.0,"key":"SMITH"},{"data":"Noxious Fumes","floor":11.0,"key":"SMITH"},{"data":"Neutralize","floor":15.0,"key":"SMITH"},{"data":"Corpse Explosion","floor":23.0,"key":"SMITH"},{"data":"Deadly Poison","floor":25.0,"key":"SMITH"},{"data":"Catalyst","floor":32.0,"key":"SMITH"},{"data":"Deadly Poison","floor":40.0,"key":"SMITH"},{"floor":45.0,"key":"RECALL"},{"data":"Ghostly","floor":49.0,"key":"SMITH"},{"data":"Well Laid Plans","floor":53.0,"key":"SMITH"}],"neow_cost":"PERCENT_DAMAGE","seed_source_timestamp":0,"circlet_count":0,"master_deck":["AscendersBane","Defend_G","Defend_G","Defend_G","Defend_G","Defend_G","Survivor","Neutralize+1","Footwork","Deadly Poison+1","Catalyst+1","Noxious Fumes+1","Acrobatics","PiercingWail","Footwork","Deadly Poison+1","Corpse Explosion+1","Ghostly+1","Ghostly+1","Ghostly","Catalyst+1","After Image","Well Laid Plans+1","Backflip","PiercingWail"],"special_seed":0,"relics":["Ring of the Snake","Mango","Meat on the Bone","Bag of Preparation","Orichalcum","PreservedInsect","Busted Crown","Red Mask","The Specimen","Ornamental Fan","Matryoshka","Blood Vial","Eternal Feather","Unceasing Top","Anchor","Bottled Flame","Prayer Wheel","Lantern","Vajra"],"potions_floor_usage":[],"damage_taken":[{"damage":1.0,"enemies":"Cultist","floor":1.0,"turns":5.0},{"damage":0.0,"enemies":"2 Louse","floor":2.0,"turns":4.0},{"damage":15.0,"enemies":"Lagavulin","floor":8.0,"turns":9.0},{"damage":27.0,"enemies":"Gremlin Nob","floor":10.0,"turns":4.0},{"damage":0.0,"enemies":"Small Slimes","floor":12.0,"turns":4.0},{"damage":7.0,"enemies":"3 Sentries","floor":13.0,"turns":7.0},{"damage":1.0,"enemies":"Red Slaver","floor":14.0,"turns":5.0},{"damage":11.0,"enemies":"Hexaghost","floor":16.0,"turns":7.0},{"damage":0.0,"enemies":"3 Byrds","floor":18.0,"turns":3.0},{"damage":15.0,"enemies":"Masked Bandits","floor":19.0,"turns":3.0},{"damage":4.0,"enemies":"Shell Parasite","floor":21.0,"turns":3.0},{"damage":0.0,"enemies":"Colosseum Slavers","floor":22.0,"turns":4.0},{"damage":1.0,"enemies":"Colosseum Nobs","floor":22.0,"turns":3.0},{"damage":6.0,"enemies":"Gremlin Leader","floor":24.0,"turns":4.0},{"damage":12.0,"enemies":"Cultist and Chosen","floor":28.0,"turns":5.0},{"damage":5.0,"enemies":"Chosen and Byrds","floor":30.0,"turns":4.0},{"damage":11.0,"enemies":"Snecko","floor":31.0,"turns":7.0},{"damage":6.0,"enemies":"Automaton","floor":33.0,"turns":6.0},{"damage":1.0,"enemies":"Orb Walker","floor":35.0,"turns":2.0},{"damage":0.0,"enemies":"3 Darklings","floor":36.0,"turns":2.0},{"damage":0.0,"enemies":"Transient","floor":37.0,"turns":6.0},{"damage":25.0,"enemies":"Nemesis","floor":41.0,"turns":7.0},{"damage":0.0,"enemies":"2 Orb Walkers","floor":44.0,"turns":5.0},{"damage":0.0,"enemies":"Giant Head","floor":46.0,"turns":5.0},{"damage":0.0,"enemies":"Writhing Mass","floor":48.0,"turns":3.0},{"damage":15.0,"enemies":"Donu and Deca","floor":50.0,"turns":5.0},{"damage":14.0,"enemies":"Time Eater","floor":51.0,"turns":7.0},{"damage":0.0,"enemies":"Shield and Spear","floor":55.0,"turns":5.0},{"damage":21,"enemies":"The Heart","floor":56,"turns":9}],"seed_played":"7481965292095015736","potions_obtained":[{"floor":12.0,"key":"AttackPotion"},{"floor":13.0,"key":"Poison Potion"},{"floor":16.0,"key":"GamblersBrew"},{"floor":18.0,"key":"Block Potion"},{"floor":22.0,"key":"Strength Potion"},{"floor":36.0,"key":"Energy Potion"}],"is_trial":false,"path_per_floor":["M","M","?","?","$","R","?","E","T","E","R","M","E","M","R","B",null,"M","?","?","M","?","R","E","R","T","$","M","?","M","M","R","B",null,"M","M","M","$","?","R","E","$","T","?","R","E","$","M","R","B","B",null,"R","$","E","B",null],"character_chosen":"THE_SILENT","items_purchased":["Catalyst","Noxious Fumes","GhostInAJar","Well Laid Plans","Backflip","PiercingWail"],"campfire_rested":0,"item_purchase_floors":[5,5,27,38,38,47],"current_hp_per_floor":[57,57,50,50,50,50,50,35,35,20,20,32,37,48,48,49,72,72,57,40,36,35,35,29,29,29,29,31,31,28,31,31,27,37,38,40,40,40,40,40,27,27,27,29,40,40,40,40,40,25,25,36,40,40,40,31],"gold":152,"neow_bonus":"ONE_RARE_RELIC","is_prod":false,"is_daily":false,"chose_seed":true,"campfire_upgraded":9,"win_rate":0,"timestamp":1549181560,"path_taken":["M","M","?","?","$","R","?","E","T","E","R","M","E","?","R","BOSS","M","?","?","M","?","R","E","R","T","$","M","?","M","M","R","BOSS","M","?","M","$","?","R","E","?","T","?","R","E","$","M","R","BOSS","BOSS","R","$","E","BOSS"],"build_version":"2019-01-23","purchased_purges":4,"victory":true,"max_hp_per_floor":[80,80,80,80,80,80,80,80,80,80,80,80,80,80,80,80,80,80,80,40,40,40,40,40,40,40,40,40,40,40,40,40,40,40,40,40,40,40,40,40,40,40,40,40,40,40,40,40,40,40,40,40,40,40,40,40],"card_choices":[{"not_picked":["Bane","All Out Attack"],"picked":"Footwork","floor":1.0},{"not_picked":["Dagger Spray","Deflect"],"picked":"Deadly Poison","floor":2.0},{"not_picked":["Endless Agony","Unload"],"picked":"Acrobatics","floor":8.0},{"not_picked":["Accuracy","Underhanded Strike","Tools of the Trade"],"picked":"SKIP","floor":10.0},{"not_picked":["Distraction","Masterful Stab"],"picked":"PiercingWail","floor":12.0},{"not_picked":["Dagger Throw","Calculated Gamble"],"picked":"Footwork","floor":13.0},{"not_picked":["Eviscerate","Acrobatics"],"picked":"Deadly Poison","floor":14.0},{"not_picked":["Tools of the Trade","Doppelganger"],"picked":"Corpse Explosion","floor":16.0},{"not_picked":["Bane"],"picked":"SKIP","floor":18.0},{"not_picked":["Masterful Stab"],"picked":"SKIP","floor":21.0},{"not_picked":["Concentrate"],"picked":"SKIP","floor":24.0},{"not_picked":[],"picked":"Catalyst","floor":28.0},{"not_picked":["Accuracy"],"picked":"SKIP","floor":30.0},{"not_picked":["Finisher"],"picked":"SKIP","floor":31.0},{"not_picked":["Calculated Gamble"],"picked":"SKIP","floor":35.0},{"not_picked":["Blur"],"picked":"SKIP","floor":36.0},{"not_picked":["Bouncing Flask"],"picked":"SKIP","floor":37.0},{"not_picked":["Dagger Spray"],"picked":"SKIP","floor":41.0},{"not_picked":["Dagger Spray"],"picked":"SKIP","floor":46.0},{"not_picked":["Skewer"],"picked":"SKIP","floor":48.0},{"not_picked":["Blade Dance"],"picked":"SKIP","floor":48.0},{"not_picked":["Finisher"],"picked":"SKIP","floor":55.0}],"player_experience":1184799,"relics_obtained":[{"floor":8.0,"key":"Meat on the Bone"},{"floor":9.0,"key":"Bag of Preparation"},{"floor":10.0,"key":"Orichalcum"},{"floor":13.0,"key":"PreservedInsect"},{"floor":19.0,"key":"Red Mask"},{"floor":22.0,"key":"The Specimen"},{"floor":22.0,"key":"Ornamental Fan"},{"floor":24.0,"key":"Matryoshka"},{"floor":26.0,"key":"Blood Vial"},{"floor":41.0,"key":"Unceasing Top"},{"floor":43.0,"key":"Anchor"},{"floor":43.0,"key":"Bottled Flame"},{"floor":44.0,"key":"Prayer Wheel"},{"floor":46.0,"key":"Lantern"},{"floor":55.0,"key":"Vajra"}],"event_choices":[{"cards_removed":["Strike_G"],"damage_healed":0.0,"max_hp_gain":0.0,"max_hp_loss":0.0,"gold_gain":0.0,"event_name":"Golden Wing","player_choice":"Card Removal","floor":3.0,"gold_loss":0.0,"damage_taken":7.0},{"damage_healed":0.0,"max_hp_gain":0.0,"max_hp_loss":0.0,"gold_gain":150.0,"event_name":"Liars Game","player_choice":"AGREE","floor":4.0,"gold_loss":0.0,"damage_taken":0.0,"cards_obtained":["Doubt"]},{"cards_removed":["Strike_G"],"damage_healed":0.0,"max_hp_gain":0.0,"max_hp_loss":0.0,"gold_gain":0.0,"event_name":"Purifier","player_choice":"Purged","floor":7.0,"gold_loss":0.0,"damage_taken":0.0},{"damage_healed":0.0,"max_hp_gain":0.0,"max_hp_loss":0.0,"gold_gain":0.0,"event_name":"Masked Bandits","player_choice":"Fought Bandits","floor":19.0,"gold_loss":0.0,"damage_taken":0.0},{"damage_healed":0.0,"max_hp_gain":0.0,"max_hp_loss":40.0,"gold_gain":0.0,"event_name":"Ghosts","player_choice":"Became a Ghost","floor":20.0,"gold_loss":0.0,"damage_taken":0.0,"cards_obtained":["Ghostly","Ghostly","Ghostly"]},{"damage_healed":0.0,"max_hp_gain":0.0,"max_hp_loss":0.0,"gold_gain":0.0,"event_name":"Colosseum","player_choice":"Fight","floor":22.0,"gold_loss":0.0,"damage_taken":0.0},{"damage_healed":0.0,"max_hp_gain":0.0,"max_hp_loss":0.0,"gold_gain":0.0,"event_name":"Colosseum","player_choice":"Fought Nobs","floor":22.0,"gold_loss":0.0,"damage_taken":0.0},{"damage_healed":0.0,"max_hp_gain":0.0,"max_hp_loss":0.0,"gold_gain":0.0,"event_name":"Match and Keep!","player_choice":"1 cards matched","floor":29.0,"gold_loss":0.0,"damage_taken":0.0,"cards_obtained":["After Image"]},{"damage_healed":0.0,"max_hp_gain":0.0,"max_hp_loss":0.0,"gold_gain":0.0,"event_name":"Accursed Blacksmith","player_choice":"Forge","floor":39.0,"gold_loss":0.0,"damage_taken":0.0,"cards_upgraded":["Ghostly"]},{"damage_healed":0.0,"max_hp_gain":0.0,"max_hp_loss":0.0,"gold_gain":0.0,"event_name":"Mysterious Sphere","player_choice":"Fight","floor":44.0,"gold_loss":0.0,"damage_taken":0.0}],"is_beta":true,"boss_relics":[{"not_picked":["Orrery","HoveringKite"],"picked":"Busted Crown"},{"not_picked":["White Beast Statue","Calling Bell"],"picked":"Eternal Feather"}],"items_purged_floors":[5,27,38,42],"is_endless":false,"potions_floor_spawned":[12,13,16,18,22,28,30,36,41,44,55],"ascension_level":20}