{"gold_per_floor":[118,133,133,143,143,143,177,327,327,327,327,343,357,377,377,449,449,460,460],"floor_reached":19,"playtime":992,"items_purged":[],"score":304,"play_id":"782bdefe-b0b5-457c-804f-82cb9f30a067","local_time":"20190406123150","is_ascension_mode":true,"campfire_choices":[{"data":"Neutralize","floor":6.0,"key":"SMITH"},{"floor":11.0,"key":"REST"},{"data":"Cloak And Dagger","floor":15.0,"key":"SMITH"}],"neow_cost":"NONE","seed_source_timestamp":48799696023471,"circlet_count":0,"master_deck":["AscendersBane","Defend_G","Defend_G","Defend_G","Defend_G","Defend_G","Strike_G","Strike_G","Strike_G","Strike_G","Strike_G","Survivor","Neutralize+1","Quick Slash","Cloak And Dagger+1","Regret","Cloak And Dagger","Accuracy+1","Doubt","After Image+1","Quick Slash","After Image+1","Adrenaline","Deflect"],"special_seed":0,"relics":["Ring of the Snake","Frozen Egg 2","Smiling Mask","Bag of Preparation","Blood Vial","Dodecahedron","Black Star"],"potions_floor_usage":[19],"damage_taken":[{"damage":1.0,"enemies":"Jaw Worm","floor":1.0,"turns":5.0},{"damage":0.0,"enemies":"2 Louse","floor":2.0,"turns":3.0},{"damage":4.0,"enemies":"Small Slimes","floor":4.0,"turns":4.0},{"damage":19.0,"enemies":"Lagavulin","floor":7.0,"turns":9.0},{"damage":0.0,"enemies":"Exordium Wildlife","floor":12.0,"turns":3.0},{"damage":16.0,"enemies":"Gremlin Gang","floor":13.0,"turns":6.0},{"damage":4.0,"enemies":"Blue Slaver","floor":14.0,"turns":5.0},{"damage":27.0,"enemies":"Slime Boss","floor":16.0,"turns":12.0},{"damage":0.0,"enemies":"Chosen","floor":18.0,"turns":6.0},{"damage":77,"enemies":"Masked Bandits","floor":19,"turns":5}],"seed_played":"6169135942148705001","potions_obtained":[{"floor":4.0,"key":"PowerPotion"},{"floor":7.0,"key":"Poison Potion"},{"floor":12.0,"key":"Regen Potion"},{"floor":13.0,"key":"Poison Potion"},{"floor":14.0,"key":"PowerPotion"},{"floor":18.0,"key":"SpeedPotion"}],"is_trial":false,"path_per_floor":["M","M","?","M","?","R","E","?","T","?","R","M","M","M","R","B",null,"M","?"],"character_chosen":"THE_SILENT","items_purchased":[],"campfire_rested":1,"item_purchase_floors":[],"current_hp_per_floor":[64,64,64,60,55,55,36,36,36,36,57,59,60,58,58,33,62,64,0],"gold":460,"neow_bonus":"TEN_PERCENT_HP_BONUS","is_prod":false,"is_daily":false,"chose_seed":false,"campfire_upgraded":2,"win_rate":0,"timestamp":1554579110,"path_taken":["M","M","?","M","?","R","E","?","T","?","R","?","?","M","R","BOSS","M","?"],"build_version":"2019-01-23","purchased_purges":0,"victory":false,"max_hp_per_floor":[72,72,72,72,72,72,72,72,72,72,72,72,72,72,72,72,72,72,72],"card_choices":[{"not_picked":["Bane","Caltrops"],"picked":"Quick Slash","floor":1.0},{"not_picked":["Infinite Blades","Blade Dance"],"picked":"Cloak And Dagger","floor":2.0},{"not_picked":["Tactician","Skewer"],"picked":"Cloak And Dagger","floor":4.0},{"not_picked":["Leg Sweep","Quick Slash"],"picked":"Accuracy+1","floor":7.0},{"not_picked":["Eviscerate","Slice"],"picked":"After Image+1","floor":12.0},{"not_picked":["Sucker Punch","Prepared"],"picked":"Quick Slash","floor":13.0},{"not_picked":["Outmaneuver","Slice"],"picked":"After Image+1","floor":14.0},{"not_picked":["Wraith Form v2+1","Bullet Time"],"picked":"Adrenaline","floor":16.0},{"not_picked":["Deadly Poison","Tactician"],"picked":"Deflect","floor":18.0}],"player_experience":683586,"relics_obtained":[{"floor":7.0,"key":"Bag of Preparation"},{"floor":9.0,"key":"Blood Vial"}],"event_choices":[{"damage_healed":0.0,"max_hp_gain":0.0,"max_hp_loss":0.0,"gold_gain":0.0,"event_name":"Big Fish","player_choice":"Box","floor":3.0,"gold_loss":0.0,"damage_taken":0.0,"relics_obtained":["Frozen Egg 2"],"cards_obtained":["Regret"]},{"damage_healed":0.0,"max_hp_gain":0.0,"max_hp_loss":0.0,"gold_gain":0.0,"event_name":"Scrap Ooze","player_choice":"Success","floor":5.0,"gold_loss":0.0,"damage_taken":5.0,"relics_obtained":["Smiling Mask"]},{"damage_healed":0.0,"max_hp_gain":0.0,"max_hp_loss":0.0,"gold_gain":150.0,"event_name":"Liars Game","player_choice":"AGREE","floor":8.0,"gold_loss":0.0,"damage_taken":0.0,"cards_obtained":["Doubt"]},{"damage_healed":0.0,"max_hp_gain":0.0,"max_hp_loss":0.0,"gold_gain":0.0,"event_name":"Dead Adventurer","player_choice":"Searched \u00271\u0027 times","floor":10.0,"gold_loss":0.0,"damage_taken":0.0,"relics_obtained":["Dodecahedron"]},{"damage_healed":0,"gold_gain":0,"player_choice":"Fought Bandits","damage_taken":0,"max_hp_gain":0,"max_hp_loss":0,"event_name":"Masked Bandits","floor":19,"gold_loss":0}],"is_beta":false,"boss_relics":[{"not_picked":["Eternal Feather","Snecko Eye"],"picked":"Black Star"}],"items_purged_floors":[],"is_endless":false,"potions_floor_spawned":[4,7,12,13,14,18],"killed_by":"Masked Bandits","ascension_level":16}