{"gold_per_floor":[109,126,144,69,69,83,83,109,109,123,123,123,123],"floor_reached":13,"playtime":16096,"items_purged":[],"score":170,"play_id":"6aae9ca0-24a9-426c-9e4e-c9aeacdf7e81","local_time":"20190407205328","is_ascension_mode":true,"campfire_choices":[{"data":"Zap","floor":7.0,"key":"SMITH"},{"floor":11.0,"key":"REST"}],"neow_cost":"NONE","seed_source_timestamp":332735489527051,"circlet_count":0,"master_deck":["AscendersBane","Strike_B+1","Strike_B","Strike_B","Defend_B","Defend_B","Defend_B","Defend_B+1","Zap+1","Dualcast","Glacier","Recycle+1","Blizzard","FTL","Hyperbeam","Coolheaded"],"special_seed":0,"relics":["Philosopher\u0027s Stone","Boot","Darkstone Periapt"],"potions_floor_usage":[13],"damage_taken":[{"damage":1.0,"enemies":"2 Louse","floor":1.0,"turns":3.0},{"damage":0.0,"enemies":"Small Slimes","floor":2.0,"turns":5.0},{"damage":3.0,"enemies":"Cultist","floor":3.0,"turns":5.0},{"damage":14.0,"enemies":"2 Fungi Beasts","floor":6.0,"turns":5.0},{"damage":26.0,"enemies":"3 Sentries","floor":8.0,"turns":11.0},{"damage":0.0,"enemies":"Blue Slaver","floor":10.0,"turns":3.0},{"damage":26,"enemies":"Gremlin Nob","floor":13,"turns":3}],"seed_played":"-9075558886029848764","potions_obtained":[{"floor":3.0,"key":"LiquidBronze"},{"floor":8.0,"key":"SteroidPotion"}],"is_trial":false,"path_per_floor":["M","M","M","?","?","M","R","E","T","M","R","?","E"],"character_chosen":"DEFECT","items_purchased":[],"campfire_rested":1,"item_purchase_floors":[],"current_hp_per_floor":[63,63,60,60,60,46,46,20,20,20,41,20,0],"gold":123,"neow_bonus":"BOSS_RELIC","is_prod":false,"is_daily":false,"chose_seed":false,"campfire_upgraded":1,"win_rate":0,"timestamp":1554663208,"path_taken":["M","M","M","?","?","M","R","E","T","M","R","?","E"],"build_version":"2019-01-23","purchased_purges":0,"victory":false,"max_hp_per_floor":[71,71,71,71,71,71,71,71,71,71,71,71,71],"card_choices":[{"not_picked":["Sweeping Beam","Storm"],"picked":"Glacier","floor":1.0},{"not_picked":["Static Discharge","Undo"],"picked":"Recycle","floor":2.0},{"not_picked":["Redo","Coolheaded"],"picked":"Blizzard","floor":3.0},{"not_picked":["Self Repair","Redo"],"picked":"FTL","floor":6.0},{"not_picked":["Turbo","Compile Driver"],"picked":"Hyperbeam","floor":8.0},{"not_picked":["Sunder","Tempest"],"picked":"Coolheaded","floor":10.0}],"player_experience":2429676,"relics_obtained":[{"floor":8.0,"key":"Boot"},{"floor":9.0,"key":"Darkstone Periapt"}],"event_choices":[{"cards_removed":["Strike_B"],"damage_healed":0.0,"max_hp_gain":0.0,"max_hp_loss":0.0,"gold_gain":0.0,"event_name":"The Cleric","player_choice":"Card Removal","floor":4.0,"gold_loss":75.0,"damage_taken":0.0},{"damage_healed":0.0,"max_hp_gain":0.0,"max_hp_loss":0.0,"gold_gain":0.0,"event_name":"Living Wall","player_choice":"Grow","floor":5.0,"gold_loss":0.0,"damage_taken":0.0,"cards_upgraded":["Recycle"]},{"damage_healed":0.0,"max_hp_gain":0.0,"max_hp_loss":0.0,"gold_gain":0.0,"event_name":"Shining Light","player_choice":"Entered Light","floor":12.0,"gold_loss":0.0,"damage_taken":21.0,"cards_upgraded":["Strike_B","Defend_B"]}],"is_beta":false,"boss_relics":[],"items_purged_floors":[],"is_endless":false,"potions_floor_spawned":[3,8],"killed_by":"Gremlin Nob","ascension_level":20}