{"gold_per_floor":[116,4,18,37,57,91,91,91,117,117,145,157,157,167,167,243,243,253,303,203,214,232,261,261],"floor_reached":24,"playtime":1944,"items_purged":["Shame","Strike_R"],"score":456,"play_id":"82ae9a77-2da0-44ef-89c5-b97f6a0432b8","local_time":"20190424213006","is_ascension_mode":true,"campfire_choices":[{"data":"Bash","floor":7.0,"key":"SMITH"},{"floor":15.0,"key":"REST"}],"neow_cost":"CURSE","seed_source_timestamp":1296033522666134,"circlet_count":0,"master_deck":["AscendersBane","Strike_R","Strike_R","Strike_R+1","Strike_R","Defend_R","Defend_R","Defend_R","Defend_R","Bash+1","Battle Trance","Ghostly Armor","Thunderclap+1","Carnage","Feel No Pain","Seeing Red","Carnage+1","Feel No Pain","Reaper","Impervious","Disarm","Shrug It Off","Intimidate","Battle Trance"],"special_seed":0,"relics":["Burning Blood","Dead Branch","Regal Pillow","Ancient Tea Set","Red Skull","Orrery","Centennial Puzzle"],"potions_floor_usage":[],"damage_taken":[{"damage":11.0,"enemies":"Cultist","floor":1.0,"turns":4.0},{"damage":8.0,"enemies":"Small Slimes","floor":3.0,"turns":3.0},{"damage":7.0,"enemies":"Jaw Worm","floor":4.0,"turns":3.0},{"damage":0.0,"enemies":"3 Louse","floor":5.0,"turns":3.0},{"damage":3.0,"enemies":"3 Sentries","floor":6.0,"turns":9.0},{"damage":26.0,"enemies":"Lagavulin","floor":11.0,"turns":4.0},{"damage":13.0,"enemies":"Exordium Thugs","floor":12.0,"turns":6.0},{"damage":7.0,"enemies":"Large Slime","floor":14.0,"turns":2.0},{"damage":34.0,"enemies":"The Guardian","floor":16.0,"turns":13.0},{"damage":15.0,"enemies":"2 Thieves","floor":18.0,"turns":4.0},{"damage":23.0,"enemies":"Shell Parasite","floor":21.0,"turns":7.0},{"damage":28,"enemies":"Snake Plant","floor":22,"turns":6},{"damage":16,"enemies":"Book of Stabbing","floor":23,"turns":7},{"damage":47,"enemies":"Shelled Parasite and Fungi","floor":24,"turns":7}],"seed_played":"-5665834782039123935","potions_obtained":[{"floor":3.0,"key":"BloodPotion"},{"floor":4.0,"key":"SkillPotion"},{"floor":5.0,"key":"Poison Potion"},{"floor":6.0,"key":"PowerPotion"},{"floor":14.0,"key":"AttackPotion"},{"floor":18.0,"key":"Swift Potion"}],"is_trial":false,"path_per_floor":["M","$","M","M","M","E","R","$","T","?","E","M","?","M","R","B",null,"M","?","$","M","M","E","M"],"character_chosen":"IRONCLAD","items_purchased":["Ghostly Armor"],"campfire_rested":1,"item_purchase_floors":[2],"current_hp_per_floor":[63,63,61,60,66,69,69,69,69,46,26,19,19,18,55,27,63,62,62,62,54,34,24,0],"gold":261,"neow_bonus":"ONE_RARE_RELIC","is_prod":false,"is_daily":false,"chose_seed":false,"campfire_upgraded":1,"win_rate":0,"timestamp":1556134206,"path_taken":["M","$","M","M","?","E","R","$","T","?","E","M","?","M","R","BOSS","M","?","$","M","M","E","M"],"build_version":"2019-01-23","purchased_purges":2,"victory":false,"max_hp_per_floor":[75,75,75,75,75,75,75,75,75,75,75,75,75,75,75,75,75,75,75,75,75,75,75,75],"card_choices":[{"not_picked":["Perfected Strike","Wild Strike"],"picked":"Battle Trance","floor":1.0},{"not_picked":["Body Slam","True Grit"],"picked":"Thunderclap","floor":3.0},{"not_picked":["Burning Pact","Second Wind"],"picked":"Carnage","floor":4.0},{"not_picked":["Iron Wave","Body Slam"],"picked":"Feel No Pain","floor":5.0},{"not_picked":["Disarm","Shrug It Off"],"picked":"Seeing Red","floor":6.0},{"not_picked":["Searing Blow","Reckless Charge","Wild Strike"],"picked":"SKIP","floor":11.0},{"not_picked":["Twin Strike","Shrug It Off"],"picked":"Carnage","floor":12.0},{"not_picked":["Perfected Strike","Iron Wave"],"picked":"Feel No Pain","floor":14.0},{"not_picked":["Brutality","Bludgeon"],"picked":"Reaper","floor":16.0},{"not_picked":["Body Slam","Burning Pact"],"picked":"Impervious","floor":17.0},{"not_picked":["Headbutt","Carnage"],"picked":"Disarm","floor":17.0},{"not_picked":["Fire Breathing","Searing Blow"],"picked":"Shrug It Off","floor":17.0},{"not_picked":["Flex","Perfected Strike","Rage"],"picked":"SKIP","floor":18.0},{"not_picked":["Clash","Iron Wave"],"picked":"Intimidate","floor":21.0},{"not_picked":["Flex","Metallicize","Armaments"],"picked":"SKIP","floor":22},{"not_picked":["Shockwave","Cleave"],"picked":"Battle Trance","floor":23}],"player_experience":2568646,"relics_obtained":[{"floor":6.0,"key":"Regal Pillow"},{"floor":9.0,"key":"Ancient Tea Set"},{"floor":11.0,"key":"Red Skull"},{"floor":23,"key":"Centennial Puzzle"}],"event_choices":[{"damage_healed":0.0,"max_hp_gain":0.0,"max_hp_loss":0.0,"gold_gain":0.0,"event_name":"Shining Light","player_choice":"Entered Light","floor":10.0,"gold_loss":0.0,"damage_taken":23.0,"cards_upgraded":["Thunderclap","Strike_R"]},{"damage_healed":0.0,"max_hp_gain":0.0,"max_hp_loss":0.0,"gold_gain":0.0,"event_name":"Upgrade Shrine","player_choice":"Upgraded","floor":13.0,"gold_loss":0.0,"damage_taken":0.0,"cards_upgraded":["Carnage"]},{"damage_healed":0.0,"max_hp_gain":0.0,"max_hp_loss":0.0,"gold_gain":50.0,"event_name":"Nest","player_choice":"Stole From Cult","floor":19.0,"gold_loss":0.0,"damage_taken":0.0}],"is_beta":false,"boss_relics":[{"not_picked":["Coffee Dripper","Velvet Choker"],"picked":"Orrery"}],"items_purged_floors":[2,20],"is_endless":false,"potions_floor_spawned":[3,4,5,6,14,18],"killed_by":"Shelled Parasite and Fungi","ascension_level":20}