{"gold_per_floor":[111,111,125,144,156,156,184,184,184,196,231,243,54,74,74,147,147,147,87,12,12,12,12,12,12,12,12,12,12,12,12,12,12],"floor_reached":33,"playtime":1704,"items_purged":["Strike_R"],"score":558,"play_id":"dbe53e66-a1be-4ca4-8338-4c631950b552","local_time":"20190414211840","is_ascension_mode":true,"campfire_choices":[{"data":"Clothesline","floor":6.0,"key":"SMITH"},{"data":"Armaments","floor":8.0,"key":"SMITH"},{"floor":15,"key":"REST"},{"floor":25,"key":"REST"},{"data":"Disarm","floor":28,"key":"SMITH"},{"data":"Ghostly","floor":32,"key":"SMITH"}],"neow_cost":"NONE","seed_source_timestamp":431587889983885,"circlet_count":0,"master_deck":["AscendersBane","Strike_R","Strike_R","Strike_R","Strike_R","Defend_R","Defend_R","Defend_R","Defend_R","Bash+1","Twin Strike","Clothesline+1","Thunderclap","Armaments+1","Inflame","Shrug It Off","Disarm+1","Sword Boomerang","Inflame","Feed","Headbutt","Reaper","Metallicize","Thunderclap+1","Pommel Strike+1","Ghostly+1","Ghostly","Ghostly"],"special_seed":0,"relics":["Burning Blood","Lantern","Strawberry","Oddly Smooth Stone","Blue Candle","Vajra","Ectoplasm","Letter Opener"],"potions_floor_usage":[14,19,23,30,33],"damage_taken":[{"damage":9.0,"enemies":"2 Louse","floor":1.0,"turns":3.0},{"damage":0.0,"enemies":"Cultist","floor":3.0,"turns":3.0},{"damage":1.0,"enemies":"Small Slimes","floor":4.0,"turns":3.0},{"damage":6.0,"enemies":"2 Fungi Beasts","floor":5.0,"turns":4.0},{"damage":30.0,"enemies":"Lagavulin","floor":7.0,"turns":5.0},{"damage":0.0,"enemies":"Red Slaver","floor":10.0,"turns":4.0},{"damage":21,"enemies":"Gremlin Nob","floor":11,"turns":4},{"damage":2,"enemies":"Looter","floor":12,"turns":3},{"damage":24,"enemies":"Exordium Thugs","floor":14,"turns":4},{"damage":18,"enemies":"Hexaghost","floor":16,"turns":9},{"damage":0,"enemies":"Chosen","floor":18,"turns":3},{"damage":15,"enemies":"2 Thieves","floor":19,"turns":4},{"damage":18,"enemies":"Snecko","floor":21,"turns":5},{"damage":62,"enemies":"Slavers","floor":23,"turns":6},{"damage":34,"enemies":"3 Cultists","floor":29,"turns":5},{"damage":41,"enemies":"Shelled Parasite and Fungi","floor":30,"turns":6},{"damage":75,"enemies":"Champ","floor":33,"turns":14}],"seed_played":"7486347604731478896","potions_obtained":[{"floor":3.0,"key":"AttackPotion"},{"floor":7.0,"key":"Explosive Potion"},{"floor":14,"key":"Fire Potion"},{"floor":16,"key":"BloodPotion"},{"floor":29,"key":"Regen Potion"},{"floor":30,"key":"Dexterity Potion"}],"is_trial":false,"path_per_floor":["M","?","M","M","M","R","E","R","T","M","E","M","$","M","R","B",null,"M","M","$","M","?","E","?","R","T","?","R","M","M","?","R","B"],"character_chosen":"IRONCLAD","items_purchased":["Vajra","Sword Boomerang"],"campfire_rested":2,"item_purchase_floors":[13,13],"current_hp_per_floor":[65,65,71,75,75,75,58,58,58,64,49,53,53,35,59,47,73,83,77,77,68,68,37,37,65,65,65,65,49,32,32,32,0],"gold":12,"neow_bonus":"RANDOM_COMMON_RELIC","is_prod":false,"is_daily":false,"chose_seed":false,"campfire_upgraded":4,"win_rate":0,"timestamp":1555269520,"path_taken":["M","?","M","M","M","R","E","R","T","M","E","M","$","?","R","BOSS","M","M","$","M","?","E","?","R","T","?","R","M","M","?","R","BOSS"],"build_version":"2019-01-23","purchased_purges":1,"victory":false,"max_hp_per_floor":[75,75,75,75,75,75,82,82,82,82,82,82,82,82,82,82,82,86,89,89,92,92,95,95,95,95,95,95,98,101,50,50,50],"card_choices":[{"not_picked":["Warcry","Clash"],"picked":"Twin Strike","floor":1.0},{"not_picked":["Infernal Blade","Body Slam","Twin Strike"],"picked":"SKIP","floor":3.0},{"not_picked":["Pommel Strike","Sever Soul"],"picked":"Clothesline","floor":4.0},{"not_picked":["Searing Blow","Sword Boomerang"],"picked":"Thunderclap","floor":5.0},{"not_picked":["Power Through","Clash"],"picked":"Armaments","floor":7.0},{"not_picked":["Pommel Strike","Wild Strike"],"picked":"Inflame","floor":10.0},{"not_picked":["Rage","Cleave"],"picked":"Shrug It Off","floor":11},{"not_picked":["Dual Wield","Blood for Blood"],"picked":"Disarm","floor":12},{"not_picked":["Corruption","Clash"],"picked":"Inflame","floor":14},{"not_picked":["Barricade","Double Tap"],"picked":"Feed","floor":16},{"not_picked":["Shrug It Off","Carnage"],"picked":"Headbutt","floor":18},{"not_picked":["Sword Boomerang","Whirlwind"],"picked":"Reaper","floor":19},{"not_picked":["Sword Boomerang","Reckless Charge","Rupture"],"picked":"SKIP","floor":21},{"not_picked":["Twin Strike","Body Slam"],"picked":"Metallicize","floor":23},{"not_picked":["Pommel Strike","True Grit"],"picked":"Thunderclap+1","floor":29},{"not_picked":["Sentinel+1","Clash"],"picked":"Pommel Strike+1","floor":30}],"player_experience":2489028,"relics_obtained":[{"floor":7.0,"key":"Strawberry"},{"floor":9.0,"key":"Oddly Smooth Stone"},{"floor":11,"key":"Blue Candle"},{"floor":23,"key":"Letter Opener"}],"event_choices":[{"damage_healed":0.0,"max_hp_gain":0.0,"max_hp_loss":0.0,"gold_gain":0.0,"event_name":"Upgrade Shrine","player_choice":"Upgraded","floor":2.0,"gold_loss":0.0,"damage_taken":0.0,"cards_upgraded":["Bash"]},{"damage_healed":0,"gold_gain":50,"player_choice":"Stole From Cult","damage_taken":0,"max_hp_gain":0,"max_hp_loss":0,"event_name":"Nest","floor":24,"gold_loss":0},{"damage_healed":0,"gold_gain":0,"player_choice":"Ignored","damage_taken":0,"max_hp_gain":0,"max_hp_loss":0,"event_name":"Beggar","floor":27,"gold_loss":0},{"damage_healed":0,"gold_gain":0,"player_choice":"Became a Ghost","damage_taken":0,"max_hp_gain":0,"max_hp_loss":51,"event_name":"Ghosts","floor":31,"gold_loss":0,"cards_obtained":["Ghostly","Ghostly","Ghostly"]}],"is_beta":false,"boss_relics":[{"not_picked":["Busted Crown","Runic Dome"],"picked":"Ectoplasm"}],"items_purged_floors":[20],"is_endless":false,"potions_floor_spawned":[3,7,14,16,29,30],"killed_by":"Champ","ascension_level":20}