{"gold_per_floor":[111,67,217,217,233,267,283,283,283,300,314,314,345,357,357,357],"floor_reached":16,"playtime":596,"items_purged":[],"score":274,"play_id":"1ad64cd2-cc72-41ba-bdf6-d49f9014ea05","local_time":"20190406202408","is_ascension_mode":true,"campfire_choices":[{"data":"Zap","floor":8,"key":"SMITH"},{"floor":15,"key":"REST"}],"neow_cost":"NONE","seed_source_timestamp":260132722770429,"circlet_count":0,"master_deck":["AscendersBane","Strike_B","Strike_B","Strike_B","Strike_B","Defend_B","Defend_B","Defend_B","Defend_B","Zap+1","Dualcast","Cold Snap","Blizzard","Gash","Darkness","Coolheaded+1","Ball Lightning","BootSequence"],"relics":["Cracked Core","NeowsBlessing","Ginger","Calipers","Centennial Puzzle"],"potions_floor_usage":[13,16],"damage_taken":[{"damage":0,"enemies":"Cultist","floor":1,"turns":1},{"damage":0,"enemies":"Small Slimes","floor":5,"turns":1},{"damage":0,"enemies":"Lagavulin","floor":6,"turns":1},{"damage":3,"enemies":"2 Louse","floor":7,"turns":2},{"damage":2,"enemies":"Blue Slaver","floor":10,"turns":3},{"damage":3,"enemies":"Looter","floor":11,"turns":3},{"damage":35,"enemies":"3 Sentries","floor":13,"turns":7},{"damage":6,"enemies":"Red Slaver","floor":14,"turns":3},{"damage":29,"enemies":"Hexaghost","floor":16,"turns":9}],"seed_played":"2160031217518104169","potions_obtained":[{"floor":6,"key":"AttackPotion"},{"floor":13,"key":"Poison Potion"}],"is_trial":false,"path_per_floor":["M","$","?","?","M","E","M","R","T","M","M","?","E","M","R","B"],"character_chosen":"DEFECT","items_purchased":["Blizzard"],"campfire_rested":1,"item_purchase_floors":[2],"current_hp_per_floor":[64,64,64,57,57,57,54,54,54,52,49,49,14,8,29,0],"gold":357,"neow_bonus":"THREE_ENEMY_KILL","is_prod":false,"is_daily":false,"chose_seed":false,"campfire_upgraded":1,"win_rate":0,"timestamp":1554575048,"path_taken":["M","$","?","?","M","E","M","R","T","M","M","?","E","M","R","BOSS"],"build_version":"2019-01-23","purchased_purges":0,"victory":false,"max_hp_per_floor":[71,71,71,71,71,71,71,71,71,71,71,71,71,71,71,71],"card_choices":[{"not_picked":["Conserve Battery","Darkness"],"picked":"Cold Snap","floor":1},{"not_picked":["Aggregate","Stack"],"picked":"Gash","floor":5},{"not_picked":["Beam Cell","Scrape"],"picked":"Darkness","floor":6},{"not_picked":["Compile Driver","Streamline","Sweeping Beam"],"picked":"SKIP","floor":7},{"not_picked":["White Noise","Chill"],"picked":"Coolheaded","floor":10},{"not_picked":["Rebound","Redo"],"picked":"Ball Lightning","floor":11},{"not_picked":["Sunder","Compile Driver","Go for the Eyes"],"picked":"SKIP","floor":13},{"not_picked":["Rainbow","Consume"],"picked":"BootSequence","floor":14}],"player_experience":2421629,"relics_obtained":[{"floor":6,"key":"Ginger"},{"floor":9,"key":"Calipers"},{"floor":13,"key":"Centennial Puzzle"}],"event_choices":[{"damage_healed":0,"gold_gain":150,"player_choice":"AGREE","damage_taken":0,"max_hp_gain":0,"max_hp_loss":0,"event_name":"Liars Game","floor":3,"gold_loss":0,"cards_obtained":["Doubt"]},{"cards_removed":["Doubt"],"damage_healed":0,"gold_gain":0,"player_choice":"Card Removal","damage_taken":7,"max_hp_gain":0,"max_hp_loss":0,"event_name":"Golden Wing","floor":4,"gold_loss":0},{"damage_healed":0,"gold_gain":0,"player_choice":"Grow","damage_taken":0,"max_hp_gain":0,"max_hp_loss":0,"event_name":"Living Wall","floor":12,"gold_loss":0,"cards_upgraded":["Coolheaded"]}],"is_beta":false,"boss_relics":[],"items_purged_floors":[],"is_endless":false,"potions_floor_spawned":[6,13],"killed_by":"Hexaghost","ascension_level":20}