{"gold_per_floor":[114,130,144,144,17,17,48,48,48,48,104,123,148,165,165,239,239,249,265,165,165,165,196,196,212,283,72,107,7,42,42,42,119,119,129,229,248,248,262,262,278,313,338,338,354,354,229,229,229,229],"floor_reached":50,"playtime":4731,"items_purged":["Defend_B","Defend_B","Self Repair"],"score":1092,"play_id":"a9080d47-13c4-4be2-ac14-9197fbf90e55","local_time":"20190202233600","is_ascension_mode":true,"campfire_choices":[{"data":"Defragment","floor":6.0,"key":"SMITH"},{"floor":8.0,"key":"REST"},{"data":"Go for the Eyes","floor":10.0,"key":"SMITH"},{"data":"Leap","floor":15.0,"key":"SMITH"},{"data":"Coolheaded","floor":24.0,"key":"SMITH"},{"data":"Creative AI","floor":32.0,"key":"SMITH"},{"data":"Recycle","floor":40,"key":"SMITH"},{"floor":44,"key":"RECALL"},{"data":"Gash","floor":46,"key":"PURGE"},{"data":"Buffer","floor":49,"key":"SMITH"}],"neow_cost":"TEN_PERCENT_HP_LOSS","seed_source_timestamp":784666750813309,"circlet_count":0,"master_deck":["AscendersBane","Defend_B+1","Zap+1","Cold Snap","Skim+1","Steam","Go for the Eyes+1","Beam Cell","Defragment+1","FTL","Ball Lightning","Heatsinks","Core Surge","Leap+1","Electrodynamics","Rip and Tear+1","Sweeping Beam+1","Hyperbeam+1","Conserve Battery","Reinforced Body","Coolheaded+1","Coolheaded+1","Defragment","Creative AI+1","Seek","Recycle+1","Buffer+1","BootSequence+1","Defragment","Madness","Madness"],"special_seed":0,"relics":["Cracked Core","Vajra","Cables","Tiny Chest","Matryoshka","Astrolabe","Happy Flower","Lantern","Gremlin Horn","PreservedInsect","War Paint","Dead Branch","Eternal Feather","Peace Pipe","Oddly Smooth Stone","Blood Vial"],"potions_floor_usage":[37,42,50],"damage_taken":[{"damage":10.0,"enemies":"Jaw Worm","floor":1.0,"turns":3.0},{"damage":3.0,"enemies":"Small Slimes","floor":2.0,"turns":4.0},{"damage":0.0,"enemies":"2 Louse","floor":3.0,"turns":3.0},{"damage":12.0,"enemies":"Lagavulin","floor":7.0,"turns":6.0},{"damage":4.0,"enemies":"Gremlin Nob","floor":11.0,"turns":3.0},{"damage":0.0,"enemies":"2 Fungi Beasts","floor":12.0,"turns":2.0},{"damage":6.0,"enemies":"Lagavulin","floor":13.0,"turns":3.0},{"damage":1.0,"enemies":"Looter","floor":14.0,"turns":3.0},{"damage":18.0,"enemies":"The Guardian","floor":16.0,"turns":10.0},{"damage":5.0,"enemies":"2 Thieves","floor":18.0,"turns":2.0},{"damage":3.0,"enemies":"Spheric Guardian","floor":19.0,"turns":3.0},{"damage":4.0,"enemies":"Slavers","floor":23.0,"turns":3.0},{"damage":0.0,"enemies":"3 Cultists","floor":25.0,"turns":3.0},{"damage":1.0,"enemies":"Gremlin Leader","floor":28.0,"turns":3.0},{"damage":11.0,"enemies":"Slavers","floor":30.0,"turns":2.0},{"damage":18.0,"enemies":"Automaton","floor":33.0,"turns":10.0},{"damage":0.0,"enemies":"3 Shapes","floor":35.0,"turns":2.0},{"damage":0.0,"enemies":"Mind Bloom Boss Battle","floor":36.0,"turns":7.0},{"damage":22,"enemies":"3 Darklings","floor":37,"turns":4},{"damage":9,"enemies":"Spire Growth","floor":39,"turns":6},{"damage":0,"enemies":"Writhing Mass","floor":41,"turns":10},{"damage":1,"enemies":"Nemesis","floor":42,"turns":7},{"damage":34,"enemies":"Jaw Worm Horde","floor":45,"turns":5},{"damage":72,"enemies":"Time Eater","floor":50,"turns":10}],"seed_played":"-4331430441941915896","potions_obtained":[{"floor":1.0,"key":"Strength Potion"},{"floor":7.0,"key":"Fire Potion"},{"floor":12.0,"key":"Energy Potion"},{"floor":16.0,"key":"SpeedPotion"},{"floor":28.0,"key":"SpeedPotion"},{"floor":33.0,"key":"Weak Potion"},{"floor":36.0,"key":"LiquidBronze"},{"floor":37,"key":"Dexterity Potion"},{"floor":42,"key":"Regen Potion"}],"is_trial":false,"path_per_floor":["M","M","M","?","$","R","E","R","T","R","E","M","E","M","R","B",null,"M","M","$","?","?","E","R","M","T","$","E","$","E","?","R","B",null,"M","?","M","?","M","R","M","E","T","R","M","R","$","?","R","B"],"character_chosen":"DEFECT","items_purchased":["Defragment","FTL","Coolheaded","PreservedInsect","Defragment"],"campfire_rested":1,"item_purchase_floors":[5,5,20,27,27],"current_hp_per_floor":[54,51,51,51,51,51,39,58,58,58,54,54,48,47,47,29,55,50,47,47,47,60,56,56,56,56,56,55,55,44,44,44,26,55,55,55,33,33,31,46,53,59,59,64,30,48,48,36,54,0],"gold":229,"neow_bonus":"TRANSFORM_TWO_CARDS","is_prod":false,"is_daily":false,"chose_seed":false,"campfire_upgraded":7,"win_rate":0,"timestamp":1549146960,"path_taken":["M","M","M","?","$","R","E","R","T","R","E","M","E","M","R","BOSS","M","M","$","?","?","E","R","M","T","?","E","$","E","?","R","BOSS","M","?","M","?","M","R","M","E","T","R","M","R","$","?","R","BOSS"],"build_version":"2019-01-23","purchased_purges":3,"victory":false,"max_hp_per_floor":[64,64,64,64,64,64,64,64,64,64,64,64,64,64,64,64,64,64,64,64,64,64,64,64,64,64,64,64,64,64,64,64,64,64,64,64,64,64,64,64,64,64,64,64,64,64,64,64,64,64],"card_choices":[{"not_picked":["Steam Power","Redo"],"picked":"Steam","floor":1.0},{"not_picked":["Rebound","Stack"],"picked":"Go for the Eyes","floor":2.0},{"not_picked":["Stack","Redo"],"picked":"Beam Cell","floor":3.0},{"not_picked":["Sweeping Beam","Scrape"],"picked":"Gash","floor":7.0},{"not_picked":["Multi-Cast","Rebound"],"picked":"Ball Lightning","floor":11.0},{"not_picked":["Steam Power","Redo"],"picked":"Heatsinks","floor":12.0},{"not_picked":["Streamline","Fusion"],"picked":"Core Surge","floor":13.0},{"not_picked":["Blizzard","Rebound"],"picked":"Leap","floor":14.0},{"not_picked":["Biased Cognition","Amplify"],"picked":"Electrodynamics","floor":16.0},{"not_picked":["Auto Shields","Beam Cell"],"picked":"Conserve Battery","floor":18.0},{"not_picked":["Skim","Beam Cell"],"picked":"Reinforced Body","floor":19.0},{"not_picked":["Blizzard","Rainbow"],"picked":"Coolheaded+1","floor":23.0},{"not_picked":["Go for the Eyes","Double Energy","Darkness"],"picked":"SKIP","floor":25.0},{"not_picked":["FTL","Compile Driver","Hello World"],"picked":"SKIP","floor":28.0},{"not_picked":["Coolheaded","Hologram"],"picked":"Creative AI","floor":30.0},{"not_picked":["Reboot","Meteor Strike"],"picked":"Seek","floor":33.0},{"not_picked":["Turbo","Chaos"],"picked":"Recycle","floor":35.0},{"not_picked":["Lockon","Conserve Battery"],"picked":"Self Repair","floor":37},{"not_picked":["Leap+1","Compile Driver","Streamline"],"picked":"SKIP","floor":39},{"not_picked":["Compile Driver","Go for the Eyes"],"picked":"Buffer","floor":41},{"not_picked":["Aggregate+1","Steam"],"picked":"BootSequence+1","floor":42},{"not_picked":["Ball Lightning","Cold Snap+1"],"picked":"Defragment","floor":45}],"player_experience":1613268,"relics_obtained":[{"floor":7.0,"key":"Vajra"},{"floor":9.0,"key":"Cables"},{"floor":11.0,"key":"Tiny Chest"},{"floor":13.0,"key":"Matryoshka"},{"floor":23.0,"key":"Happy Flower"},{"floor":26.0,"key":"Lantern"},{"floor":26.0,"key":"Gremlin Horn"},{"floor":28.0,"key":"War Paint"},{"floor":30.0,"key":"Dead Branch"},{"floor":36.0,"key":"Peace Pipe"},{"floor":42,"key":"Oddly Smooth Stone"},{"floor":43,"key":"Blood Vial"}],"event_choices":[{"damage_healed":0.0,"max_hp_gain":0.0,"max_hp_loss":0.0,"gold_gain":0.0,"event_name":"Living Wall","player_choice":"Grow","floor":4.0,"gold_loss":0.0,"damage_taken":0.0,"cards_upgraded":["Zap"]},{"damage_healed":0.0,"max_hp_gain":0.0,"max_hp_loss":0.0,"gold_gain":0.0,"event_name":"Vampires","player_choice":"Ignored","floor":21.0,"gold_loss":0.0,"damage_taken":0.0},{"damage_healed":13.0,"max_hp_gain":0.0,"max_hp_loss":0.0,"gold_gain":0.0,"event_name":"The Library","player_choice":"Heal","floor":22.0,"gold_loss":0.0,"damage_taken":0.0},{"cards_removed":["Dualcast"],"damage_healed":0.0,"max_hp_gain":0.0,"max_hp_loss":0.0,"gold_gain":0.0,"event_name":"Back to Basics","player_choice":"Elegance","floor":31.0,"gold_loss":0.0,"damage_taken":0.0},{"damage_healed":0.0,"max_hp_gain":0.0,"max_hp_loss":0.0,"gold_gain":0.0,"event_name":"MindBloom","player_choice":"Fight","floor":36.0,"gold_loss":0.0,"damage_taken":0.0},{"damage_healed":0,"gold_gain":0,"player_choice":"Memory 1","damage_taken":0,"max_hp_gain":0,"max_hp_loss":0,"event_name":"SensoryStone","floor":38,"gold_loss":0},{"damage_healed":0,"gold_gain":0,"player_choice":"Embrace Madness","damage_taken":12,"max_hp_gain":0,"max_hp_loss":0,"event_name":"Winding Halls","floor":48,"gold_loss":0,"cards_obtained":["Madness","Madness"]}],"is_beta":false,"boss_relics":[{"not_picked":["Philosopher\u0027s Stone","Busted Crown"],"picked":"Astrolabe"},{"not_picked":["Pandora\u0027s Box","Black Star"],"picked":"Eternal Feather"}],"items_purged_floors":[20,29,47],"is_endless":false,"potions_floor_spawned":[1,7,12,16,19,28,33,35,36,37,42,45],"killed_by":"Time Eater","ascension_level":20}