{"gold_per_floor":[99,99,99,99,24,24,24,24,24,24,24,24,24,24,24,24,24,24,24,24,24,24,24],"floor_reached":23,"playtime":1419,"items_purged":["Strike_B"],"score":543,"play_id":"c798ab18-c6e8-4889-a044-8ff324295f77","local_time":"20190104180320","is_ascension_mode":true,"campfire_choices":[{"data":"Zap","floor":7,"key":"SMITH"},{"data":"Buffer","floor":10,"key":"SMITH"},{"data":"Dualcast","floor":13,"key":"SMITH"},{"data":"Defragment","floor":15,"key":"SMITH"}],"neow_cost":"NONE","seed_source_timestamp":288785737261956,"circlet_count":0,"master_deck":["AscendersBane","Defend_B","Defend_B","Defend_B","Defend_B","Zap+1","Dualcast+1","Doom and Gloom","Streamline","Ball Lightning","Buffer+1","Defragment+1","Undo","Meteor Strike","Conserve Battery","Reinforced Body","Bite","Bite","Bite","Bite","Bite"],"relics":["Ectoplasm","Letter Opener","Bag of Preparation","Emotion Chip","Strawberry","Runic Dome","Red Mask"],"potions_floor_usage":[3,6,16,19,21,21,23],"damage_taken":[{"damage":0,"enemies":"Cultist","floor":1,"turns":3},{"damage":0,"enemies":"Jaw Worm","floor":2,"turns":3},{"damage":6,"enemies":"2 Louse","floor":3,"turns":2},{"damage":25,"enemies":"3 Sentries","floor":6,"turns":7},{"damage":0,"enemies":"Lagavulin","floor":11,"turns":5},{"damage":0,"enemies":"Exordium Wildlife","floor":12,"turns":3},{"damage":0,"enemies":"Gremlin Nob","floor":14,"turns":4},{"damage":1,"enemies":"The Guardian","floor":16,"turns":7},{"damage":11,"enemies":"Spheric Guardian","floor":18,"turns":4},{"damage":16,"enemies":"3 Byrds","floor":19,"turns":2},{"damage":11,"enemies":"Sentry and Sphere","floor":20,"turns":5},{"damage":11,"enemies":"Masked Bandits","floor":21,"turns":3},{"damage":40,"enemies":"Book of Stabbing","floor":23,"turns":4}],"seed_played":"-714953167849455119","potions_obtained":[{"floor":1,"key":"Regen Potion"},{"floor":2,"key":"Swift Potion"},{"floor":12,"key":"LiquidBronze"},{"floor":14,"key":"Strength Potion"},{"floor":16,"key":"Swift Potion"},{"floor":18,"key":"LiquidBronze"},{"floor":20,"key":"Regen Potion"},{"floor":21,"key":"Strength Potion"}],"is_trial":false,"path_per_floor":["M","M","M","?","$","E","R","$","T","R","E","M","R","E","R","B",null,"M","M","M","?","?","E"],"character_chosen":"DEFECT","items_purchased":[],"campfire_rested":0,"item_purchase_floors":[],"current_hp_per_floor":[64,64,58,58,58,45,45,45,45,45,45,45,45,52,52,51,71,60,44,33,31,31,0],"gold":24,"neow_bonus":"BOSS_RELIC","is_prod":false,"is_daily":false,"chose_seed":false,"campfire_upgraded":4,"win_rate":0,"timestamp":1546621400,"path_taken":["M","M","M","?","?","E","R","$","T","R","E","M","R","E","R","BOSS","M","M","M","?","?","E"],"build_version":"2019-01-03v3","purchased_purges":1,"victory":false,"max_hp_per_floor":[71,71,71,71,71,71,71,71,71,71,71,71,71,78,78,78,78,78,78,78,78,54,54],"card_choices":[{"not_picked":["Reinforced Body","Hologram"],"picked":"Doom and Gloom","floor":1},{"not_picked":["Beam Cell","Rebound"],"picked":"Streamline","floor":2},{"not_picked":["Hologram","Cold Snap"],"picked":"Ball Lightning","floor":3},{"not_picked":["Aggregate","Steam"],"picked":"Buffer","floor":6},{"not_picked":["Melter","Gash"],"picked":"Defragment","floor":11},{"not_picked":["Doom and Gloom","Defragment"],"picked":"Undo","floor":12},{"not_picked":["Beam Cell","Fusion","Barrage"],"picked":"SKIP","floor":14},{"not_picked":["Multi-Cast","Thunder Strike"],"picked":"Meteor Strike","floor":16},{"not_picked":["Leap","Self Repair"],"picked":"Conserve Battery","floor":18},{"not_picked":["Leap","Compile Driver","Sweeping Beam"],"picked":"SKIP","floor":19},{"not_picked":["Lockon","Static Discharge","Leap"],"picked":"SKIP","floor":20},{"not_picked":["Hologram","Gash"],"picked":"Reinforced Body","floor":21}],"player_experience":1522740,"relics_obtained":[{"floor":6,"key":"Letter Opener"},{"floor":9,"key":"Bag of Preparation"},{"floor":11,"key":"Emotion Chip"},{"floor":14,"key":"Strawberry"},{"floor":21,"key":"Red Mask"}],"event_choices":[{"damage_healed":0,"gold_gain":0,"player_choice":"Ignored","damage_taken":0,"max_hp_gain":0,"max_hp_loss":0,"event_name":"Liars Game","floor":4,"gold_loss":0},{"damage_healed":0,"gold_gain":0,"player_choice":"Fought Bandits","damage_taken":0,"max_hp_gain":0,"max_hp_loss":0,"event_name":"Masked Bandits","floor":21,"gold_loss":0},{"damage_healed":0,"gold_gain":0,"player_choice":"Became a vampire","damage_taken":0,"max_hp_gain":0,"max_hp_loss":24,"event_name":"Vampires","floor":22,"gold_loss":0,"cards_obtained":["Bite","Bite","Bite","Bite","Bite"]}],"is_beta":false,"boss_relics":[{"not_picked":["Velvet Choker","White Beast Statue"],"picked":"Runic Dome"}],"items_purged_floors":[5],"is_endless":false,"potions_floor_spawned":[1,2,12,14,16,18,20,21],"killed_by":"Book of Stabbing","ascension_level":20}