{"gold_per_floor":[14,14,80,34,111,142,142,172,172,297,310,28,28,146,146,249,249,262,346,366,416,194,222,222,256,338,313,11,261,278,311,311,410,410,424,474,485,178,192,222,318,350,350,500,530,104,120,133,133,133,133,133,57,82,82],"floor_reached":56,"playtime":22763,"items_purged":["Strike_G","Strike_G","Defend_G","Defend_G"],"score":1907,"play_id":"056a5cff-8d91-4fcb-9482-b0ee8bebba02","local_time":"20190525091845","is_ascension_mode":true,"campfire_choices":[{"data":"Neutralize","floor":7.0,"key":"SMITH"},{"data":"Footwork","floor":13.0,"key":"SMITH"},{"data":"Predator","floor":15.0,"key":"SMITH"},{"data":"Doppelganger","floor":24.0,"key":"SMITH"},{"data":"Deadly Poison","floor":32.0,"key":"SMITH"},{"floor":49.0,"key":"RECALL"},{"floor":52.0,"key":"REST"}],"neow_cost":"NO_GOLD","seed_source_timestamp":495034153712552,"circlet_count":0,"master_deck":["Defend_G","Defend_G","Defend_G","Survivor","Neutralize+1","Poisoned Stab+1","Doppelganger+1","Predator+1","Dash","Deadly Poison+1","All Out Attack+1","Deadly Poison","Footwork+1","Deadly Poison+1","Corpse Explosion+1","Leg Sweep+1","Catalyst+1","Backflip+1","Dodge and Roll+1","Dodge and Roll+1","Setup+1","Noxious Fumes+1","Burst+1","Noxious Fumes","Catalyst+1","Finesse+1","Infinite Blades+1","Envenom","Noxious Fumes","Well Laid Plans+1"],"special_seed":0,"relics":["Ring of the Snake","SsserpentHead","PreservedInsect","Juzu Bracelet","Bronze Scales","Incense Burner","Toxic Egg 2","Darkstone Periapt","Orrery","Red Mask","Snake Skull","Bottled Lightning","FossilizedHelix","Paper Crane","Lantern","Nunchaku","Runic Dome","Shuriken","Whetstone","Gambling Chip","Du-Vu Doll","Smiling Mask","Torii","Vajra","Membership Card","Strawberry","Bag of Marbles","Oddly Smooth Stone"],"potions_floor_usage":[55,55],"damage_taken":[{"damage":0.0,"enemies":"Jaw Worm","floor":1.0,"turns":6.0},{"damage":2.0,"enemies":"Cultist","floor":3.0,"turns":4.0},{"damage":10.0,"enemies":"3 Sentries","floor":6.0,"turns":9.0},{"damage":2.0,"enemies":"Gremlin Nob","floor":8.0,"turns":3.0},{"damage":0.0,"enemies":"Small Slimes","floor":11.0,"turns":2.0},{"damage":25.0,"enemies":"Slime Boss","floor":16.0,"turns":9.0},{"damage":0.0,"enemies":"Spheric Guardian","floor":18.0,"turns":3.0},{"damage":25.0,"enemies":"Masked Bandits","floor":19.0,"turns":3.0},{"damage":3.0,"enemies":"Shell Parasite","floor":20.0,"turns":3.0},{"damage":0.0,"enemies":"Gremlin Leader","floor":23.0,"turns":4.0},{"damage":8.0,"enemies":"Book of Stabbing","floor":25.0,"turns":4.0},{"damage":0.0,"enemies":"Snecko","floor":30.0,"turns":4.0},{"damage":0.0,"enemies":"Gremlin Leader","floor":31.0,"turns":5.0},{"damage":0.0,"enemies":"Champ","floor":33.0,"turns":7.0},{"damage":0.0,"enemies":"3 Shapes","floor":35.0,"turns":3.0},{"damage":0.0,"enemies":"Orb Walker","floor":37.0,"turns":2.0},{"damage":0.0,"enemies":"4 Shapes","floor":39.0,"turns":2.0},{"damage":0.0,"enemies":"Reptomancer","floor":40.0,"turns":4.0},{"damage":0.0,"enemies":"2 Orb Walkers","floor":41.0,"turns":3.0},{"damage":0.0,"enemies":"Giant Head","floor":42.0,"turns":4.0},{"damage":0.0,"enemies":"Mind Bloom Boss Battle","floor":44.0,"turns":4.0},{"damage":0.0,"enemies":"Nemesis","floor":45.0,"turns":3.0},{"damage":6.0,"enemies":"3 Darklings","floor":47.0,"turns":2.0},{"damage":0.0,"enemies":"Jaw Worm Horde","floor":48.0,"turns":1.0},{"damage":42.0,"enemies":"Donu and Deca","floor":50.0,"turns":3.0},{"damage":2.0,"enemies":"Shield and Spear","floor":54.0,"turns":2.0},{"damage":10,"enemies":"The Heart","floor":55,"turns":5}],"seed_played":"-6509109005968212289","potions_obtained":[{"floor":16.0,"key":"EssenceOfSteel"},{"floor":19.0,"key":"Strength Potion"},{"floor":20.0,"key":"Poison Potion"},{"floor":21.0,"key":"GhostInAJar"},{"floor":21.0,"key":"EntropicBrew"},{"floor":25.0,"key":"SkillPotion"},{"floor":31.0,"key":"FearPotion"},{"floor":35.0,"key":"SkillPotion"},{"floor":41.0,"key":"Strength Potion"},{"floor":44.0,"key":"PowerPotion"},{"floor":47.0,"key":"Ancient Potion"},{"floor":48.0,"key":"EssenceOfSteel"}],"is_trial":false,"path_per_floor":["M","?","M","$","T","E","R","E","T","?","M","$","R","T","R","B",null,"M","?","M","?","$","E","R","E","T","?","$","?","M","E","R","B",null,"M","T","M","$","M","E","?","E","T","?","E","$","M","M","R","B",null,"R","$","E","B",null],"character_chosen":"THE_SILENT","items_purchased":["Dash","Deadly Poison","Footwork","Toxic Egg 2","Deadly Poison+1","Snake Skull","Lantern","PowerPotion","Catalyst+1","Whetstone","Finesse+1","Membership Card","Strawberry","Noxious Fumes","Bag of Marbles","Weak Potion"],"campfire_rested":1,"item_purchase_floors":[4,4,12,12,12,22,28,28,38,38,38,46,46,46,46,53],"current_hp_per_floor":[63,63,61,61,61,51,51,49,49,38,38,38,38,38,38,13,56,56,31,28,28,28,28,28,20,20,20,20,20,20,20,20,20,58,58,58,58,58,58,58,58,58,58,58,58,65,59,59,59,17,62,77,77,75,65],"gold":82,"neow_bonus":"TRANSFORM_TWO_CARDS","is_prod":false,"is_daily":false,"chose_seed":false,"campfire_upgraded":5,"win_rate":0,"timestamp":1558756125,"path_taken":["M","?","?","?","?","E","R","E","T","?","M","?","R","?","R","BOSS","M","?","M","?","$","E","R","E","T","?","$","?","M","E","R","BOSS","M","?","M","$","M","E","?","E","T","?","E","$","M","M","R","BOSS","R","$","E","BOSS"],"build_version":"2019-01-23","purchased_purges":4,"victory":true,"max_hp_per_floor":[70,70,70,70,70,70,70,70,70,70,70,70,70,70,70,70,70,70,70,70,70,70,70,70,70,70,70,70,70,70,70,70,70,70,70,70,70,70,70,70,70,70,70,70,70,77,77,77,77,77,77,77,77,77,77],"card_choices":[{"not_picked":["Dodge and Roll","Bane","Deflect"],"picked":"SKIP","floor":1.0},{"not_picked":["Deflect","Sucker Punch"],"picked":"Predator","floor":3.0},{"not_picked":["Flying Knee","Concentrate","Caltrops"],"picked":"SKIP","floor":6.0},{"not_picked":["Distraction","Quick Slash"],"picked":"All Out Attack","floor":8.0},{"not_picked":["All Out Attack","Dodge and Roll"],"picked":"Deadly Poison","floor":11.0},{"not_picked":["Die Die Die","Tools of the Trade"],"picked":"Corpse Explosion+1","floor":16.0},{"not_picked":["Outmaneuver+1","Calculated Gamble+1"],"picked":"Leg Sweep+1","floor":17.0},{"not_picked":["Cloak And Dagger+1","Blur+1"],"picked":"Catalyst+1","floor":17.0},{"not_picked":["Heel Hook","Outmaneuver+1"],"picked":"Backflip+1","floor":17.0},{"not_picked":["Backflip+1","Slice"],"picked":"Dodge and Roll+1","floor":17.0},{"not_picked":["Acrobatics+1","Slice"],"picked":"Dodge and Roll+1","floor":17.0},{"not_picked":["Slice+1","Bane","Flying Knee"],"picked":"SKIP","floor":18.0},{"not_picked":["Cloak And Dagger+1","Masterful Stab+1"],"picked":"Setup+1","floor":20.0},{"not_picked":["Terror+1","Malaise+1"],"picked":"Noxious Fumes+1","floor":23.0},{"not_picked":["Backflip+1","Distraction+1","Cloak And Dagger+1"],"picked":"SKIP","floor":25.0},{"not_picked":["Sucker Punch+1","Flying Knee","Terror+1"],"picked":"SKIP","floor":30.0},{"not_picked":["Slice","Tactician+1","Sucker Punch"],"picked":"SKIP","floor":31.0},{"not_picked":["Phantasmal Killer+1","Bullet Time+1"],"picked":"Burst+1","floor":33.0},{"not_picked":["Finisher","Quick Slash","Dash"],"picked":"SKIP","floor":35.0},{"not_picked":["Slice+1","Poisoned Stab+1"],"picked":"Noxious Fumes","floor":37.0},{"not_picked":["Backflip+1","PiercingWail+1"],"picked":"Infinite Blades+1","floor":39.0},{"not_picked":["Blade Dance+1","Riddle With Holes+1"],"picked":"Envenom","floor":40.0},{"not_picked":["Deflect+1","Masterful Stab+1","Quick Slash+1"],"picked":"SKIP","floor":42.0},{"not_picked":["Backflip+1","PiercingWail+1","Grand Finale"],"picked":"SKIP","floor":45.0},{"not_picked":["Predator","Blade Dance+1","Underhanded Strike"],"picked":"SKIP","floor":47.0},{"not_picked":["Tactician+1","Calculated Gamble+1"],"picked":"Well Laid Plans+1","floor":48.0},{"not_picked":["Eviscerate+1","Bane","Concentrate+1"],"picked":"SKIP","floor":54.0}],"player_experience":735659,"relics_obtained":[{"floor":5.0,"key":"PreservedInsect"},{"floor":6.0,"key":"Juzu Bracelet"},{"floor":8.0,"key":"Bronze Scales"},{"floor":9.0,"key":"Incense Burner"},{"floor":14.0,"key":"Darkstone Periapt"},{"floor":19.0,"key":"Red Mask"},{"floor":23.0,"key":"Bottled Lightning"},{"floor":25.0,"key":"FossilizedHelix"},{"floor":26.0,"key":"Paper Crane"},{"floor":31.0,"key":"Nunchaku"},{"floor":36.0,"key":"Shuriken"},{"floor":40.0,"key":"Gambling Chip"},{"floor":41.0,"key":"Du-Vu Doll"},{"floor":42.0,"key":"Smiling Mask"},{"floor":44.0,"key":"Torii"},{"floor":45.0,"key":"Vajra"},{"floor":54.0,"key":"Oddly Smooth Stone"}],"event_choices":[{"damage_healed":0.0,"max_hp_gain":0.0,"max_hp_loss":0.0,"gold_gain":0.0,"event_name":"FaceTrader","player_choice":"Trade","floor":2.0,"gold_loss":0.0,"damage_taken":0.0,"relics_obtained":["SsserpentHead"]},{"damage_healed":0.0,"max_hp_gain":0.0,"max_hp_loss":0.0,"gold_gain":75.0,"event_name":"World of Goop","player_choice":"Gather Gold","floor":10.0,"gold_loss":0.0,"damage_taken":11.0},{"damage_healed":0.0,"max_hp_gain":0.0,"max_hp_loss":0.0,"gold_gain":0.0,"event_name":"Masked Bandits","player_choice":"Fought Bandits","floor":19.0,"gold_loss":0.0,"damage_taken":0.0},{"damage_healed":0.0,"max_hp_gain":0.0,"max_hp_loss":0.0,"gold_gain":0.0,"event_name":"Lab","player_choice":"Got Potions","floor":21.0,"gold_loss":0.0,"damage_taken":0.0},{"cards_removed":["Strike_G"],"damage_healed":0.0,"max_hp_gain":0.0,"max_hp_loss":0.0,"gold_gain":0.0,"event_name":"Beggar","player_choice":"Gave Gold","floor":27.0,"gold_loss":75.0,"damage_taken":0.0},{"damage_healed":0.0,"max_hp_gain":0.0,"max_hp_loss":0.0,"gold_gain":250.0,"event_name":"The Joust","player_choice":"Bet on Owner","floor":29.0,"gold_loss":50.0,"damage_taken":0.0},{"damage_healed":0.0,"max_hp_gain":0.0,"max_hp_loss":0.0,"gold_gain":0.0,"event_name":"Mysterious Sphere","player_choice":"Fight","floor":41.0,"gold_loss":0.0,"damage_taken":0.0},{"damage_healed":0.0,"max_hp_gain":0.0,"max_hp_loss":0.0,"gold_gain":0.0,"event_name":"MindBloom","player_choice":"Fight","floor":44.0,"gold_loss":0.0,"damage_taken":0.0}],"is_beta":false,"boss_relics":[{"not_picked":["HoveringKite","Tiny House"],"picked":"Orrery"},{"not_picked":["Calling Bell","Pandora\u0027s Box"],"picked":"Runic Dome"}],"items_purged_floors":[22,28,46,53],"is_endless":false,"potions_floor_spawned":[16,19,20,25,31,35,41,44,47,48],"ascension_level":7}