{"gold_per_floor":[110,110,1,1,20,50,50,78,103,103,122,136,136,136],"floor_reached":14,"playtime":758,"items_purged":["Strike_B"],"score":196,"play_id":"7c148644-6325-4041-9fea-09082f10836c","local_time":"20190110222255","is_ascension_mode":true,"campfire_choices":[{"data":"Zap","floor":7,"key":"SMITH"},{"data":"Coolheaded","floor":10,"key":"SMITH"}],"neow_cost":"NONE","seed_source_timestamp":79539497911820,"circlet_count":0,"master_deck":["AscendersBane","Defend_B","Defend_B","Defend_B","Defend_B","Zap+1","Dualcast","Ball Lightning","Streamline","Coolheaded+1","Melter","Defragment","Sweeping Beam+1","Chaos"],"relics":["Cracked Core","Smiling Mask","Strawberry","Molten Egg 2","Bag of Preparation"],"potions_floor_usage":[6,8],"damage_taken":[{"damage":2,"enemies":"Small Slimes","floor":1,"turns":4},{"damage":0,"enemies":"2 Louse","floor":5,"turns":2},{"damage":14,"enemies":"3 Sentries","floor":6,"turns":9},{"damage":22,"enemies":"Gremlin Nob","floor":8,"turns":4},{"damage":0,"enemies":"Cultist","floor":11,"turns":2},{"damage":3,"enemies":"Looter","floor":12,"turns":3},{"damage":34,"enemies":"Exordium Thugs","floor":14,"turns":3}],"seed_played":"-8905750629621792811","potions_obtained":[{"floor":1,"key":"Weak Potion"},{"floor":5,"key":"AttackPotion"},{"floor":11,"key":"Ancient Potion"}],"is_trial":false,"path_per_floor":["M","?","$","?","M","E","R","E","T","R","M","M","?","M"],"character_chosen":"DEFECT","items_purchased":["Streamline"],"campfire_rested":0,"item_purchase_floors":[3],"current_hp_per_floor":[62,55,55,55,55,48,48,26,26,26,26,23,23,0],"gold":136,"neow_bonus":"RANDOM_COMMON_RELIC","is_prod":false,"is_daily":false,"chose_seed":false,"campfire_upgraded":2,"win_rate":0,"timestamp":1547155375,"path_taken":["M","?","$","?","M","E","R","E","T","R","M","?","?","M"],"build_version":"2019-01-03v4","purchased_purges":1,"victory":false,"max_hp_per_floor":[71,71,71,71,71,78,78,78,78,78,78,78,78,78],"card_choices":[{"not_picked":["Genetic Algorithm","Static Discharge"],"picked":"Ball Lightning","floor":1},{"not_picked":["Gash","Stack"],"picked":"Coolheaded","floor":5},{"not_picked":["Conserve Battery","Doom and Gloom"],"picked":"Melter","floor":6},{"not_picked":["Turbo","Stack"],"picked":"Defragment","floor":8},{"not_picked":["Chill","Rebound+1"],"picked":"Sweeping Beam+1","floor":11},{"not_picked":["Tempest","Fusion","Compile Driver+1"],"picked":"SKIP","floor":12}],"player_experience":1541375,"relics_obtained":[{"floor":6,"key":"Strawberry"},{"floor":8,"key":"Molten Egg 2"},{"floor":9,"key":"Bag of Preparation"}],"event_choices":[{"cards_removed":["Strike_B"],"damage_healed":0,"gold_gain":0,"player_choice":"Card Removal","damage_taken":7,"max_hp_gain":0,"max_hp_loss":0,"event_name":"Golden Wing","floor":2,"gold_loss":0},{"cards_removed":["Strike_B"],"damage_healed":0,"gold_gain":0,"player_choice":"Purged","damage_taken":0,"max_hp_gain":0,"max_hp_loss":0,"event_name":"Purifier","floor":4,"gold_loss":0},{"damage_healed":0,"gold_gain":0,"cards_transformed":["Strike_B"],"player_choice":"Transformed","damage_taken":0,"max_hp_gain":0,"max_hp_loss":0,"event_name":"Transmorgrifier","floor":13,"gold_loss":0,"cards_obtained":["Chaos"]}],"is_beta":false,"boss_relics":[],"items_purged_floors":[3],"is_endless":false,"potions_floor_spawned":[1,5,11],"killed_by":"Exordium Thugs","ascension_level":20}