{"gold_per_floor":[114,127,13,88,102,102,102,134,134,134,147,147],"floor_reached":12,"playtime":346,"items_purged":["Strike_B"],"score":156,"play_id":"dfb90699-8e4d-4483-9496-7ad9d8322c9b","local_time":"20190517215031","is_ascension_mode":true,"campfire_choices":[{"data":"Zap","floor":6,"key":"SMITH"},{"data":"Defragment","floor":10,"key":"SMITH"}],"neow_cost":"NONE","seed_source_timestamp":204907207684363,"circlet_count":0,"master_deck":["AscendersBane","Strike_B","Strike_B","Defend_B","Defend_B","Defend_B","Defend_B","Zap+1","Dualcast","Self Repair","Static Discharge","Cold Snap","Defragment+1","Genetic Algorithm"],"relics":["Cracked Core","NeowsBlessing","Singing Bowl","Letter Opener"],"potions_floor_usage":[11,12],"damage_taken":[{"damage":0,"enemies":"Cultist","floor":1,"turns":1},{"damage":0,"enemies":"Jaw Worm","floor":2,"turns":1},{"damage":0,"enemies":"2 Louse","floor":5,"turns":1},{"damage":18,"enemies":"Lagavulin","floor":8,"turns":7},{"damage":8,"enemies":"Red Slaver","floor":11,"turns":3},{"damage":55,"enemies":"Gremlin Nob","floor":12,"turns":4}],"seed_played":"-5313738755133555135","potions_obtained":[{"floor":1,"key":"Dexterity Potion"},{"floor":5,"key":"Strength Potion"}],"is_trial":false,"path_per_floor":["M","M","$","?","M","R","?","E","T","R","M","E"],"character_chosen":"DEFECT","items_purchased":["Static Discharge"],"campfire_rested":0,"item_purchase_floors":[3],"current_hp_per_floor":[64,64,64,53,53,53,53,42,42,42,41,0],"gold":147,"neow_bonus":"THREE_ENEMY_KILL","is_prod":false,"is_daily":false,"chose_seed":false,"campfire_upgraded":2,"win_rate":0,"timestamp":1558122631,"path_taken":["M","M","$","?","M","R","?","E","T","R","?","E"],"build_version":"2019-01-23","purchased_purges":1,"victory":false,"max_hp_per_floor":[71,71,71,71,71,71,71,71,71,71,71,71],"card_choices":[{"not_picked":["Capacitor","Redo","Streamline"],"picked":"SKIP","floor":1},{"not_picked":["Force Field","Leap"],"picked":"Self Repair","floor":2},{"not_picked":["Multi-Cast","Streamline"],"picked":"Cold Snap","floor":5},{"not_picked":["Conserve Battery","Ball Lightning"],"picked":"Defragment","floor":8},{"not_picked":["Rebound","White Noise"],"picked":"Genetic Algorithm","floor":11}],"player_experience":2708798,"relics_obtained":[{"floor":8,"key":"Singing Bowl"},{"floor":9,"key":"Letter Opener"}],"event_choices":[{"damage_healed":0,"gold_gain":75,"player_choice":"Gather Gold","damage_taken":11,"max_hp_gain":0,"max_hp_loss":0,"event_name":"World of Goop","floor":4,"gold_loss":0},{"cards_removed":["Strike_B"],"damage_healed":0,"gold_gain":0,"player_choice":"Purged","damage_taken":0,"max_hp_gain":0,"max_hp_loss":0,"event_name":"Purifier","floor":7,"gold_loss":0}],"is_beta":false,"boss_relics":[],"items_purged_floors":[3],"is_endless":false,"potions_floor_spawned":[1,5],"killed_by":"Gremlin Nob","ascension_level":20}