{"gold_per_floor":[114,38,55,1,1,34,48,48,48,48,60,92,111,138,138,138],"floor_reached":16,"playtime":634,"items_purged":[],"score":290,"play_id":"a46547de-80cd-46da-9b85-3b002fbd497e","local_time":"20190306221647","is_ascension_mode":true,"campfire_choices":[{"data":"Bash","floor":8,"key":"SMITH"},{"data":"Intimidate","floor":10,"key":"SMITH"},{"data":"Whirlwind","floor":15,"key":"SMITH"}],"neow_cost":"NONE","seed_source_timestamp":1298146030302895,"circlet_count":0,"master_deck":["AscendersBane","Strike_R","Strike_R","Strike_R","Strike_R","Strike_R","Defend_R","Defend_R","Defend_R+1","Defend_R","Bash+1","Intimidate+1","Immolate","Second Wind","True Grit","Sword Boomerang","Thunderclap","Burning Pact+1","Whirlwind+1","Corruption"],"relics":["Burning Blood","NeowsBlessing","The Courier","Ornamental Fan","Shovel","War Paint"],"potions_floor_usage":[12,14],"damage_taken":[{"damage":0,"enemies":"Cultist","floor":1,"turns":1},{"damage":0,"enemies":"Small Slimes","floor":3,"turns":1},{"damage":0,"enemies":"Gremlin Nob","floor":6,"turns":1},{"damage":4,"enemies":"Jaw Worm","floor":7,"turns":3},{"damage":6,"enemies":"Blue Slaver","floor":11,"turns":4},{"damage":11,"enemies":"3 Sentries","floor":12,"turns":5},{"damage":0,"enemies":"3 Louse","floor":13,"turns":1},{"damage":29,"enemies":"Gremlin Nob","floor":14,"turns":4},{"damage":55,"enemies":"Hexaghost","floor":16,"turns":9}],"seed_played":"-2645262146605987823","potions_obtained":[{"floor":1,"key":"SkillPotion"},{"floor":3,"key":"Explosive Potion"},{"floor":13,"key":"Explosive Potion"}],"is_trial":false,"path_per_floor":["M","$","M","$","$","E","M","R","T","R","M","E","M","E","R","B"],"character_chosen":"IRONCLAD","items_purchased":["Immolate","True Grit"],"campfire_rested":0,"item_purchase_floors":[2,4],"current_hp_per_floor":[74,74,75,75,75,75,75,75,75,75,75,70,75,52,52,0],"gold":138,"neow_bonus":"THREE_ENEMY_KILL","is_prod":false,"is_daily":false,"chose_seed":false,"campfire_upgraded":3,"win_rate":0,"timestamp":1551907007,"path_taken":["M","$","M","?","$","E","M","R","T","R","M","E","M","E","R","BOSS"],"build_version":"2019-01-23","purchased_purges":0,"victory":false,"max_hp_per_floor":[75,75,75,75,75,75,75,75,75,75,75,75,75,75,75,75],"card_choices":[{"not_picked":["Armaments","Shrug It Off"],"picked":"Intimidate","floor":1},{"not_picked":["Burning Pact","Reckless Charge"],"picked":"Second Wind","floor":3},{"not_picked":["Brutality","Fire Breathing"],"picked":"Sword Boomerang","floor":6},{"not_picked":["Anger","Iron Wave"],"picked":"Thunderclap","floor":7},{"not_picked":["Rage","Bloodletting","Wild Strike"],"picked":"SKIP","floor":11},{"not_picked":["Warcry","Havoc"],"picked":"Burning Pact","floor":12},{"not_picked":["Clothesline","Warcry"],"picked":"Whirlwind","floor":13},{"not_picked":["Reckless Charge","Iron Wave"],"picked":"Corruption","floor":14}],"player_experience":1904780,"relics_obtained":[{"floor":6,"key":"The Courier"},{"floor":9,"key":"Ornamental Fan"},{"floor":12,"key":"Shovel"},{"floor":14,"key":"War Paint"}],"event_choices":[],"is_beta":false,"boss_relics":[],"items_purged_floors":[],"is_endless":false,"potions_floor_spawned":[1,3,13],"killed_by":"Hexaghost","ascension_level":20}