{"gold_per_floor":[109,109,34,34,34,34,52,64,89,89],"floor_reached":10,"playtime":308,"items_purged":["Shame"],"score":112,"play_id":"542fc5b8-9943-486c-83c1-b90909495874","local_time":"20190326175044","is_ascension_mode":true,"campfire_choices":[{"floor":6,"key":"REST"}],"neow_cost":"NONE","seed_source_timestamp":162129438912124,"circlet_count":0,"master_deck":["AscendersBane","Strike_B","Strike_B","Strike_B","Strike_B","Defend_B+1","Defend_B","Defend_B+1","Defend_B","Zap","Dualcast","Injury","Recycle","Compile Driver","Genetic Algorithm"],"relics":["Calling Bell","Boot","Matryoshka","Ice Cream","Calipers","Smiling Mask","War Paint"],"potions_floor_usage":[],"damage_taken":[{"damage":9,"enemies":"Jaw Worm","floor":1,"turns":5},{"damage":18,"enemies":"Small Slimes","floor":7,"turns":5},{"damage":9,"enemies":"2 Louse","floor":8,"turns":4},{"damage":7,"enemies":"Exordium Wildlife","floor":10,"turns":2}],"seed_played":"-179108096196601549","potions_obtained":[{"floor":7,"key":"FocusPotion"}],"is_trial":false,"path_per_floor":["M","?","$","?","?","R","M","M","T","M"],"character_chosen":"DEFECT","items_purchased":[],"campfire_rested":1,"item_purchase_floors":[],"current_hp_per_floor":[55,20,20,20,13,34,16,7,7,0],"gold":89,"neow_bonus":"BOSS_RELIC","is_prod":false,"is_daily":false,"chose_seed":false,"campfire_upgraded":0,"win_rate":0,"timestamp":1553619044,"path_taken":["M","?","$","?","?","R","M","M","T","M"],"build_version":"2019-01-23","purchased_purges":1,"victory":false,"max_hp_per_floor":[71,71,71,71,71,71,71,71,71,71],"card_choices":[{"not_picked":["Blizzard","Loop"],"picked":"Recycle","floor":1},{"not_picked":["Capacitor","Stack"],"picked":"Compile Driver","floor":7},{"not_picked":["Gash","Leap"],"picked":"Genetic Algorithm","floor":8}],"player_experience":2201350,"relics_obtained":[{"floor":0,"key":"Boot"},{"floor":0,"key":"Matryoshka"},{"floor":0,"key":"Ice Cream"},{"floor":9,"key":"Smiling Mask"},{"floor":9,"key":"War Paint"}],"event_choices":[{"damage_healed":0,"gold_gain":0,"player_choice":"Success","damage_taken":35,"relics_obtained":["Calipers"],"max_hp_gain":0,"max_hp_loss":0,"event_name":"Scrap Ooze","floor":2,"gold_loss":0},{"damage_healed":0,"gold_gain":0,"player_choice":"Leave","damage_taken":0,"max_hp_gain":0,"max_hp_loss":0,"event_name":"The Cleric","floor":4,"gold_loss":0},{"cards_removed":["Doubt"],"damage_healed":0,"gold_gain":0,"player_choice":"Card Removal","damage_taken":7,"max_hp_gain":0,"max_hp_loss":0,"event_name":"Golden Wing","floor":5,"gold_loss":0}],"is_beta":false,"boss_relics":[],"items_purged_floors":[3],"is_endless":false,"potions_floor_spawned":[7],"killed_by":"Exordium Wildlife","ascension_level":20}