{"gold_per_floor":[113,113,113,124,199,225,238,238,238,238,258,258,288,305,305,379,379,398,398,323,323,523,523,552,568,595,595,433,445,56,90,90,164,164,183,183,203,203,227,255,255,266,266,297,307,307,335,354,354,354,354,354,354,67,102,102],"floor_reached":57,"playtime":19033,"items_purged":["Strike_B+1","Dualcast"],"score":2926,"play_id":"1cecdeab-7bb6-4793-98eb-ad07a1f1720c","local_time":"20190423230749","is_ascension_mode":true,"campfire_choices":[{"data":"Chaos","floor":8.0,"key":"SMITH"},{"data":"Zap","floor":10.0,"key":"SMITH"},{"floor":12.0,"key":"REST"},{"data":"Chaos","floor":15.0,"key":"SMITH"},{"data":"Skim","floor":23.0,"key":"SMITH"},{"floor":27.0,"key":"REST"},{"data":"Undo","floor":32.0,"key":"SMITH"},{"floor":41.0,"key":"REST"},{"floor":46.0,"key":"REST"},{"floor":49.0,"key":"RECALL"},{"floor":53.0,"key":"REST"}],"neow_cost":"NONE","seed_source_timestamp":0,"circlet_count":0,"master_deck":["AscendersBane","Defend_B+1","Defend_B+1","Defend_B+1","Defend_B+1","Zap+1","Compile Driver","Go for the Eyes","Chaos+1","Ball Lightning","Skim+1","Chaos+1","Meteor Strike","Ball Lightning","Loop+1","Undo+1","Machine Learning+1","Cold Snap+1","Double Energy","Conserve Battery","Cold Snap+1","Consume","Hologram+1","Chaos+1","Glacier","Loop+1","Compile Driver+1"],"special_seed":0,"relics":["Cracked Core","NeowsBlessing","Singing Bowl","Ice Cream","Frozen Egg 2","Snecko Eye","Regal Pillow","Potion Belt","Oddly Smooth Stone","Lee\u0027s Waffle","FossilizedHelix","Empty Cage","Peace Pipe","Prayer Wheel","Bronze Scales","Blue Candle","Mango"],"potions_floor_usage":[55,55,56,56],"damage_taken":[{"damage":0.0,"enemies":"Cultist","floor":1.0,"turns":1.0},{"damage":0.0,"enemies":"Jaw Worm","floor":4.0,"turns":1.0},{"damage":0.0,"enemies":"3 Sentries","floor":6.0,"turns":1.0},{"damage":4.0,"enemies":"Small Slimes","floor":7.0,"turns":3.0},{"damage":5.0,"enemies":"3 Louse","floor":11.0,"turns":3.0},{"damage":5.0,"enemies":"Lagavulin","floor":13.0,"turns":7.0},{"damage":5.0,"enemies":"Blue Slaver","floor":14.0,"turns":2.0},{"damage":23.0,"enemies":"The Guardian","floor":16.0,"turns":9.0},{"damage":22.0,"enemies":"Shell Parasite","floor":18.0,"turns":3.0},{"damage":27.0,"enemies":"Gremlin Leader","floor":24.0,"turns":5.0},{"damage":0.0,"enemies":"Chosen","floor":25.0,"turns":3.0},{"damage":23.0,"enemies":"Shelled Parasite and Fungi","floor":29.0,"turns":3.0},{"damage":14.0,"enemies":"Book of Stabbing","floor":31.0,"turns":4.0},{"damage":0.0,"enemies":"Champ","floor":33.0,"turns":8.0},{"damage":0.0,"enemies":"Orb Walker","floor":35.0,"turns":3.0},{"damage":0.0,"enemies":"3 Darklings","floor":37.0,"turns":4.0},{"damage":0.0,"enemies":"4 Shapes","floor":38.0,"turns":2.0},{"damage":41.0,"enemies":"Giant Head","floor":40.0,"turns":8.0},{"damage":0.0,"enemies":"Transient","floor":42.0,"turns":6.0},{"damage":81.0,"enemies":"Nemesis","floor":44.0,"turns":10.0},{"damage":0.0,"enemies":"Spire Growth","floor":45.0,"turns":4.0},{"damage":0.0,"enemies":"Reptomancer","floor":47.0,"turns":7.0},{"damage":0.0,"enemies":"Sphere and 2 Shapes","floor":48.0,"turns":4.0},{"damage":54.0,"enemies":"Time Eater","floor":50.0,"turns":13.0},{"damage":1.0,"enemies":"Awakened One","floor":51.0,"turns":19.0},{"damage":30,"enemies":"Shield and Spear","floor":55,"turns":6},{"damage":84,"enemies":"The Heart","floor":56,"turns":9}],"seed_played":"8798826712542554578","potions_obtained":[{"floor":1.0,"key":"LiquidBronze"},{"floor":13.0,"key":"Fruit Juice"},{"floor":14.0,"key":"Block Potion"},{"floor":18.0,"key":"Regen Potion"},{"floor":29.0,"key":"SmokeBomb"},{"floor":33.0,"key":"Strength Potion"},{"floor":37.0,"key":"GamblersBrew"},{"floor":40.0,"key":"FocusPotion"},{"floor":45.0,"key":"Weak Potion"}],"is_trial":false,"path_per_floor":["M","?","?","M","?","E","M","R","T","R","M","R","E","M","R","B",null,"M","?","?","T","?","R","E","M","T","R","$","M","$","E","R","B",null,"M","$","M","M","T","E","R","M","T","E","M","R","E","M","R","B","B",null,"R","$","E","B",null],"character_chosen":"DEFECT","items_purchased":["Loop+1","Lee\u0027s Waffle","FocusPotion","Glacier","Loop+1","SkillPotion","GamblersBrew"],"campfire_rested":5,"item_purchase_floors":[28,30,30,54,54,54,54],"current_hp_per_floor":[64,69,46,46,35,35,31,31,31,31,28,51,51,46,46,23,68,46,46,46,46,46,46,35,37,37,78,78,57,96,82,82,82,93,93,93,93,93,93,52,95,95,95,16,20,65,65,65,65,11,10,79,102,102,86,2],"gold":102,"neow_bonus":"THREE_ENEMY_KILL","is_prod":false,"is_daily":false,"chose_seed":false,"campfire_upgraded":5,"win_rate":0,"timestamp":1556053669,"path_taken":["M","?","?","M","?","E","M","R","T","R","M","R","E","M","R","BOSS","M","?","?","?","?","R","E","M","T","R","$","?","$","E","R","BOSS","M","$","M","?","?","E","R","M","T","E","M","R","E","M","R","BOSS","BOSS","R","$","E","BOSS"],"build_version":"2019-01-23","purchased_purges":2,"victory":true,"max_hp_per_floor":[71,76,76,76,76,76,76,76,76,76,78,78,83,83,83,83,83,83,83,83,83,83,83,85,87,87,87,87,89,96,96,96,96,96,96,96,96,96,96,96,96,96,96,98,102,102,102,102,102,102,102,102,102,102,116,116],"card_choices":[{"not_picked":["Scrape","Hologram"],"picked":"Compile Driver","floor":1.0},{"not_picked":["Streamline","Hello World"],"picked":"Go for the Eyes","floor":4.0},{"not_picked":["Consume","Double Energy"],"picked":"Chaos","floor":6.0},{"not_picked":["Hologram","Conserve Battery"],"picked":"Ball Lightning","floor":7.0},{"not_picked":["Heatsinks","Blizzard","Rebound"],"picked":"Singing Bowl","floor":11.0},{"not_picked":["Recycle","Static Discharge"],"picked":"Skim","floor":13.0},{"not_picked":["Go for the Eyes","Gash"],"picked":"Chaos","floor":14.0},{"not_picked":["Echo Form+1","Machine Learning+1"],"picked":"Meteor Strike","floor":16.0},{"not_picked":["Redo","Storm+1"],"picked":"Ball Lightning","floor":18.0},{"not_picked":["Static Discharge+1","Barrage","Turbo"],"picked":"Singing Bowl","floor":24.0},{"not_picked":["Barrage+1","Leap","Stack"],"picked":"Singing Bowl","floor":25.0},{"not_picked":["Barrage","Reprogram","Conserve Battery"],"picked":"Singing Bowl","floor":29.0},{"not_picked":["Chill","Streamline"],"picked":"Undo","floor":31.0},{"not_picked":["Core Surge","Hyperbeam"],"picked":"Machine Learning+1","floor":33.0},{"not_picked":["Genetic Algorithm","Rip and Tear"],"picked":"Cold Snap+1","floor":35.0},{"not_picked":["Steam","Barrage"],"picked":"Double Energy","floor":37.0},{"not_picked":["Recycle+1","Sweeping Beam"],"picked":"Conserve Battery","floor":40.0},{"not_picked":["Gash","Conserve Battery"],"picked":"Cold Snap+1","floor":42.0},{"not_picked":["Stack","Hologram","Lockon"],"picked":"Singing Bowl","floor":44.0},{"not_picked":["Steam Power","Stack+1","Undo"],"picked":"Singing Bowl","floor":45.0},{"not_picked":["Heatsinks+1","Streamline","Leap"],"picked":"Singing Bowl","floor":45.0},{"not_picked":["Turbo","Hyperbeam"],"picked":"Consume","floor":47.0},{"not_picked":["Heatsinks+1","Barrage"],"picked":"Hologram+1","floor":48.0},{"not_picked":["Cold Snap+1","Fusion"],"picked":"Chaos+1","floor":48.0},{"not_picked":["Rebound","Cold Snap+1"],"picked":"Compile Driver+1","floor":55}],"player_experience":2549613,"relics_obtained":[{"floor":6.0,"key":"Singing Bowl"},{"floor":9.0,"key":"Ice Cream"},{"floor":13.0,"key":"Frozen Egg 2"},{"floor":21.0,"key":"Regal Pillow"},{"floor":24.0,"key":"Potion Belt"},{"floor":26.0,"key":"Oddly Smooth Stone"},{"floor":31.0,"key":"FossilizedHelix"},{"floor":40.0,"key":"Peace Pipe"},{"floor":43.0,"key":"Prayer Wheel"},{"floor":44.0,"key":"Bronze Scales"},{"floor":47.0,"key":"Blue Candle"},{"floor":55,"key":"Mango"}],"event_choices":[{"damage_healed":0.0,"max_hp_gain":5.0,"max_hp_loss":0.0,"gold_gain":0.0,"event_name":"Big Fish","player_choice":"Donut","floor":2.0,"gold_loss":0.0,"damage_taken":0.0},{"damage_healed":0.0,"max_hp_gain":0.0,"max_hp_loss":0.0,"gold_gain":0.0,"event_name":"Shining Light","player_choice":"Entered Light","floor":3.0,"gold_loss":0.0,"damage_taken":23.0,"cards_upgraded":["Defend_B","Defend_B"]},{"damage_healed":0.0,"max_hp_gain":0.0,"max_hp_loss":0.0,"gold_gain":75.0,"event_name":"World of Goop","player_choice":"Gather Gold","floor":5.0,"gold_loss":0.0,"damage_taken":11.0},{"damage_healed":0.0,"max_hp_gain":0.0,"max_hp_loss":0.0,"gold_gain":0.0,"event_name":"Back to Basics","player_choice":"Simplicity","floor":19.0,"gold_loss":0.0,"damage_taken":0.0,"cards_upgraded":["Strike_B","Strike_B","Strike_B","Strike_B","Defend_B","Defend_B"]},{"cards_removed":["Strike_B"],"damage_healed":0.0,"max_hp_gain":0.0,"max_hp_loss":0.0,"gold_gain":0.0,"event_name":"Beggar","player_choice":"Gave Gold","floor":20.0,"gold_loss":75.0,"damage_taken":0.0},{"damage_healed":0.0,"max_hp_gain":0.0,"max_hp_loss":0.0,"gold_gain":200.0,"event_name":"Wheel of Change","player_choice":"Gold","floor":22.0,"gold_loss":0.0,"damage_taken":0.0}],"is_beta":false,"boss_relics":[{"not_picked":["Inserter","Orrery"],"picked":"Snecko Eye"},{"not_picked":["Runic Dome","Velvet Choker"],"picked":"Empty Cage"}],"items_purged_floors":[28,30],"is_endless":false,"potions_floor_spawned":[1,13,14,18,29,33,37,40,45,47],"ascension_level":20}