{"gold_per_floor":[111,126,126,126,30,30,61,78,78,78,93,118,131,281,281,358,358,377,394,319,244,83,109,119,60,60,60,73,100,118,149,149,226,226,245,299,299,25,25,25,50,65,90,104,173,173,191,220,220,220],"floor_reached":50,"playtime":4459,"items_purged":["Doubt","Defend_G"],"score":1186,"play_id":"f9fadb6f-a8af-402d-a1e5-a8539f89723b","local_time":"20190306233233","is_ascension_mode":true,"campfire_choices":[{"floor":6.0,"key":"REST"},{"floor":10.0,"key":"REST"},{"data":"Catalyst","floor":15.0,"key":"SMITH"},{"floor":27.0,"key":"REST"},{"floor":32,"key":"REST"},{"floor":40,"key":"REST"},{"floor":46,"key":"REST"},{"floor":49,"key":"RECALL"}],"neow_cost":"NONE","seed_source_timestamp":1298790564806518,"circlet_count":0,"master_deck":["AscendersBane","Defend_G","Defend_G","Defend_G","Defend_G","Strike_G","Strike_G","Strike_G","Strike_G","Survivor","Neutralize+1","PiercingWail","Noxious Fumes","Crippling Poison","Well Laid Plans","Bouncing Flask","Catalyst+1","Caltrops","Wraith Form v2","Dagger Spray+1","Concentrate+1","Calculated Gamble","Wraith Form v2","PiercingWail+1","Catalyst","Deadly Poison+1","Bullet Time","Deflect+1"],"special_seed":0,"relics":["Ring of the Snake","Pantograph","Ornamental Fan","Oddly Smooth Stone","Mercury Hourglass","Runic Pyramid","Art of War","Omamori","Smiling Mask","Question Card","Blue Candle","Regal Pillow","Cursed Key","Ice Cream","Orichalcum","The Courier","Darkstone Periapt"],"potions_floor_usage":[31,36,41,50],"damage_taken":[{"damage":12.0,"enemies":"Jaw Worm","floor":1.0,"turns":6.0},{"damage":5.0,"enemies":"Small Slimes","floor":2.0,"turns":5.0},{"damage":20.0,"enemies":"3 Sentries","floor":7.0,"turns":8.0},{"damage":3.0,"enemies":"Cultist","floor":8.0,"turns":5.0},{"damage":4.0,"enemies":"Large Slime","floor":11.0,"turns":9.0},{"damage":9.0,"enemies":"Lagavulin","floor":12.0,"turns":6.0},{"damage":1.0,"enemies":"Looter","floor":13.0,"turns":4.0},{"damage":22.0,"enemies":"Hexaghost","floor":16.0,"turns":7.0},{"damage":13.0,"enemies":"Spheric Guardian","floor":18.0,"turns":7.0},{"damage":17.0,"enemies":"3 Byrds","floor":19.0,"turns":3.0},{"damage":20.0,"enemies":"Slavers","floor":23.0,"turns":5.0},{"damage":13.0,"enemies":"Centurion and Healer","floor":24.0,"turns":5.0},{"damage":0,"enemies":"Snake Plant","floor":28,"turns":4},{"damage":5,"enemies":"Book of Stabbing","floor":29,"turns":6},{"damage":2,"enemies":"Sentry and Sphere","floor":30,"turns":5},{"damage":19,"enemies":"Gremlin Leader","floor":31,"turns":7},{"damage":54,"enemies":"Automaton","floor":33,"turns":11},{"damage":8,"enemies":"3 Shapes","floor":35,"turns":6},{"damage":34,"enemies":"2 Orb Walkers","floor":36,"turns":6},{"damage":29,"enemies":"Reptomancer","floor":41,"turns":8},{"damage":6,"enemies":"Orb Walker","floor":42,"turns":4},{"damage":0,"enemies":"Maw","floor":44,"turns":5},{"damage":0,"enemies":"Jaw Worm Horde","floor":47,"turns":5},{"damage":1,"enemies":"Giant Head","floor":48,"turns":7},{"damage":79,"enemies":"Time Eater","floor":50,"turns":13}],"seed_played":"-2784614633473980286","potions_obtained":[{"floor":2.0,"key":"Dexterity Potion"},{"floor":8.0,"key":"SteroidPotion"},{"floor":12.0,"key":"Regen Potion"},{"floor":19.0,"key":"GhostInAJar"},{"floor":23.0,"key":"SteroidPotion"},{"floor":24.0,"key":"SpeedPotion"},{"floor":33,"key":"Weak Potion"},{"floor":42,"key":"Regen Potion"},{"floor":44,"key":"SpeedPotion"},{"floor":48,"key":"Ancient Potion"}],"is_trial":false,"path_per_floor":["M","M","?","?","$","R","E","M","T","R","M","E","M","?","R","B",null,"M","M","$","?","$","E","M","?","T","R","M","E","M","E","R","B",null,"M","?","?","$","?","R","E","M","T","M","T","R","M","E","R","B"],"character_chosen":"THE_SILENT","items_purchased":["Well Laid Plans","Poison Potion","Art of War","Orichalcum","SkillPotion"],"campfire_rested":6,"item_purchase_floors":[5,5,22,38,38],"current_hp_per_floor":[47,42,31,31,31,50,30,27,27,46,42,33,32,32,32,35,58,45,28,28,28,28,23,10,10,10,29,29,24,22,3,37,8,52,44,10,10,10,10,43,14,8,8,8,8,41,41,40,40,0],"gold":220,"neow_bonus":"THREE_CARDS","is_prod":false,"is_daily":false,"chose_seed":false,"campfire_upgraded":1,"win_rate":0,"timestamp":1551911553,"path_taken":["M","M","?","?","?","R","E","M","T","R","M","E","?","?","R","BOSS","M","M","$","?","$","E","M","?","T","R","?","E","M","E","R","BOSS","M","?","?","$","?","R","E","M","T","?","?","R","?","E","R","BOSS"],"build_version":"2019-01-23","purchased_purges":2,"victory":false,"max_hp_per_floor":[66,66,66,66,66,66,66,66,66,66,66,66,66,66,66,66,66,66,66,66,66,66,66,66,66,66,66,66,66,66,66,66,66,66,66,66,66,66,63,63,63,63,63,63,63,63,63,63,63,63],"card_choices":[{"not_picked":["Slice","Tactician"],"picked":"PiercingWail","floor":0.0},{"not_picked":["Poisoned Stab","Tactician"],"picked":"Noxious Fumes","floor":1.0},{"not_picked":["PiercingWail","Dagger Spray"],"picked":"Crippling Poison","floor":2.0},{"not_picked":["Deflect","Backflip"],"picked":"Sucker Punch","floor":7.0},{"not_picked":["Accuracy","PiercingWail"],"picked":"Bouncing Flask","floor":8.0},{"not_picked":["Cloak And Dagger","Deadly Poison"],"picked":"Catalyst","floor":11.0},{"not_picked":["Bane","Calculated Gamble"],"picked":"Caltrops","floor":12.0},{"not_picked":["Flechettes","Underhanded Strike","Riddle With Holes"],"picked":"SKIP","floor":13.0},{"not_picked":["Glass Knife","Grand Finale"],"picked":"Wraith Form v2","floor":16.0},{"not_picked":["Deadly Poison","Outmaneuver","Prepared"],"picked":"SKIP","floor":18.0},{"not_picked":["Backflip","Dagger Throw"],"picked":"Dagger Spray+1","floor":19.0},{"not_picked":["Underhanded Strike","Acrobatics+1","Riddle With Holes"],"picked":"SKIP","floor":23.0},{"not_picked":["Outmaneuver","Skewer"],"picked":"Concentrate+1","floor":24.0},{"not_picked":["Underhanded Strike","Bane","Finisher","Terror"],"picked":"SKIP","floor":28},{"not_picked":["Skewer+1","Terror","Finisher+1","Backstab"],"picked":"SKIP","floor":29},{"not_picked":["Storm of Steel","Dodge and Roll","Infinite Blades"],"picked":"Calculated Gamble","floor":30},{"not_picked":["Glass Knife","Backflip","Flying Knee","Dagger Throw+1"],"picked":"SKIP","floor":31},{"not_picked":["Envenom","A Thousand Cuts","Bullet Time"],"picked":"Wraith Form v2","floor":33},{"not_picked":["Reflex","Sucker Punch","Terror+1"],"picked":"PiercingWail+1","floor":35},{"not_picked":["Sucker Punch","A Thousand Cuts","Caltrops"],"picked":"Catalyst","floor":36},{"not_picked":["Finisher+1","Masterful Stab","Quick Slash+1"],"picked":"Deadly Poison+1","floor":41},{"not_picked":["Blade Dance","Heel Hook","Flechettes","Quick Slash+1"],"picked":"SKIP","floor":42},{"not_picked":["Backflip","Bane","Leg Sweep"],"picked":"Bullet Time","floor":44},{"not_picked":["Acrobatics","Deadly Poison","Quick Slash+1","Flechettes"],"picked":"SKIP","floor":47},{"not_picked":["Heel Hook","Leg Sweep+1","Glass Knife"],"picked":"Deflect+1","floor":48}],"player_experience":1905414,"relics_obtained":[{"floor":7.0,"key":"Ornamental Fan"},{"floor":9.0,"key":"Oddly Smooth Stone"},{"floor":12.0,"key":"Mercury Hourglass"},{"floor":23.0,"key":"Omamori"},{"floor":26.0,"key":"Question Card"},{"floor":29,"key":"Blue Candle"},{"floor":31,"key":"Regal Pillow"},{"floor":36,"key":"Ice Cream"},{"floor":45,"key":"The Courier"},{"floor":48,"key":"Darkstone Periapt"}],"event_choices":[{"damage_healed":0.0,"max_hp_gain":0.0,"max_hp_loss":0.0,"gold_gain":0.0,"event_name":"Scrap Ooze","player_choice":"Success","floor":3.0,"gold_loss":0.0,"damage_taken":11.0,"relics_obtained":["Pantograph"]},{"damage_healed":0.0,"max_hp_gain":0.0,"max_hp_loss":0.0,"gold_gain":0.0,"event_name":"Living Wall","player_choice":"Grow","floor":4.0,"gold_loss":0.0,"damage_taken":0.0,"cards_upgraded":["Neutralize"]},{"damage_healed":0.0,"max_hp_gain":0.0,"max_hp_loss":0.0,"gold_gain":150.0,"event_name":"Liars Game","player_choice":"AGREE","floor":14.0,"gold_loss":0.0,"damage_taken":0.0,"cards_obtained":["Doubt"]},{"cards_removed":["Strike_G"],"damage_healed":0.0,"max_hp_gain":0.0,"max_hp_loss":0.0,"gold_gain":0.0,"event_name":"Beggar","player_choice":"Gave Gold","floor":21.0,"gold_loss":75.0,"damage_taken":0.0},{"damage_healed":0.0,"max_hp_gain":0.0,"max_hp_loss":0.0,"gold_gain":0.0,"event_name":"WeMeetAgain","player_choice":"Paid Gold","floor":25.0,"gold_loss":59.0,"damage_taken":0.0,"relics_obtained":["Smiling Mask"]},{"damage_healed":0,"gold_gain":0,"player_choice":"Fight","damage_taken":0,"max_hp_gain":0,"max_hp_loss":0,"event_name":"Mysterious Sphere","floor":36,"gold_loss":0},{"cards_removed":["Sucker Punch"],"damage_healed":0,"gold_gain":0,"player_choice":"Removed Attack","damage_taken":0,"max_hp_gain":0,"max_hp_loss":0,"event_name":"Falling","floor":37,"gold_loss":0},{"damage_healed":0,"gold_gain":0,"player_choice":"Max HP","damage_taken":0,"max_hp_gain":0,"max_hp_loss":3,"event_name":"Winding Halls","floor":39,"gold_loss":0}],"is_beta":false,"boss_relics":[{"not_picked":["Black Star","Eternal Feather"],"picked":"Runic Pyramid"},{"not_picked":["Lizard Tail","Fusion Hammer"],"picked":"Cursed Key"}],"items_purged_floors":[20,38],"is_endless":false,"potions_floor_spawned":[2,8,12,19,23,24,33,42,44,48],"killed_by":"Time Eater","ascension_level":20}