{"gold_per_floor":[115,131,150,162,237,237,257,291,315,315],"floor_reached":10,"playtime":12392,"items_purged":[],"score":140,"play_id":"3203e34b-2949-499e-88b7-7f21997442c0","local_time":"20190217212234","is_ascension_mode":true,"campfire_choices":[{"data":"Body Slam","floor":6.0,"key":"SMITH"}],"neow_cost":"NONE","seed_source_timestamp":233149267347087,"circlet_count":0,"master_deck":["AscendersBane","Strike_R","Strike_R","Strike_R","Strike_R","Strike_R","Defend_R","Defend_R","Defend_R","Defend_R","Bash","Twin Strike","Flex","Body Slam+1","Pommel Strike","Spot Weakness","True Grit"],"special_seed":0,"relics":["Burning Blood","Happy Flower","Omamori","Regal Pillow"],"potions_floor_usage":[10],"damage_taken":[{"damage":3.0,"enemies":"2 Louse","floor":1.0,"turns":3.0},{"damage":5.0,"enemies":"Small Slimes","floor":2.0,"turns":4.0},{"damage":1.0,"enemies":"Cultist","floor":3.0,"turns":3.0},{"damage":10.0,"enemies":"3 Louse","floor":4.0,"turns":4.0},{"damage":0.0,"enemies":"Exordium Thugs","floor":7.0,"turns":3.0},{"damage":30.0,"enemies":"Lagavulin","floor":8.0,"turns":5.0},{"damage":45,"enemies":"3 Sentries","floor":10,"turns":5}],"seed_played":"-7255479264605168854","potions_obtained":[{"floor":2.0,"key":"SpeedPotion"},{"floor":4.0,"key":"Explosive Potion"}],"is_trial":false,"path_per_floor":["M","M","M","M","?","R","M","E","T","E"],"character_chosen":"IRONCLAD","items_purchased":[],"campfire_rested":0,"item_purchase_floors":[],"current_hp_per_floor":[71,72,75,71,60,60,66,42,42,0],"gold":315,"neow_bonus":"RANDOM_COMMON_RELIC","is_prod":false,"is_daily":false,"chose_seed":false,"campfire_upgraded":1,"win_rate":0,"timestamp":1550434954,"path_taken":["M","M","M","M","?","R","M","E","T","E"],"build_version":"2019-01-23","purchased_purges":0,"victory":false,"max_hp_per_floor":[75,75,75,75,75,75,75,75,75,75],"card_choices":[{"not_picked":["Thunderclap","Anger"],"picked":"Twin Strike","floor":1.0},{"not_picked":["Twin Strike","Evolve"],"picked":"Flex","floor":2.0},{"not_picked":["Wild Strike","Entrench"],"picked":"Body Slam","floor":3.0},{"not_picked":["Havoc","Rupture"],"picked":"Pommel Strike","floor":4.0},{"not_picked":["Headbutt","True Grit"],"picked":"Spot Weakness","floor":7.0},{"not_picked":["Berserk","Shrug It Off"],"picked":"True Grit","floor":8.0}],"player_experience":1712702,"relics_obtained":[{"floor":8.0,"key":"Omamori"},{"floor":9.0,"key":"Regal Pillow"}],"event_choices":[{"damage_healed":0.0,"max_hp_gain":0.0,"max_hp_loss":0.0,"gold_gain":75.0,"event_name":"World of Goop","player_choice":"Gather Gold","floor":5.0,"gold_loss":0.0,"damage_taken":11.0}],"is_beta":false,"boss_relics":[],"items_purged_floors":[],"is_endless":false,"potions_floor_spawned":[2,4],"killed_by":"3 Sentries","ascension_level":20}