{"gold_per_floor":[109,127,127,146,146,172,172,207,231,231,246,246,246,7,7,98,98,112,112,312,312,339,339],"floor_reached":23,"playtime":928,"items_purged":[],"score":390,"play_id":"70c069c7-9bfd-4410-b218-0c4d412a098a","local_time":"20180905174428","is_ascension_mode":true,"campfire_choices":[{"data":"Neutralize","floor":7.0,"key":"SMITH"},{"data":"Bullet Time","floor":10.0,"key":"SMITH"},{"floor":13.0,"key":"REST"},{"data":"Infinite Blades","floor":15.0,"key":"SMITH"}],"neow_cost":"CURSE","seed_source_timestamp":819898546990,"circlet_count":0,"master_deck":["Defend_G","Defend_G","Defend_G","Defend_G","Defend_G","Strike_G","Strike_G","Strike_G","Strike_G","Strike_G+1","Survivor","Neutralize+1","AscendersBane","Writhe","Wraith Form v2+1","Infinite Blades+1","Dagger Spray+1","Dagger Spray","Terror","Bullet Time+1","Wraith Form v2+1","Wraith Form v2","Heel Hook","Writhe","RitualDagger"],"special_seed":0,"relics":["Ring of the Snake","Art of War","Happy Flower","Strawberry","Golden Idol","DollysMirror","Sozu","Bag of Marbles","Lantern"],"potions_floor_usage":[16],"damage_taken":[{"damage":3.0,"enemies":"Jaw Worm","floor":1.0,"turns":6.0},{"damage":1.0,"enemies":"Small Slimes","floor":2.0,"turns":3.0},{"damage":3.0,"enemies":"2 Louse","floor":4.0,"turns":3.0},{"damage":5.0,"enemies":"Gremlin Nob","floor":6.0,"turns":5.0},{"damage":17.0,"enemies":"3 Sentries","floor":8.0,"turns":8.0},{"damage":14.0,"enemies":"Large Slime","floor":11.0,"turns":6.0},{"damage":15,"enemies":"Hexaghost","floor":16,"turns":12},{"damage":2,"enemies":"Chosen","floor":18,"turns":7},{"damage":43,"enemies":"Book of Stabbing","floor":23,"turns":6}],"seed_played":"281736537865024371","potions_obtained":[{"floor":1.0,"key":"Explosive Potion"},{"floor":6.0,"key":"Dexterity Potion"},{"floor":11.0,"key":"SpeedPotion"}],"is_trial":false,"path_per_floor":["M","M","?","M","?","E","R","E","T","R","M","?","R","$","R","B",null,"M","?","?","?","T"],"character_chosen":"THE_SILENT","items_purchased":["DollysMirror"],"campfire_rested":1,"item_purchase_floors":[14],"current_hp_per_floor":[56,55,55,52,32,27,27,10,17,17,3,3,22,22,22,7,51,49,49,49,43,43,0],"gold":339,"neow_bonus":"THREE_RARE_CARDS","is_prod":false,"is_daily":false,"chose_seed":false,"campfire_upgraded":3,"win_rate":0,"timestamp":1536162268,"path_taken":["M","M","?","M","?","E","R","E","T","R","M","?","R","$","R","BOSS","M","?","?","?","?","E"],"build_version":"2018-09-04-v2","purchased_purges":0,"victory":false,"max_hp_per_floor":[66,66,66,66,66,66,66,66,73,73,73,66,66,66,66,66,66,66,66,66,66,66,66],"card_choices":[{"not_picked":["Malaise","Tools of the Trade"],"picked":"Wraith Form v2","floor":0.0},{"not_picked":["Deadly Poison","Outmaneuver"],"picked":"Infinite Blades","floor":1.0},{"not_picked":["Masterful Stab","Dodge and Roll"],"picked":"Dagger Spray","floor":2.0},{"not_picked":["Blade Dance","Sucker Punch"],"picked":"Dagger Spray","floor":4.0},{"not_picked":["Caltrops","Blade Dance"],"picked":"Terror","floor":6.0},{"not_picked":["Masterful Stab","Deflect"],"picked":"Bullet Time","floor":8.0},{"not_picked":["Outmaneuver","Deadly Poison","Bane"],"picked":"SKIP","floor":11.0},{"not_picked":["Phantasmal Killer","Tools of the Trade"],"picked":"Wraith Form v2","floor":16},{"not_picked":["Outmaneuver","Expertise"],"picked":"Heel Hook","floor":18}],"player_experience":956865,"relics_obtained":[{"floor":6.0,"key":"Art of War"},{"floor":8.0,"key":"Happy Flower"},{"floor":9.0,"key":"Strawberry"},{"floor":22,"key":"Lantern"}],"event_choices":[{"event_name":"Living Wall","player_choice":"Grow","floor":3.0,"damage_taken":0.0},{"event_name":"Shining Light","player_choice":"Entered Light","floor":5.0,"damage_taken":0.0},{"event_name":"Golden Idol","player_choice":"Lose Max HP","floor":12.0,"damage_taken":0.0},{"event_name":"The Mausoleum","player_choice":"Yes","floor":19,"damage_taken":0},{"event_name":"The Joust","player_choice":"Bet on Owner","floor":20,"damage_taken":0},{"event_name":"Nest","player_choice":"Joined the Cult","floor":21,"damage_taken":0}],"is_beta":true,"boss_relics":[{"not_picked":["Empty Cage","Runic Dome"],"picked":"Sozu"}],"items_purged_floors":[],"is_endless":false,"potions_floor_spawned":[1,6,11],"killed_by":"Book of Stabbing","ascension_level":20}