{"gold_per_floor":[111,121,141,161,171,198,198,231,280,280,280,292,324,337,337,434,434,446,460,460,309,309,343,343,343,366,366,466,498,498,498,498,600,600,619,619,619,156,166,198,198,42,42,56,72,97,112,127,127,127,127,127,5,33,33],"floor_reached":56,"playtime":9264,"items_purged":["Strike_G","Decay","Strike_G+1"],"score":1444,"play_id":"c0104756-c592-433e-8841-355c31b68c94","local_time":"20190517054307","is_ascension_mode":true,"campfire_choices":[{"data":"Catalyst","floor":7.0,"key":"SMITH"},{"data":"Neutralize","floor":15.0,"key":"SMITH"},{"data":"Bouncing Flask","floor":24.0,"key":"SMITH"},{"data":"Catalyst","floor":27.0,"key":"SMITH"},{"floor":32.0,"key":"REST"},{"data":"Adrenaline","floor":41.0,"key":"SMITH"},{"floor":49.0,"key":"RECALL"},{"data":"Burst","floor":52.0,"key":"SMITH"}],"neow_cost":"NONE","seed_source_timestamp":118347443731857,"circlet_count":0,"master_deck":["Defend_G+1","Defend_G+1","Defend_G+1","Defend_G+1","Survivor","Neutralize+1","Burst+1","Dash","Catalyst+1","Footwork","Poisoned Stab","Masterful Stab","Footwork","Deadly Poison","Leg Sweep","Backflip","Bouncing Flask","Corpse Explosion","Bouncing Flask+1","Bouncing Flask","Caltrops","Prepared","Noxious Fumes","Ghostly","Ghostly","Ghostly","Ghostly","Ghostly","Catalyst+1","Predator","Adrenaline+1","Master of Strategy","Eviscerate+1","Crippling Poison+1","Tactician+1","Catalyst"],"special_seed":0,"relics":["Ring of the Serpent","Juzu Bracelet","Ancient Tea Set","Strawberry","Question Card","HoveringKite","PreservedInsect","Potion Belt","Smiling Mask","Singing Bowl","Meat on the Bone","Du-Vu Doll","Happy Flower","Frozen Egg 2","Art of War"],"potions_floor_usage":[55],"damage_taken":[{"damage":0.0,"enemies":"2 Louse","floor":1.0,"turns":4.0},{"damage":0.0,"enemies":"Cultist","floor":2.0,"turns":4.0},{"damage":0.0,"enemies":"Jaw Worm","floor":3.0,"turns":5.0},{"damage":4.0,"enemies":"Looter","floor":4.0,"turns":4.0},{"damage":0.0,"enemies":"Red Slaver","floor":5.0,"turns":6.0},{"damage":18.0,"enemies":"3 Sentries","floor":6.0,"turns":8.0},{"damage":15.0,"enemies":"Lagavulin","floor":8.0,"turns":8.0},{"damage":10.0,"enemies":"Gremlin Gang","floor":12.0,"turns":4.0},{"damage":0.0,"enemies":"Gremlin Nob","floor":13.0,"turns":3.0},{"damage":0.0,"enemies":"Exordium Wildlife","floor":14.0,"turns":3.0},{"damage":0.0,"enemies":"Slime Boss","floor":16.0,"turns":3.0},{"damage":20.0,"enemies":"2 Thieves","floor":18.0,"turns":4.0},{"damage":0.0,"enemies":"Spheric Guardian","floor":19.0,"turns":2.0},{"damage":28.0,"enemies":"Book of Stabbing","floor":23.0,"turns":5.0},{"damage":9.0,"enemies":"Gremlin Leader","floor":29.0,"turns":4.0},{"damage":24.0,"enemies":"Collector","floor":33.0,"turns":8.0},{"damage":2.0,"enemies":"3 Shapes","floor":35.0,"turns":3.0},{"damage":0.0,"enemies":"3 Darklings","floor":39.0,"turns":2.0},{"damage":28.0,"enemies":"Nemesis","floor":40.0,"turns":5.0},{"damage":0.0,"enemies":"Transient","floor":44.0,"turns":5.0},{"damage":0.0,"enemies":"Writhing Mass","floor":45.0,"turns":4.0},{"damage":1.0,"enemies":"Giant Head","floor":46.0,"turns":3.0},{"damage":3.0,"enemies":"Spire Growth","floor":47.0,"turns":5.0},{"damage":0.0,"enemies":"Maw","floor":48.0,"turns":4.0},{"damage":10.0,"enemies":"Donu and Deca","floor":50.0,"turns":3.0},{"damage":6.0,"enemies":"Shield and Spear","floor":54.0,"turns":6.0},{"damage":40,"enemies":"The Heart","floor":55,"turns":6}],"seed_played":"5648429780440451866","potions_obtained":[{"floor":1.0,"key":"LiquidBronze"},{"floor":3.0,"key":"LiquidBronze"},{"floor":4.0,"key":"Poison Potion"},{"floor":12.0,"key":"AttackPotion"},{"floor":29.0,"key":"FairyPotion"},{"floor":33.0,"key":"SteroidPotion"},{"floor":40.0,"key":"Block Potion"},{"floor":44.0,"key":"Block Potion"},{"floor":45.0,"key":"Explosive Potion"},{"floor":46.0,"key":"Regen Potion"},{"floor":54.0,"key":"Block Potion"}],"is_trial":false,"path_per_floor":["M","M","M","M","M","E","R","E","T","?","?","M","E","M","R","B",null,"M","M","?","$","?","E","R","?","T","R","?","E","?","T","R","B",null,"M","?","?","$","M","E","R","$","T","M","M","E","M","M","R","B",null,"R","$","E","B",null],"character_chosen":"THE_SILENT","items_purchased":["Noxious Fumes","Meat on the Bone","Master of Strategy","Happy Flower","Catalyst"],"campfire_rested":1,"item_purchase_floors":[21,38,38,42,53],"current_hp_per_floor":[70,70,70,66,66,48,48,33,40,40,40,30,30,30,30,30,77,57,57,57,57,38,10,10,10,10,10,10,1,1,1,12,2,38,38,38,40,40,42,28,28,28,28,28,30,29,43,43,43,33,48,48,48,44,16],"gold":33,"neow_bonus":"TRANSFORM_CARD","is_prod":false,"is_daily":false,"chose_seed":false,"campfire_upgraded":6,"win_rate":0,"timestamp":1558051987,"path_taken":["M","M","M","M","M","E","R","E","T","?","?","M","E","M","R","BOSS","M","M","?","$","?","E","R","?","T","R","?","E","?","?","R","BOSS","M","?","?","?","M","E","R","?","T","M","M","E","M","M","R","BOSS","R","$","E","BOSS"],"build_version":"2019-01-23","purchased_purges":3,"victory":true,"max_hp_per_floor":[70,70,70,70,70,70,70,70,77,77,77,77,77,77,77,77,77,77,77,77,77,38,38,38,38,38,38,38,38,38,38,38,38,38,40,38,40,40,42,44,44,44,44,44,46,46,48,48,48,48,48,48,48,50,50],"card_choices":[{"not_picked":["Eviscerate","PiercingWail"],"picked":"Dash","floor":1.0},{"not_picked":["Acrobatics","Expertise"],"picked":"Catalyst","floor":2.0},{"not_picked":["Dodge and Roll","Dash"],"picked":"Footwork","floor":3.0},{"not_picked":["Slice","Blade Dance"],"picked":"Poisoned Stab","floor":4.0},{"not_picked":["Dagger Throw","Flechettes"],"picked":"Masterful Stab","floor":5.0},{"not_picked":["Heel Hook","Calculated Gamble"],"picked":"Footwork","floor":6.0},{"not_picked":["Venomology","Deflect"],"picked":"Deadly Poison","floor":8.0},{"not_picked":["Setup","Flying Knee"],"picked":"Leg Sweep","floor":12.0},{"not_picked":["Dodge and Roll","Flying Knee"],"picked":"Backflip","floor":13.0},{"not_picked":["Quick Slash","Flechettes","Setup"],"picked":"Bouncing Flask","floor":14.0},{"not_picked":["A Thousand Cuts","Burst","After Image"],"picked":"Corpse Explosion","floor":16.0},{"not_picked":["Prepared","Noxious Fumes","Sucker Punch"],"picked":"Bouncing Flask","floor":18.0},{"not_picked":["Deflect","Dagger Throw","Deadly Poison"],"picked":"Bouncing Flask","floor":19.0},{"not_picked":["Tools of the Trade","Escape Plan+1","Dodge and Roll"],"picked":"Catalyst","floor":23.0},{"not_picked":["Corpse Explosion","All Out Attack","Accuracy"],"picked":"Predator","floor":29.0},{"not_picked":["Corpse Explosion","Glass Knife","Envenom"],"picked":"Adrenaline","floor":33.0},{"not_picked":["Noxious Fumes+1","Dodge and Roll","Masterful Stab+1","Dagger Throw"],"picked":"Singing Bowl","floor":35.0},{"not_picked":["Dramatic Entrance","Good Instincts","Mind Blast","Discovery"],"picked":"Singing Bowl","floor":37.0},{"not_picked":["Deadly Poison","Masterful Stab+1","PiercingWail","Blur"],"picked":"Singing Bowl","floor":39.0},{"not_picked":["Acrobatics+1","Choke+1","Dagger Spray+1","Eviscerate"],"picked":"Singing Bowl","floor":40.0},{"not_picked":["Concentrate+1","Dagger Throw+1","Acrobatics+1"],"picked":"Eviscerate+1","floor":44.0},{"not_picked":["Heel Hook","Prepared","Flying Knee+1","Blade Dance+1"],"picked":"Singing Bowl","floor":45.0},{"not_picked":["Cloak And Dagger+1","Phantasmal Killer","Terror+1"],"picked":"Crippling Poison+1","floor":46.0},{"not_picked":["Backstab","Cloak And Dagger+1","Setup","Flechettes"],"picked":"Singing Bowl","floor":47.0},{"not_picked":["Accuracy+1","Flying Knee+1","Outmaneuver"],"picked":"Tactician+1","floor":48.0},{"not_picked":["Slice","Calculated Gamble+1","Crippling Poison","Prepared"],"picked":"Singing Bowl","floor":54.0}],"player_experience":394652,"relics_obtained":[{"floor":6.0,"key":"Juzu Bracelet"},{"floor":8.0,"key":"Ancient Tea Set"},{"floor":9.0,"key":"Strawberry"},{"floor":13.0,"key":"Question Card"},{"floor":23.0,"key":"PreservedInsect"},{"floor":26.0,"key":"Potion Belt"},{"floor":29.0,"key":"Smiling Mask"},{"floor":31.0,"key":"Singing Bowl"},{"floor":40.0,"key":"Du-Vu Doll"},{"floor":46.0,"key":"Frozen Egg 2"},{"floor":54.0,"key":"Art of War"}],"event_choices":[{"cards_removed":["Defend_G"],"damage_healed":0.0,"max_hp_gain":0.0,"max_hp_loss":0.0,"gold_gain":0.0,"event_name":"Purifier","player_choice":"Purged","floor":10.0,"gold_loss":0.0,"damage_taken":0.0},{"damage_healed":0.0,"max_hp_gain":0.0,"max_hp_loss":0.0,"gold_gain":0.0,"event_name":"The Woman in Blue","player_choice":"Bought 0 Potions","floor":11.0,"gold_loss":0.0,"damage_taken":0.0},{"damage_healed":0.0,"max_hp_gain":0.0,"max_hp_loss":0.0,"gold_gain":0.0,"cards_transformed":["Strike_G","Strike_G"],"event_name":"Drug Dealer","player_choice":"Became Test Subject","floor":20.0,"gold_loss":0.0,"damage_taken":0.0,"cards_obtained":["Caltrops","Prepared"]},{"damage_healed":0.0,"max_hp_gain":0.0,"max_hp_loss":39.0,"gold_gain":0.0,"event_name":"Ghosts","player_choice":"Became a Ghost","floor":22.0,"gold_loss":0.0,"damage_taken":0.0,"cards_obtained":["Ghostly","Ghostly","Ghostly","Ghostly","Ghostly"]},{"damage_healed":0.0,"max_hp_gain":0.0,"max_hp_loss":0.0,"gold_gain":0.0,"event_name":"Wheel of Change","player_choice":"Cursed","floor":25.0,"gold_loss":0.0,"damage_taken":0.0,"cards_obtained":["Decay"]},{"damage_healed":0.0,"max_hp_gain":0.0,"max_hp_loss":0.0,"gold_gain":100.0,"event_name":"Golden Shrine","player_choice":"Pray","floor":28.0,"gold_loss":0.0,"damage_taken":0.0},{"damage_healed":0.0,"max_hp_gain":0.0,"max_hp_loss":0.0,"gold_gain":0.0,"event_name":"Back to Basics","player_choice":"Simplicity","floor":30.0,"gold_loss":0.0,"damage_taken":0.0,"cards_upgraded":["Defend_G","Defend_G","Defend_G","Defend_G","Strike_G"]},{"damage_healed":0.0,"max_hp_gain":0.0,"max_hp_loss":2.0,"gold_gain":0.0,"event_name":"Winding Halls","player_choice":"Max HP","floor":36.0,"gold_loss":0.0,"damage_taken":0.0},{"damage_healed":0.0,"max_hp_gain":0.0,"max_hp_loss":0.0,"gold_gain":0.0,"event_name":"SensoryStone","player_choice":"Memory 1","floor":37.0,"gold_loss":0.0,"damage_taken":0.0}],"is_beta":false,"boss_relics":[{"not_picked":["Runic Pyramid","Snecko Eye"],"picked":"HoveringKite"},{"not_picked":["Coffee Dripper","Orrery"],"picked":"Ring of the Serpent"}],"items_purged_floors":[21,38,53],"is_endless":false,"potions_floor_spawned":[1,3,4,12,29,33,40,44,45,46,54],"ascension_level":2}