{"gold_per_floor":[19,38,48,48,72,103,103,135,159,170,170,204,227,227,227,298,298,298],"floor_reached":18,"playtime":982,"items_purged":[],"score":329,"play_id":"d400f4b1-fccf-4efc-a971-fc5a7a902a15","local_time":"20190416232754","is_ascension_mode":true,"campfire_choices":[{"floor":7.0,"key":"REST"},{"floor":11.0,"key":"REST"},{"floor":15.0,"key":"REST"}],"neow_cost":"NO_GOLD","seed_source_timestamp":0,"circlet_count":0,"master_deck":["AscendersBane","Strike_R","Strike_R","Strike_R","Strike_R","Defend_R","Defend_R","Defend_R","Defend_R","Bash","Shrug It Off","Heavy Blade","Rage","Intimidate","Cleave","Iron Wave","Uppercut","Thunderclap","Feed","Shrug It Off","Exhume"],"special_seed":0,"relics":["Burning Blood","Prayer Wheel","Juzu Bracelet","Dream Catcher","Champion Belt","Orichalcum","Potion Belt","Odd Mushroom","Philosopher\u0027s Stone"],"potions_floor_usage":[],"damage_taken":[{"damage":10.0,"enemies":"2 Louse","floor":1.0,"turns":3.0},{"damage":12.0,"enemies":"Jaw Worm","floor":2.0,"turns":5.0},{"damage":9.0,"enemies":"Small Slimes","floor":3.0,"turns":4.0},{"damage":25.0,"enemies":"3 Sentries","floor":6.0,"turns":14.0},{"damage":38.0,"enemies":"Gremlin Nob","floor":8.0,"turns":6.0},{"damage":6.0,"enemies":"Exordium Thugs","floor":10.0,"turns":4.0},{"damage":13.0,"enemies":"3 Sentries","floor":12.0,"turns":9.0},{"damage":10.0,"enemies":"The Mushroom Lair","floor":13.0,"turns":3.0},{"damage":35.0,"enemies":"Hexaghost","floor":16.0,"turns":15.0},{"damage":0,"enemies":"3 Byrds","floor":18,"turns":1}],"seed_played":"-1245102750726834149","potions_obtained":[{"floor":2.0,"key":"SpeedPotion"},{"floor":3.0,"key":"SpeedPotion"},{"floor":6.0,"key":"Weak Potion"},{"floor":12.0,"key":"EntropicBrew"},{"floor":13.0,"key":"SpeedPotion"},{"floor":16.0,"key":"FearPotion"}],"is_trial":false,"path_per_floor":["M","M","M","?","T","E","R","E","T","M","R","E","?","?","R","B",null,"M"],"character_chosen":"IRONCLAD","items_purchased":[],"campfire_rested":3,"item_purchase_floors":[],"current_hp_per_floor":[64,58,55,55,55,36,58,26,26,26,48,41,37,30,52,23,62,62],"gold":298,"neow_bonus":"ONE_RARE_RELIC","is_prod":false,"is_daily":false,"chose_seed":false,"campfire_upgraded":0,"win_rate":0,"timestamp":1555482474,"path_taken":["M","M","M","?","?","E","R","E","T","M","R","E","?","?","R","BOSS","M"],"build_version":"2019-01-23","purchased_purges":0,"victory":false,"max_hp_per_floor":[75,75,75,75,75,75,75,75,75,75,75,75,75,75,75,75,75,75],"card_choices":[{"not_picked":["Armaments","Sword Boomerang"],"picked":"Shrug It Off","floor":1.0},{"not_picked":["Corruption","Havoc"],"picked":"Heavy Blade","floor":1.0},{"not_picked":["Infernal Blade","Thunderclap"],"picked":"Rage","floor":2.0},{"not_picked":["Dropkick","Sword Boomerang","Heavy Blade"],"picked":"SKIP","floor":2.0},{"not_picked":["Flex","Warcry"],"picked":"Intimidate","floor":3.0},{"not_picked":["Blood for Blood","Carnage","Havoc"],"picked":"SKIP","floor":3.0},{"not_picked":["Second Wind","Perfected Strike"],"picked":"Cleave","floor":6.0},{"not_picked":["Metallicize","Juggernaut"],"picked":"Iron Wave","floor":7.0},{"not_picked":["Reckless Charge","Perfected Strike"],"picked":"Uppercut","floor":8.0},{"not_picked":["Warcry","Headbutt"],"picked":"Thunderclap","floor":10.0},{"not_picked":["Heavy Blade","Dual Wield","Wild Strike"],"picked":"SKIP","floor":10.0},{"not_picked":["Inflame","Wild Strike"],"picked":"Feed","floor":12.0},{"not_picked":["Bloodletting","Heavy Blade"],"picked":"Shrug It Off","floor":13.0},{"not_picked":["Limit Break","Fiend Fire"],"picked":"Exhume","floor":16.0}],"player_experience":717061,"relics_obtained":[{"floor":5.0,"key":"Juzu Bracelet"},{"floor":6.0,"key":"Dream Catcher"},{"floor":8.0,"key":"Champion Belt"},{"floor":9.0,"key":"Orichalcum"},{"floor":12.0,"key":"Potion Belt"},{"floor":13.0,"key":"Odd Mushroom"}],"event_choices":[{"damage_healed":0.0,"max_hp_gain":0.0,"max_hp_loss":0.0,"gold_gain":0.0,"event_name":"Shining Light","player_choice":"Ignored","floor":4.0,"gold_loss":0.0,"damage_taken":0.0},{"damage_healed":0.0,"max_hp_gain":0.0,"max_hp_loss":0.0,"gold_gain":0.0,"event_name":"Mushrooms","player_choice":"Fought Mushrooms","floor":13.0,"gold_loss":0.0,"damage_taken":0.0},{"cards_removed":["Strike_R"],"damage_healed":0.0,"max_hp_gain":0.0,"max_hp_loss":0.0,"gold_gain":0.0,"event_name":"Golden Wing","player_choice":"Card Removal","floor":14.0,"gold_loss":0.0,"damage_taken":7.0}],"is_beta":false,"boss_relics":[{"not_picked":["Velvet Choker","Empty Cage"],"picked":"Philosopher\u0027s Stone"}],"items_purged_floors":[],"is_endless":false,"potions_floor_spawned":[2,3,6,12,13,16],"killed_by":"3 Byrds","ascension_level":17}