{"gold_per_floor":[119,132,15,15,15,46,46,46,72,72,72,72,107,107,107,184,184,203,253,153,153,172,172,172],"floor_reached":24,"playtime":1008,"items_purged":["Strike_R","Strike_R"],"score":446,"play_id":"d9f0e860-9642-449c-8ff5-16aa896f2bb6","local_time":"20190406195448","is_ascension_mode":true,"campfire_choices":[{"data":"Anger","floor":8.0,"key":"SMITH"},{"data":"Bash","floor":10.0,"key":"SMITH"},{"data":"Spot Weakness","floor":12.0,"key":"SMITH"},{"data":"Shrug It Off","floor":15.0,"key":"SMITH"},{"floor":23,"key":"REST"}],"neow_cost":"NONE","seed_source_timestamp":255158635737416,"circlet_count":0,"master_deck":["AscendersBane","Strike_R","Strike_R","Defend_R","Defend_R","Defend_R+1","Defend_R","Bash+1","Sword Boomerang+1","Spot Weakness+1","Evolve+1","Anger+1","Shrug It Off+1","Offering","Heavy Blade","RitualDagger"],"special_seed":0,"relics":["Burning Blood","NeowsBlessing","Ornamental Fan","Juzu Bracelet","Mercury Hourglass","White Beast Statue"],"potions_floor_usage":[18,22,24],"damage_taken":[{"damage":0.0,"enemies":"Cultist","floor":1.0,"turns":1.0},{"damage":0.0,"enemies":"Jaw Worm","floor":2.0,"turns":1.0},{"damage":0.0,"enemies":"Lagavulin","floor":6.0,"turns":1.0},{"damage":12.0,"enemies":"3 Sentries","floor":13.0,"turns":5.0},{"damage":19,"enemies":"Hexaghost","floor":16,"turns":8},{"damage":23,"enemies":"2 Thieves","floor":18,"turns":2},{"damage":14,"enemies":"3 Byrds","floor":22,"turns":4},{"damage":58,"enemies":"Gremlin Leader","floor":24,"turns":5}],"seed_played":"-8242157091402934941","potions_obtained":[{"floor":6.0,"key":"Strength Potion"},{"floor":13.0,"key":"Ancient Potion"},{"floor":18,"key":"PowerPotion"},{"floor":22,"key":"LiquidBronze"}],"is_trial":false,"path_per_floor":["M","M","$","$","?","E","$","R","T","R","?","R","E","?","R","B",null,"M","?","$","?","M","R","E"],"character_chosen":"IRONCLAD","items_purchased":["Evolve"],"campfire_rested":1,"item_purchase_floors":[3],"current_hp_per_floor":[74,75,75,75,52,58,58,58,58,58,51,51,45,45,45,32,64,47,47,47,41,33,55,0],"gold":172,"neow_bonus":"THREE_ENEMY_KILL","is_prod":false,"is_daily":false,"chose_seed":false,"campfire_upgraded":4,"win_rate":0,"timestamp":1554573288,"path_taken":["M","?","?","$","?","E","?","R","T","R","?","R","E","?","R","BOSS","M","?","$","?","M","R","E"],"build_version":"2019-01-23","purchased_purges":2,"victory":false,"max_hp_per_floor":[75,75,75,75,75,75,75,75,75,75,75,75,75,75,75,75,75,75,75,75,75,75,75,75],"card_choices":[{"not_picked":["Clash","Cleave"],"picked":"Sword Boomerang","floor":1.0},{"not_picked":["Clash","Clothesline"],"picked":"Spot Weakness","floor":2.0},{"not_picked":["Dropkick","Combust"],"picked":"Anger","floor":6.0},{"not_picked":["Perfected Strike","Ghostly Armor"],"picked":"Shrug It Off","floor":13.0},{"not_picked":["Barricade","Juggernaut"],"picked":"Offering","floor":16},{"not_picked":["Rampage","Anger"],"picked":"Heavy Blade","floor":18},{"not_picked":["Sword Boomerang","Anger","Armaments"],"picked":"SKIP","floor":22}],"player_experience":2419481,"relics_obtained":[{"floor":6.0,"key":"Ornamental Fan"},{"floor":9.0,"key":"Juzu Bracelet"},{"floor":13.0,"key":"Mercury Hourglass"}],"event_choices":[{"damage_healed":0.0,"max_hp_gain":0.0,"max_hp_loss":0.0,"gold_gain":0.0,"event_name":"Shining Light","player_choice":"Entered Light","floor":5.0,"gold_loss":0.0,"damage_taken":23.0,"cards_upgraded":["Defend_R","Evolve"]},{"cards_removed":["Strike_R"],"damage_healed":0.0,"max_hp_gain":0.0,"max_hp_loss":0.0,"gold_gain":0.0,"event_name":"Golden Wing","player_choice":"Card Removal","floor":11.0,"gold_loss":0.0,"damage_taken":7.0},{"damage_healed":0.0,"max_hp_gain":0.0,"max_hp_loss":0.0,"gold_gain":0.0,"event_name":"Living Wall","player_choice":"Grow","floor":14.0,"gold_loss":0.0,"damage_taken":0.0,"cards_upgraded":["Sword Boomerang"]},{"damage_healed":0,"gold_gain":100,"player_choice":"Bet on Murderer","damage_taken":0,"max_hp_gain":0,"max_hp_loss":0,"event_name":"The Joust","floor":19,"gold_loss":50},{"damage_healed":0,"gold_gain":0,"player_choice":"Joined the Cult","damage_taken":6,"max_hp_gain":0,"max_hp_loss":0,"event_name":"Nest","floor":21,"gold_loss":0,"cards_obtained":["RitualDagger"]}],"is_beta":false,"boss_relics":[{"not_picked":["Cursed Key","Eternal Feather"],"picked":"White Beast Statue"}],"items_purged_floors":[3,20],"is_endless":false,"potions_floor_spawned":[6,13,16,18,22],"killed_by":"Gremlin Leader","ascension_level":20}