{"gold_per_floor":[118,118,268,115,132,132,159,177,246,265,265,298,316,50,50,124,124,137,152,252,272,272,272,306,112,112,130,143,157,177,206,206,277,277,288,588,604,615,615,647,647,674,674,674,674,709,724,724,724,724,724,724,724,11,11],"floor_reached":55,"playtime":8576,"items_purged":["Doubt","Strike_G","Strike_G"],"score":2089,"play_id":"98424b1f-0caa-466f-bdf5-d740b4091455","local_time":"20190306215355","is_ascension_mode":true,"campfire_choices":[{"data":"Neutralize","floor":6.0,"key":"SMITH"},{"data":"Cloak And Dagger","floor":11.0,"key":"SMITH"},{"data":"Footwork","floor":15.0,"key":"SMITH"},{"floor":23.0,"key":"REST"},{"floor":32.0,"key":"REST"},{"floor":41.0,"key":"RECALL"},{"floor":44.0,"key":"REST"},{"floor":49.0,"key":"REST"},{"floor":53,"key":"REST"}],"neow_cost":"NONE","seed_source_timestamp":0,"circlet_count":0,"master_deck":["AscendersBane","Defend_G","Defend_G","Defend_G","Defend_G","Defend_G","Strike_G","Strike_G","Strike_G","Survivor","Neutralize+1","Footwork+1","Noxious Fumes","Deadly Poison","Bane","Cloak And Dagger+1","Blade Dance+1","Cloak And Dagger+1","PiercingWail+1","Apotheosis+1","Bouncing Flask+1","Bullet Time+1","Backstab","Deflect+1","Caltrops","Dodge and Roll+1","Acrobatics+1","Footwork","Dagger Spray+1","Malaise+1","Catalyst+1","Dodge and Roll+1","A Thousand Cuts","Adrenaline+1","Infinite Blades","Predator"],"special_seed":0,"relics":["Ring of the Serpent","NeowsBlessing","Centennial Puzzle","Kunai","Toxic Egg 2","Bag of Preparation","Unceasing Top","Letter Opener","Singing Bowl","Sundial","Blood Vial","Happy Flower","Snecko Eye","Snake Skull","Strawberry","Blue Candle","CultistMask","Tough Bandages"],"potions_floor_usage":[55,55],"damage_taken":[{"damage":0.0,"enemies":"Small Slimes","floor":1.0,"turns":2.0},{"damage":0.0,"enemies":"Jaw Worm","floor":5.0,"turns":1.0},{"damage":0.0,"enemies":"Gremlin Nob","floor":7.0,"turns":1.0},{"damage":1.0,"enemies":"Cultist","floor":8.0,"turns":4.0},{"damage":3.0,"enemies":"Exordium Thugs","floor":10.0,"turns":6.0},{"damage":13.0,"enemies":"3 Sentries","floor":12.0,"turns":7.0},{"damage":0.0,"enemies":"Red Slaver","floor":13.0,"turns":5.0},{"damage":3.0,"enemies":"Hexaghost","floor":16.0,"turns":9.0},{"damage":5.0,"enemies":"3 Byrds","floor":18.0,"turns":7.0},{"damage":0.0,"enemies":"Spheric Guardian","floor":19.0,"turns":3.0},{"damage":5.0,"enemies":"Colosseum Slavers","floor":20.0,"turns":4.0},{"damage":7.0,"enemies":"Colosseum Nobs","floor":20.0,"turns":7.0},{"damage":1.0,"enemies":"Shelled Parasite and Fungi","floor":21.0,"turns":5.0},{"damage":17.0,"enemies":"Book of Stabbing","floor":24.0,"turns":5.0},{"damage":5.0,"enemies":"Centurion and Healer","floor":27.0,"turns":8.0},{"damage":1.0,"enemies":"Snake Plant","floor":28.0,"turns":5.0},{"damage":1.0,"enemies":"Cultist and Chosen","floor":29.0,"turns":6.0},{"damage":4.0,"enemies":"Sentry and Sphere","floor":30.0,"turns":4.0},{"damage":6.0,"enemies":"Gremlin Leader","floor":31.0,"turns":5.0},{"damage":13.0,"enemies":"Champ","floor":33.0,"turns":14.0},{"damage":3.0,"enemies":"3 Shapes","floor":35.0,"turns":6.0},{"damage":0.0,"enemies":"Orb Walker","floor":37.0,"turns":4.0},{"damage":2.0,"enemies":"Spire Growth","floor":38.0,"turns":5.0},{"damage":1.0,"enemies":"Giant Head","floor":40.0,"turns":8.0},{"damage":44.0,"enemies":"Reptomancer","floor":42.0,"turns":8.0},{"damage":1.0,"enemies":"Nemesis","floor":46.0,"turns":6.0},{"damage":8.0,"enemies":"Maw","floor":47.0,"turns":5.0},{"damage":26,"enemies":"Donu and Deca","floor":50,"turns":10},{"damage":31,"enemies":"Awakened One","floor":51,"turns":12},{"damage":86,"enemies":"Shield and Spear","floor":55,"turns":5}],"seed_played":"-5022612398910674131","potions_obtained":[{"floor":1.0,"key":"FearPotion"},{"floor":7.0,"key":"EntropicBrew"},{"floor":8.0,"key":"GhostInAJar"},{"floor":13.0,"key":"GamblersBrew"},{"floor":20.0,"key":"GhostInAJar"},{"floor":21.0,"key":"SpeedPotion"},{"floor":24.0,"key":"Strength Potion"},{"floor":29.0,"key":"SkillPotion"},{"floor":31.0,"key":"EntropicBrew"},{"floor":33.0,"key":"Weak Potion"},{"floor":40.0,"key":"GamblersBrew"},{"floor":46.0,"key":"AttackPotion"},{"floor":47.0,"key":"Ancient Potion"}],"is_trial":false,"path_per_floor":["M","?","?","$","M","R","E","M","T","M","R","E","M","$","R","B",null,"M","M","?","M","T","R","E","$","T","M","M","M","M","E","R","B",null,"M","?","M","M","?","E","R","E","T","R","?","E","M","?","R","B","B",null,"R","$","E"],"character_chosen":"THE_SILENT","items_purchased":["Noxious Fumes","Apotheosis+1","Bouncing Flask+1","Acrobatics+1","Footwork","Adrenaline+1","Infinite Blades","Predator","Tough Bandages"],"campfire_rested":5,"item_purchase_floors":[4,14,14,25,25,54,54,54,54],"current_hp_per_floor":[59,41,41,41,41,41,41,40,40,37,37,24,24,24,24,21,55,50,50,38,37,37,56,39,39,39,38,41,42,42,40,62,51,68,67,67,69,71,71,71,71,37,37,61,61,64,60,60,85,59,30,71,85,85,0],"gold":11,"neow_bonus":"THREE_ENEMY_KILL","is_prod":false,"is_daily":false,"chose_seed":false,"campfire_upgraded":3,"win_rate":0,"timestamp":1551905635,"path_taken":["M","?","?","?","M","R","E","M","T","M","R","E","M","$","R","BOSS","M","M","?","M","?","R","E","$","T","?","M","M","?","E","R","BOSS","M","?","?","M","?","E","R","E","T","R","?","E","?","?","R","BOSS","BOSS","R","$","E"],"build_version":"2019-01-23","purchased_purges":3,"victory":false,"max_hp_per_floor":[66,66,66,66,66,66,66,66,66,66,66,66,66,66,66,66,66,66,66,66,66,66,66,66,66,66,68,70,70,72,74,74,74,74,74,74,74,76,72,72,72,81,81,81,81,83,85,85,85,85,85,85,85,85,85],"card_choices":[{"not_picked":["Setup","Deadly Poison"],"picked":"Footwork","floor":1.0},{"not_picked":["Slice","Backflip"],"picked":"Deadly Poison","floor":5.0},{"not_picked":["Choke","Heel Hook"],"picked":"Bane","floor":7.0},{"not_picked":["Bane","Flechettes"],"picked":"Cloak And Dagger","floor":8.0},{"not_picked":["Deadly Poison+1","Backflip+1"],"picked":"Blade Dance+1","floor":10.0},{"not_picked":["Masterful Stab","Doppelganger+1"],"picked":"Cloak And Dagger+1","floor":12.0},{"not_picked":["Deadly Poison+1","Flying Knee"],"picked":"PiercingWail+1","floor":13.0},{"not_picked":["Unload","Tools of the Trade"],"picked":"Bullet Time+1","floor":16.0},{"not_picked":["Skewer","Poisoned Stab"],"picked":"Backstab","floor":18.0},{"not_picked":["Poisoned Stab","Dagger Throw"],"picked":"Deflect+1","floor":19.0},{"not_picked":["Skewer","Bane"],"picked":"Caltrops","floor":20.0},{"not_picked":["Deflect+1","Endless Agony","Dash+1"],"picked":"SKIP","floor":21.0},{"not_picked":["Bane","Terror+1"],"picked":"Dodge and Roll+1","floor":24.0},{"not_picked":["Concentrate+1","Bane","Quick Slash"],"picked":"Singing Bowl","floor":27.0},{"not_picked":["Blade Dance+1","Glass Knife","Quick Slash"],"picked":"Singing Bowl","floor":28.0},{"not_picked":["Blade Dance+1","Poisoned Stab"],"picked":"Dagger Spray+1","floor":29.0},{"not_picked":["Heel Hook","Underhanded Strike+1","Riddle With Holes"],"picked":"Singing Bowl","floor":30.0},{"not_picked":["Slice","Heel Hook","Bane"],"picked":"Singing Bowl","floor":31.0},{"not_picked":["After Image","Wraith Form v2"],"picked":"Malaise+1","floor":33.0},{"not_picked":["Deadly Poison+1","Flying Knee"],"picked":"Catalyst+1","floor":35.0},{"not_picked":["Tactician+1","Acrobatics+1"],"picked":"Dodge and Roll+1","floor":37.0},{"not_picked":["Prepared+1","Flying Knee+1","Poisoned Stab"],"picked":"Singing Bowl","floor":38.0},{"not_picked":["Infinite Blades+1","Slice+1"],"picked":"A Thousand Cuts","floor":40.0},{"not_picked":["Slice+1","Sucker Punch","Glass Knife"],"picked":"Singing Bowl","floor":42.0},{"not_picked":["Sucker Punch","Deadly Poison+1","Riddle With Holes"],"picked":"Singing Bowl","floor":46.0},{"not_picked":["Deadly Poison+1","Prepared+1","Endless Agony"],"picked":"Singing Bowl","floor":47.0}],"player_experience":1895564,"relics_obtained":[{"floor":7.0,"key":"Kunai"},{"floor":9.0,"key":"Toxic Egg 2"},{"floor":12.0,"key":"Bag of Preparation"},{"floor":20.0,"key":"Unceasing Top"},{"floor":20.0,"key":"Letter Opener"},{"floor":22.0,"key":"Singing Bowl"},{"floor":24.0,"key":"Sundial"},{"floor":26.0,"key":"Blood Vial"},{"floor":31.0,"key":"Happy Flower"},{"floor":40.0,"key":"Snake Skull"},{"floor":42.0,"key":"Strawberry"},{"floor":46.0,"key":"Blue Candle"}],"event_choices":[{"damage_healed":0.0,"max_hp_gain":0.0,"max_hp_loss":0.0,"gold_gain":0.0,"event_name":"Scrap Ooze","player_choice":"Success","floor":2.0,"gold_loss":0.0,"damage_taken":18.0,"relics_obtained":["Centennial Puzzle"]},{"damage_healed":0.0,"max_hp_gain":0.0,"max_hp_loss":0.0,"gold_gain":150.0,"event_name":"Liars Game","player_choice":"AGREE","floor":3.0,"gold_loss":0.0,"damage_taken":0.0,"cards_obtained":["Doubt"]},{"damage_healed":0.0,"max_hp_gain":0.0,"max_hp_loss":0.0,"gold_gain":0.0,"event_name":"Colosseum","player_choice":"Fight","floor":20.0,"gold_loss":0.0,"damage_taken":0.0},{"damage_healed":0.0,"max_hp_gain":0.0,"max_hp_loss":0.0,"gold_gain":0.0,"event_name":"Colosseum","player_choice":"Fought Nobs","floor":20.0,"gold_loss":0.0,"damage_taken":0.0},{"damage_healed":0.0,"max_hp_gain":0.0,"max_hp_loss":0.0,"gold_gain":300.0,"event_name":"Wheel of Change","player_choice":"Gold","floor":36.0,"gold_loss":0.0,"damage_taken":0.0},{"damage_healed":0.0,"max_hp_gain":0.0,"max_hp_loss":4.0,"gold_gain":0.0,"event_name":"Winding Halls","player_choice":"Max HP","floor":39.0,"gold_loss":0.0,"damage_taken":0.0},{"damage_healed":0.0,"max_hp_gain":0.0,"max_hp_loss":0.0,"gold_gain":0.0,"event_name":"Tomb of Lord Red Mask","player_choice":"Ignored","floor":45.0,"gold_loss":0.0,"damage_taken":0.0},{"damage_healed":0.0,"max_hp_gain":0.0,"max_hp_loss":0.0,"gold_gain":0.0,"event_name":"FaceTrader","player_choice":"Trade","floor":48.0,"gold_loss":0.0,"damage_taken":0.0,"relics_obtained":["CultistMask"]}],"is_beta":false,"boss_relics":[{"not_picked":["Lizard Tail","Empty Cage"],"picked":"Ring of the Serpent"},{"not_picked":["Coffee Dripper","Velvet Choker"],"picked":"Snecko Eye"}],"items_purged_floors":[4,25,54],"is_endless":false,"potions_floor_spawned":[1,7,8,13,20,21,24,29,31,33,38,40,46,47],"killed_by":"Shield and Spear","ascension_level":20}