{"gold_per_floor":[109,34,34,34,34,34,68,88,113,145,158,158,188,205,205,282,282,297,315,78,78,90,90,40,75,99,99,118,138,166,186,186,186],"floor_reached":33,"playtime":3745,"items_purged":["Defend_G"],"score":660,"play_id":"836d189a-8baf-49eb-84db-292f2c600bb9","local_time":"20190522140601","is_ascension_mode":true,"campfire_choices":[{"data":"Caltrops","floor":6.0,"key":"SMITH"},{"data":"Dagger Spray","floor":12.0,"key":"SMITH"},{"floor":15.0,"key":"REST"},{"data":"Footwork","floor":23.0,"key":"SMITH"},{"floor":27.0,"key":"REST"},{"floor":32,"key":"REST"}],"neow_cost":"NONE","seed_source_timestamp":605588137155755,"circlet_count":0,"master_deck":["AscendersBane","Defend_G","Defend_G","Defend_G","Defend_G+1","Strike_G+1","Survivor","Neutralize","Caltrops+1","Flying Knee+1","Dagger Spray+1","Bouncing Flask","Footwork+1","Malaise","After Image+1","Cloak And Dagger+1","Prepared+1","Crippling Poison","Backflip+1","Dagger Spray+1","Dodge and Roll","After Image"],"special_seed":0,"relics":["Ring of the Snake","NeowsBlessing","StoneCalendar","Vajra","Bag of Preparation","Astrolabe","Lantern","Nloth\u0027s Gift","Pen Nib","Ancient Tea Set","Whetstone"],"potions_floor_usage":[33,33],"damage_taken":[{"damage":0.0,"enemies":"2 Louse","floor":1.0,"turns":1.0},{"damage":0.0,"enemies":"Lagavulin","floor":7.0,"turns":1.0},{"damage":0.0,"enemies":"Jaw Worm","floor":8.0,"turns":1.0},{"damage":11.0,"enemies":"3 Sentries","floor":10.0,"turns":7.0},{"damage":0.0,"enemies":"Small Slimes","floor":11.0,"turns":3.0},{"damage":25.0,"enemies":"Gremlin Nob","floor":13.0,"turns":4.0},{"damage":1.0,"enemies":"3 Louse","floor":14.0,"turns":2.0},{"damage":16.0,"enemies":"The Guardian","floor":16.0,"turns":9.0},{"damage":0.0,"enemies":"Shell Parasite","floor":18.0,"turns":7.0},{"damage":9.0,"enemies":"Chosen","floor":19.0,"turns":5.0},{"damage":1.0,"enemies":"Centurion and Healer","floor":22.0,"turns":7.0},{"damage":33.0,"enemies":"Gremlin Leader","floor":25.0,"turns":6.0},{"damage":3.0,"enemies":"Cultist and Chosen","floor":28.0,"turns":5.0},{"damage":10.0,"enemies":"Shelled Parasite and Fungi","floor":29.0,"turns":7.0},{"damage":20,"enemies":"Slavers","floor":30,"turns":7},{"damage":0,"enemies":"Snake Plant","floor":31,"turns":5},{"damage":27,"enemies":"Automaton","floor":33,"turns":12}],"seed_played":"6835195737298523606","potions_obtained":[{"floor":1.0,"key":"Dexterity Potion"},{"floor":8.0,"key":"Block Potion"},{"floor":11.0,"key":"PowerPotion"},{"floor":16.0,"key":"AttackPotion"},{"floor":25.0,"key":"LiquidBronze"},{"floor":28.0,"key":"EssenceOfSteel"},{"floor":30,"key":"AttackPotion"},{"floor":31,"key":"SkillPotion"}],"is_trial":false,"path_per_floor":["M","?","?","$","?","R","E","M","T","E","M","R","E","M","R","B",null,"M","M","$","?","M","R","?","E","T","R","M","M","E","M","R","B"],"character_chosen":"THE_SILENT","items_purchased":["Lantern","SteroidPotion"],"campfire_rested":3,"item_purchase_floors":[20,20],"current_hp_per_floor":[59,59,64,64,43,43,43,43,43,32,32,32,7,6,27,11,56,56,47,47,47,46,46,46,13,13,34,31,21,1,1,22,0],"gold":186,"neow_bonus":"THREE_ENEMY_KILL","is_prod":false,"is_daily":false,"chose_seed":false,"campfire_upgraded":3,"win_rate":0,"timestamp":1558526761,"path_taken":["M","?","?","$","?","R","E","M","T","E","M","R","E","M","R","BOSS","M","M","$","?","?","R","?","E","T","R","?","M","E","M","R","BOSS"],"build_version":"2019-01-23","purchased_purges":1,"victory":false,"max_hp_per_floor":[66,66,71,71,71,71,71,71,71,71,71,71,71,71,71,71,71,71,71,71,71,71,71,71,71,71,71,71,71,71,71,71,71],"card_choices":[{"not_picked":["Endless Agony","Sucker Punch"],"picked":"Caltrops","floor":1.0},{"not_picked":["Blade Dance","All Out Attack","Setup"],"picked":"SKIP","floor":7.0},{"not_picked":["Dagger Spray","Catalyst"],"picked":"Flying Knee","floor":8.0},{"not_picked":["All Out Attack","Acrobatics","Bane"],"picked":"SKIP","floor":10.0},{"not_picked":["Outmaneuver","Quick Slash"],"picked":"Dagger Spray","floor":11.0},{"not_picked":["Blade Dance","Distraction"],"picked":"Bouncing Flask","floor":13.0},{"not_picked":["A Thousand Cuts","Slice"],"picked":"Footwork","floor":14.0},{"not_picked":["Tools of the Trade","After Image"],"picked":"Malaise","floor":16.0},{"not_picked":["Quick Slash","Deflect","Poisoned Stab"],"picked":"SKIP","floor":18.0},{"not_picked":["Poisoned Stab","Cloak And Dagger"],"picked":"Crippling Poison","floor":19.0},{"not_picked":["Quick Slash","Tactician"],"picked":"Backflip","floor":22.0},{"not_picked":["Cloak And Dagger","Terror"],"picked":"Dagger Spray","floor":25.0},{"not_picked":["Sucker Punch","Setup","Blade Dance"],"picked":"SKIP","floor":28.0},{"not_picked":["Acrobatics","Setup"],"picked":"Dodge and Roll","floor":29.0},{"not_picked":["Tools of the Trade","Dagger Throw"],"picked":"After Image","floor":30},{"not_picked":["Sucker Punch","All Out Attack","Accuracy"],"picked":"SKIP","floor":31}],"player_experience":2736534,"relics_obtained":[{"floor":7.0,"key":"StoneCalendar"},{"floor":9.0,"key":"Vajra"},{"floor":10.0,"key":"Bag of Preparation"},{"floor":13.0,"key":"The Courier"},{"floor":25.0,"key":"Pen Nib"},{"floor":26.0,"key":"Ancient Tea Set"},{"floor":30,"key":"Whetstone"}],"event_choices":[{"cards_removed":["Strike_G"],"damage_healed":0.0,"max_hp_gain":0.0,"max_hp_loss":0.0,"gold_gain":0.0,"event_name":"The Cleric","player_choice":"Card Removal","floor":2.0,"gold_loss":75.0,"damage_taken":0.0},{"damage_healed":0.0,"max_hp_gain":5.0,"max_hp_loss":0.0,"gold_gain":0.0,"event_name":"Big Fish","player_choice":"Donut","floor":3.0,"gold_loss":0.0,"damage_taken":0.0},{"damage_healed":0.0,"max_hp_gain":0.0,"max_hp_loss":0.0,"gold_gain":0.0,"event_name":"Shining Light","player_choice":"Entered Light","floor":5.0,"gold_loss":0.0,"damage_taken":21.0,"cards_upgraded":["Strike_G","Defend_G"]},{"damage_healed":0.0,"max_hp_gain":0.0,"max_hp_loss":0.0,"gold_gain":0.0,"event_name":"N\u0027loth","player_choice":"Traded Relic","floor":21.0,"relics_lost":["The Courier"],"gold_loss":0.0,"damage_taken":0.0,"relics_obtained":["Nloth\u0027s Gift"]},{"damage_healed":0.0,"max_hp_gain":0.0,"max_hp_loss":0.0,"gold_gain":0.0,"event_name":"Designer","player_choice":"Upgrade","floor":24.0,"gold_loss":50.0,"damage_taken":0.0,"cards_upgraded":["Backflip"]}],"is_beta":false,"boss_relics":[{"not_picked":["Tiny House","Pandora\u0027s Box"],"picked":"Astrolabe"}],"items_purged_floors":[20],"is_endless":false,"potions_floor_spawned":[1,8,11,16,25,28,30,31],"killed_by":"Automaton","ascension_level":20}