{"gold_per_floor":[117,117,92,111,111,111,127,144,226,14,46,63,122,142,142,217,217,229,245,245,262,262,262,288,288,313,313,413,440,452,389,401,487,499,511,523,548,397,451,469,469,501,501,501,526,526,526,543,543,543,543,543,543,0,30,30],"floor_reached":56,"playtime":13211,"items_purged":["Pain","FTL"],"score":1982,"play_id":"9532281f-e8aa-4a4b-b385-5ac467e25eb3","local_time":"20190323224036","is_ascension_mode":true,"campfire_choices":[{"data":"Double Energy","floor":6.0,"key":"SMITH"},{"data":"Undo","floor":15.0,"key":"SMITH"},{"floor":23.0,"key":"REST"},{"floor":25.0,"key":"REST"},{"floor":27.0,"key":"REST"},{"data":"Seek","floor":30.0,"key":"SMITH"},{"floor":32.0,"key":"REST"},{"data":"Sunder","floor":41.0,"key":"PURGE"},{"floor":44.0,"key":"RECALL"},{"data":"Doubt","floor":47.0,"key":"PURGE"},{"data":"Biased Cognition","floor":49.0,"key":"SMITH"},{"data":"Hologram","floor":53.0,"key":"SMITH"}],"neow_cost":"NONE","seed_source_timestamp":3097685349758,"circlet_count":0,"master_deck":["AscendersBane","Zap+1","Double Energy+1","Multi-Cast","Auto Shields","Biased Cognition+1","All For One","Buffer","Steam","Turbo","Ball Lightning+1","Gash+1","Seek+1","Gash","Leap","Coolheaded","Undo+1","Fission+1","Ball Lightning","FTL","Core Surge","Core Surge","Chill","Hologram+1","Electrodynamics+1","Buffer+1","Defragment+1","Capacitor+1","Auto Shields","Reinforced Body","Loop+1"],"special_seed":0,"relics":["Pandora\u0027s Box","WarpedTongs","Ornamental Fan","Oddly Smooth Stone","Frozen Egg 2","Black Star","DataDisk","Blue Candle","Mango","Cables","MawBank","Bottled Lightning","Nuclear Battery","Blood Vial","Peace Pipe","Darkstone Periapt","The Courier","Bottled Flame","Molten Egg 2","Strawberry","Membership Card","Centennial Puzzle","Bag of Marbles","Whetstone"],"potions_floor_usage":[55,56,56],"damage_taken":[{"damage":1.0,"enemies":"Jaw Worm","floor":1.0,"turns":4.0},{"damage":0.0,"enemies":"2 Louse","floor":4.0,"turns":3.0},{"damage":1.0,"enemies":"Cultist","floor":7.0,"turns":3.0},{"damage":11.0,"enemies":"Looter","floor":8.0,"turns":2.0},{"damage":5.0,"enemies":"Lagavulin","floor":11.0,"turns":6.0},{"damage":0.0,"enemies":"2 Fungi Beasts","floor":12.0,"turns":1.0},{"damage":0.0,"enemies":"Lagavulin Event","floor":13.0,"turns":4.0},{"damage":0.0,"enemies":"Exordium Thugs","floor":14.0,"turns":3.0},{"damage":24.0,"enemies":"Hexaghost","floor":16.0,"turns":9.0},{"damage":0.0,"enemies":"Chosen","floor":18.0,"turns":4.0},{"damage":0.0,"enemies":"Shell Parasite","floor":19.0,"turns":4.0},{"damage":17.0,"enemies":"Centurion and Healer","floor":21.0,"turns":7.0},{"damage":48.0,"enemies":"Slavers","floor":24.0,"turns":6.0},{"damage":0.0,"enemies":"Colosseum Slavers","floor":28.0,"turns":3.0},{"damage":9.0,"enemies":"Colosseum Nobs","floor":28.0,"turns":5.0},{"damage":16.0,"enemies":"Gremlin Leader","floor":29.0,"turns":5.0},{"damage":0.0,"enemies":"Automaton","floor":33.0,"turns":7.0},{"damage":0.0,"enemies":"3 Darklings","floor":35.0,"turns":1.0},{"damage":0.0,"enemies":"3 Shapes","floor":37.0,"turns":8.0},{"damage":0.0,"enemies":"2 Orb Walkers","floor":39.0,"turns":2.0},{"damage":0.0,"enemies":"Transient","floor":40.0,"turns":6.0},{"damage":14.0,"enemies":"Reptomancer","floor":42.0,"turns":5.0},{"damage":71.0,"enemies":"Giant Head","floor":45.0,"turns":7.0},{"damage":0.0,"enemies":"Jaw Worm Horde","floor":48.0,"turns":1.0},{"damage":72.0,"enemies":"Time Eater","floor":50.0,"turns":13.0},{"damage":5.0,"enemies":"Donu and Deca","floor":51.0,"turns":7.0},{"damage":39,"enemies":"Shield and Spear","floor":55,"turns":4},{"damage":48,"enemies":"The Heart","floor":56,"turns":5}],"seed_played":"-7205274100432154479","potions_obtained":[{"floor":1.0,"key":"SteroidPotion"},{"floor":7.0,"key":"SpeedPotion"},{"floor":19.0,"key":"LiquidBronze"},{"floor":29.0,"key":"SmokeBomb"},{"floor":33.0,"key":"Dexterity Potion"},{"floor":39.0,"key":"SteroidPotion"},{"floor":42.0,"key":"Regen Potion"},{"floor":45.0,"key":"Regen Potion"},{"floor":55,"key":"EssenceOfSteel"}],"is_trial":false,"path_per_floor":["M","?","$","M","?","R","M","M","T","$","E","M","?","M","R","B",null,"M","M","?","M","?","R","E","R","T","R","?","E","R","?","R","B",null,"M","?","M","$","?","M","R","E","T","R","E","?","R","M","R","B","B",null,"R","$","E","B"],"character_chosen":"DEFECT","items_purchased":["Turbo","Seek","Gash","Blood Vial","Membership Card","Buffer+1","Defragment+1","Capacitor+1","Auto Shields","Block Potion","Dexterity Potion","Reinforced Body","Loop+1","Centennial Puzzle"],"campfire_rested":4,"item_purchase_floors":[3,10,10,38,54,54,54,54,54,54,54,54,54,54],"current_hp_per_floor":[63,63,63,63,63,63,62,51,51,51,46,46,46,46,46,22,59,59,59,59,42,42,63,15,36,36,57,62,46,46,46,71,71,82,82,82,82,82,84,85,85,71,71,71,14,98,98,98,98,38,35,82,82,82,45,0],"gold":30,"neow_bonus":"BOSS_RELIC","is_prod":false,"is_daily":false,"chose_seed":false,"campfire_upgraded":5,"win_rate":0,"timestamp":1553377236,"path_taken":["M","?","$","M","?","R","M","?","T","$","E","M","?","M","R","BOSS","M","M","?","?","?","R","E","R","T","R","?","E","R","?","R","BOSS","M","?","M","?","?","M","R","E","T","R","E","?","R","M","R","BOSS","BOSS","R","$","E","BOSS"],"build_version":"2019-01-23","purchased_purges":2,"victory":false,"max_hp_per_floor":[71,71,71,71,71,71,71,71,71,71,71,71,71,71,71,71,71,71,71,71,71,71,71,71,71,71,71,85,85,85,85,85,85,85,85,85,85,85,85,85,85,85,85,85,92,98,98,98,98,98,98,98,98,98,98,98],"card_choices":[{"not_picked":["Stack","Cold Snap"],"picked":"Steam","floor":1.0},{"not_picked":["Heatsinks","Redo"],"picked":"Ball Lightning","floor":4.0},{"not_picked":["Stack","Doom and Gloom","Auto Shields"],"picked":"SKIP","floor":7.0},{"not_picked":["Meteor Strike","Cold Snap"],"picked":"Gash","floor":8.0},{"not_picked":["Self Repair","White Noise"],"picked":"Leap","floor":11.0},{"not_picked":["Compile Driver","Steam","Consume"],"picked":"SKIP","floor":12.0},{"not_picked":["Redo","Cold Snap"],"picked":"Coolheaded","floor":13.0},{"not_picked":["Chill","Skim"],"picked":"Undo","floor":14.0},{"not_picked":["Multi-Cast","Amplify"],"picked":"Fission","floor":16.0},{"not_picked":["Gash","Redo","Compile Driver"],"picked":"SKIP","floor":18.0},{"not_picked":["Conserve Battery+1","Auto Shields"],"picked":"Ball Lightning","floor":19.0},{"not_picked":["Ball Lightning","Steam"],"picked":"FTL","floor":21.0},{"not_picked":["Lockon+1","Steam","Barrage"],"picked":"SKIP","floor":24.0},{"not_picked":["Rebound+1","Turbo"],"picked":"FTL","floor":28.0},{"not_picked":["Compile Driver","Cold Snap+1","Consume"],"picked":"SKIP","floor":29.0},{"not_picked":["Fission","Amplify"],"picked":"Core Surge","floor":33.0},{"not_picked":["Leap","Blizzard"],"picked":"Chill","floor":37.0},{"not_picked":["Recycle","Leap+1"],"picked":"Hologram","floor":39.0},{"not_picked":["Gash","Compile Driver","Barrage+1"],"picked":"SKIP","floor":40.0},{"not_picked":["Sweeping Beam","Barrage+1"],"picked":"Electrodynamics+1","floor":42.0},{"not_picked":["Blizzard","Rip and Tear","Force Field"],"picked":"SKIP","floor":45.0},{"not_picked":["Leap","Recycle","Fusion"],"picked":"SKIP","floor":48.0},{"not_picked":["Recycle+1","Cold Snap+1","Double Energy"],"picked":"SKIP","floor":55}],"player_experience":2179202,"relics_obtained":[{"floor":9.0,"key":"Ornamental Fan"},{"floor":11.0,"key":"Oddly Smooth Stone"},{"floor":13.0,"key":"Frozen Egg 2"},{"floor":24.0,"key":"DataDisk"},{"floor":24.0,"key":"Blue Candle"},{"floor":28.0,"key":"Mango"},{"floor":28.0,"key":"Cables"},{"floor":29.0,"key":"MawBank"},{"floor":29.0,"key":"Bottled Lightning"},{"floor":39.0,"key":"Peace Pipe"},{"floor":42.0,"key":"Darkstone Periapt"},{"floor":42.0,"key":"The Courier"},{"floor":43.0,"key":"Bottled Flame"},{"floor":45.0,"key":"Molten Egg 2"},{"floor":45.0,"key":"Strawberry"},{"floor":55,"key":"Bag of Marbles"},{"floor":55,"key":"Whetstone"}],"event_choices":[{"damage_healed":0.0,"max_hp_gain":0.0,"max_hp_loss":0.0,"gold_gain":0.0,"event_name":"Living Wall","player_choice":"Grow","floor":2.0,"gold_loss":0.0,"damage_taken":0.0,"cards_upgraded":["Zap"]},{"damage_healed":0.0,"max_hp_gain":0.0,"max_hp_loss":0.0,"gold_gain":0.0,"event_name":"Accursed Blacksmith","player_choice":"Rummage","floor":5.0,"gold_loss":0.0,"damage_taken":0.0,"relics_obtained":["WarpedTongs"],"cards_obtained":["Pain"]},{"damage_healed":0.0,"max_hp_gain":0.0,"max_hp_loss":0.0,"gold_gain":0.0,"event_name":"Dead Adventurer","player_choice":"Searched \u00271\u0027 times","floor":13.0,"gold_loss":0.0,"damage_taken":0.0},{"damage_healed":0.0,"max_hp_gain":0.0,"max_hp_loss":0.0,"gold_gain":0.0,"event_name":"Upgrade Shrine","player_choice":"Upgraded","floor":20.0,"gold_loss":0.0,"damage_taken":0.0,"cards_upgraded":["Fission"]},{"damage_healed":0.0,"max_hp_gain":0.0,"max_hp_loss":0.0,"gold_gain":0.0,"cards_transformed":["Dualcast","Compile Driver"],"event_name":"Drug Dealer","player_choice":"Became Test Subject","floor":22.0,"gold_loss":0.0,"damage_taken":0.0,"cards_obtained":["Core Surge","Sunder"]},{"damage_healed":0.0,"max_hp_gain":0.0,"max_hp_loss":0.0,"gold_gain":0.0,"event_name":"Colosseum","player_choice":"Fight","floor":28.0,"gold_loss":0.0,"damage_taken":0.0},{"damage_healed":0.0,"max_hp_gain":0.0,"max_hp_loss":0.0,"gold_gain":0.0,"event_name":"Colosseum","player_choice":"Fought Nobs","floor":28.0,"gold_loss":0.0,"damage_taken":0.0},{"cards_removed":["Consume"],"damage_healed":0.0,"max_hp_gain":0.0,"max_hp_loss":0.0,"gold_gain":0.0,"event_name":"Beggar","player_choice":"Gave Gold","floor":31.0,"gold_loss":75.0,"damage_taken":0.0},{"damage_healed":0.0,"max_hp_gain":0.0,"max_hp_loss":0.0,"gold_gain":0.0,"event_name":"SecretPortal","player_choice":"Ignored","floor":36.0,"gold_loss":0.0,"damage_taken":0.0},{"damage_healed":0.0,"max_hp_gain":0.0,"max_hp_loss":0.0,"gold_gain":0.0,"event_name":"Mysterious Sphere","player_choice":"Fight","floor":39.0,"gold_loss":0.0,"damage_taken":0.0},{"damage_healed":78.0,"max_hp_gain":0.0,"max_hp_loss":0.0,"gold_gain":0.0,"event_name":"MindBloom","player_choice":"Heal","floor":46.0,"gold_loss":0.0,"damage_taken":0.0,"cards_obtained":["Doubt"]}],"is_beta":false,"boss_relics":[{"not_picked":["Sozu","Lizard Tail"],"picked":"Black Star"},{"not_picked":["Eternal Feather","Snecko Eye"],"picked":"Nuclear Battery"}],"items_purged_floors":[10,54],"is_endless":false,"potions_floor_spawned":[1,7,12,14,19,29,33,39,42,45,55],"killed_by":"The Heart","ascension_level":20}