{"gold_per_floor":[365,365,139,149,164,199,199,219,219,219,219,549,168,231,231,231],"floor_reached":16,"playtime":1385,"items_purged":["Doubt","Strike_B"],"score":216,"play_id":"aa6dd059-b34b-444e-8ff1-e73a30a50246","local_time":"20190102224138","is_ascension_mode":true,"campfire_choices":[{"data":"Zap","floor":7.0,"key":"SMITH"},{"data":"Coolheaded","floor":10.0,"key":"SMITH"},{"floor":15.0,"key":"REST"}],"neow_cost":"CURSE","seed_source_timestamp":132329105670434,"circlet_count":0,"master_deck":["AscendersBane","Strike_B","Strike_B","Strike_B","Defend_B","Defend_B","Defend_B","Defend_B+1","Zap+1","Dualcast","Go for the Eyes","Core Surge+1","Ball Lightning","Capacitor","Coolheaded+1","Self Repair","Core Surge","Loop","Genetic Algorithm","Genetic Algorithm"],"special_seed":0,"relics":["Cracked Core","Mummified Hand","WingedGreaves","Old Coin","Oddly Smooth Stone","Vajra"],"potions_floor_usage":[],"damage_taken":[{"damage":0.0,"enemies":"2 Louse","floor":1.0,"turns":3.0},{"damage":1.0,"enemies":"Cultist","floor":4.0,"turns":3.0},{"damage":2.0,"enemies":"Jaw Worm","floor":5.0,"turns":3.0},{"damage":25.0,"enemies":"Gremlin Nob","floor":6.0,"turns":4.0},{"damage":6.0,"enemies":"Blue Slaver","floor":8.0,"turns":3.0},{"damage":4.0,"enemies":"Lagavulin","floor":12.0,"turns":6.0},{"damage":9.0,"enemies":"Lagavulin Event","floor":14.0,"turns":5.0},{"damage":32,"enemies":"Hexaghost","floor":16,"turns":9}],"seed_played":"5502356848709772963","potions_obtained":[{"floor":5.0,"key":"Strength Potion"},{"floor":6.0,"key":"SkillPotion"},{"floor":12.0,"key":"PowerPotion"},{"floor":14.0,"key":"Ancient Potion"}],"is_trial":false,"path_per_floor":["M","?","$","M","M","E","R","M","T","R","?","E","$","?","R","B"],"character_chosen":"DEFECT","items_purchased":["Core Surge","Loop","Oddly Smooth Stone","Genetic Algorithm"],"campfire_rested":1,"item_purchase_floors":[3,13,13,13],"current_hp_per_floor":[64,71,71,70,68,43,43,37,37,37,16,19,19,10,31,0],"gold":231,"neow_bonus":"TWO_FIFTY_GOLD","is_prod":false,"is_daily":false,"chose_seed":false,"campfire_upgraded":2,"win_rate":0,"timestamp":1546465298,"path_taken":["M","?","$","M","?","E","R","M","T","R","?","E","$","?","R","BOSS"],"build_version":"2018-12-20","purchased_purges":2,"victory":false,"max_hp_per_floor":[71,71,71,71,71,71,71,71,71,71,71,71,71,71,71,71],"card_choices":[{"not_picked":["Skim","Turbo"],"picked":"Go for the Eyes","floor":1.0},{"not_picked":["Gash","Hologram"],"picked":"Ball Lightning","floor":4.0},{"not_picked":["Hologram","Streamline"],"picked":"Capacitor","floor":5.0},{"not_picked":["Rebound","Lockon"],"picked":"Coolheaded","floor":6.0},{"not_picked":["Streamline","Redo"],"picked":"Self Repair","floor":8.0},{"not_picked":["Gash","Redo"],"picked":"Core Surge","floor":12.0},{"not_picked":["Redo","FTL"],"picked":"Genetic Algorithm","floor":14.0}],"player_experience":1514068,"relics_obtained":[{"floor":6.0,"key":"Mummified Hand"},{"floor":9.0,"key":"WingedGreaves"},{"floor":12.0,"key":"Old Coin"},{"floor":14.0,"key":"Vajra"}],"event_choices":[{"damage_healed":7.0,"max_hp_gain":0.0,"max_hp_loss":0.0,"gold_gain":0.0,"event_name":"Wheel of Change","player_choice":"Full Heal","floor":2.0,"gold_loss":0.0,"damage_taken":0.0},{"damage_healed":0.0,"max_hp_gain":0.0,"max_hp_loss":0.0,"gold_gain":0.0,"event_name":"Shining Light","player_choice":"Entered Light","floor":11.0,"gold_loss":0.0,"damage_taken":21.0,"cards_upgraded":["Defend_B","Core Surge"]},{"damage_healed":0.0,"max_hp_gain":0.0,"max_hp_loss":0.0,"gold_gain":0.0,"event_name":"Dead Adventurer","player_choice":"Searched \u00271\u0027 times","floor":14.0,"gold_loss":0.0,"damage_taken":0.0}],"is_beta":false,"boss_relics":[],"items_purged_floors":[3,13],"is_endless":false,"potions_floor_spawned":[5,6,12,14],"killed_by":"Hexaghost","ascension_level":20}