{"gold_per_floor":[113,124,44,9,25,25,50,50,50,50,70,70,41,73,73,73],"floor_reached":16,"playtime":1077,"items_purged":[],"score":316,"play_id":"c31d0b9e-59ed-4317-9ec5-e1390ae36d64","local_time":"20190403215928","is_ascension_mode":true,"campfire_choices":[{"data":"Sunder","floor":6,"key":"SMITH"},{"data":"Zap","floor":10,"key":"SMITH"},{"floor":12,"key":"REST"},{"data":"Beam Cell","floor":15,"key":"SMITH"}],"neow_cost":"NONE","seed_source_timestamp":6155358672848,"circlet_count":0,"master_deck":["AscendersBane","Strike_B","Strike_B","Strike_B","Strike_B","Defend_B","Defend_B","Defend_B","Defend_B","Zap+1","Dualcast","FTL","Compile Driver","Recycle+1","Sunder+1","FTL","Doom and Gloom","Hologram","Beam Cell+1"],"special_seed":0,"relics":["Lizard Tail","Question Card","Ornamental Fan","Pear"],"potions_floor_usage":[7,11,16],"damage_taken":[{"damage":9,"enemies":"Jaw Worm","floor":1,"turns":4},{"damage":3,"enemies":"2 Louse","floor":2,"turns":3},{"damage":18,"enemies":"Small Slimes","floor":5,"turns":4},{"damage":20,"enemies":"Lagavulin","floor":7,"turns":5},{"damage":8,"enemies":"Blue Slaver","floor":11,"turns":2},{"damage":11,"enemies":"3 Sentries","floor":14,"turns":4},{"damage":48,"enemies":"Slime Boss","floor":16,"turns":8}],"seed_played":"5600401996056946128","potions_obtained":[{"floor":1,"key":"LiquidBronze"},{"floor":5,"key":"FearPotion"},{"floor":7,"key":"Strength Potion"},{"floor":14,"key":"SteroidPotion"}],"is_trial":false,"path_per_floor":["M","M","$","?","M","R","E","?","T","R","M","R","$","E","R","B"],"character_chosen":"DEFECT","items_purchased":["Recycle","Hologram"],"campfire_rested":1,"item_purchase_floors":[3,13],"current_hp_per_floor":[55,52,52,69,51,51,31,31,31,31,23,44,44,43,43,40],"gold":73,"neow_bonus":"BOSS_RELIC","is_prod":false,"is_daily":false,"chose_seed":false,"campfire_upgraded":3,"win_rate":0,"timestamp":1554321568,"path_taken":["M","M","$","?","M","R","E","?","T","R","M","R","$","E","R","BOSS"],"build_version":"2019-01-23","purchased_purges":0,"victory":false,"max_hp_per_floor":[71,71,71,71,71,71,71,71,71,71,71,71,71,81,81,81],"card_choices":[{"not_picked":["Stack","Streamline"],"picked":"FTL","floor":1},{"not_picked":["Redo","Conserve Battery"],"picked":"Compile Driver","floor":2},{"not_picked":["Buffer","Auto Shields"],"picked":"Sunder","floor":5},{"not_picked":["Go for the Eyes","Turbo"],"picked":"FTL","floor":7},{"not_picked":["Compile Driver","Go for the Eyes","BootSequence"],"picked":"Doom and Gloom","floor":11},{"not_picked":["BootSequence","Blizzard","Glacier"],"picked":"Beam Cell","floor":14}],"player_experience":2332545,"relics_obtained":[{"floor":7,"key":"Question Card"},{"floor":9,"key":"Ornamental Fan"},{"floor":14,"key":"Pear"}],"event_choices":[{"damage_healed":17,"gold_gain":0,"player_choice":"Healed","damage_taken":0,"max_hp_gain":0,"max_hp_loss":0,"event_name":"The Cleric","floor":4,"gold_loss":35},{"damage_healed":0,"gold_gain":0,"player_choice":"Grow","damage_taken":0,"max_hp_gain":0,"max_hp_loss":0,"event_name":"Living Wall","floor":8,"gold_loss":0,"cards_upgraded":["Recycle"]}],"is_beta":false,"boss_relics":[],"items_purged_floors":[],"is_endless":false,"potions_floor_spawned":[1,5,7,14],"killed_by":"Slime Boss","ascension_level":20}