{"gold_per_floor":[113,263,538,550,15,40,40,56,83,83,110,121,150,162,162,236,236,254,26,44,44,58,85,85,116,163,163],"floor_reached":27,"playtime":1490,"items_purged":["Regret"],"score":592,"play_id":"b5f2374c-e6c0-428b-a726-144c429a440c","local_time":"20190115213829","is_ascension_mode":true,"campfire_choices":[{"data":"Zap","floor":7.0,"key":"SMITH"},{"data":"Infernal Blade","floor":10.0,"key":"SMITH"},{"data":"Burst","floor":15.0,"key":"SMITH"},{"floor":24,"key":"REST"}],"neow_cost":"NONE","seed_source_timestamp":508125320310307,"circlet_count":0,"master_deck":["AscendersBane","Strike_B","Strike_B","Strike_B","Strike_B","Defend_B","Defend_B","Defend_B","Defend_B","Zap+1","Dualcast","Glacier","Doubt","Cold Snap","Electrodynamics","Seek","Infernal Blade+1","Burst+1","Melter","Reaper","Trip","Finesse"],"special_seed":0,"relics":["Cracked Core","NeowsBlessing","PrismaticShard","Potion Belt","Bronze Scales","Happy Flower","Juzu Bracelet","Inserter","Lee\u0027s Waffle","Centennial Puzzle","Blue Candle","PreservedInsect","Orichalcum"],"potions_floor_usage":[23],"damage_taken":[{"damage":0.0,"enemies":"Small Slimes","floor":1.0,"turns":1.0},{"damage":0.0,"enemies":"Cultist","floor":4.0,"turns":1.0},{"damage":0.0,"enemies":"Lagavulin","floor":6.0,"turns":1.0},{"damage":0.0,"enemies":"2 Louse","floor":8.0,"turns":2.0},{"damage":8.0,"enemies":"Gremlin Nob","floor":11.0,"turns":4.0},{"damage":6.0,"enemies":"Blue Slaver","floor":12.0,"turns":3.0},{"damage":8.0,"enemies":"3 Sentries","floor":13.0,"turns":3.0},{"damage":6.0,"enemies":"Lots of Slimes","floor":14.0,"turns":4.0},{"damage":30.0,"enemies":"Slime Boss","floor":16.0,"turns":8.0},{"damage":0.0,"enemies":"Spheric Guardian","floor":18.0,"turns":1.0},{"damage":8.0,"enemies":"2 Thieves","floor":20.0,"turns":3.0},{"damage":11.0,"enemies":"Cultist and Chosen","floor":22.0,"turns":4.0},{"damage":54,"enemies":"Slavers","floor":23,"turns":4},{"damage":48,"enemies":"Gremlin Leader","floor":25,"turns":8},{"damage":8,"enemies":"Centurion and Healer","floor":27,"turns":1}],"seed_played":"1655321800909486244","potions_obtained":[{"floor":1.0,"key":"FearPotion"},{"floor":4.0,"key":"SpeedPotion"},{"floor":8.0,"key":"PowerPotion"},{"floor":12.0,"key":"PowerPotion"},{"floor":14.0,"key":"Dexterity Potion"},{"floor":16.0,"key":"Strength Potion"},{"floor":18.0,"key":"Ancient Potion"},{"floor":25,"key":"Weak Potion"}],"is_trial":false,"path_per_floor":["M","?","?","M","$","E","R","M","T","R","E","M","E","M","R","B",null,"M","$","M","?","M","E","R","E","T","M"],"character_chosen":"DEFECT","items_purchased":["Electrodynamics","PrismaticShard","Seek","Lee\u0027s Waffle"],"campfire_rested":1,"item_purchase_floors":[5,5,5,19],"current_hp_per_floor":[64,64,64,64,64,64,64,64,64,64,56,50,42,36,36,6,55,55,78,76,76,65,19,42,6,6,0],"gold":163,"neow_bonus":"THREE_ENEMY_KILL","is_prod":false,"is_daily":false,"chose_seed":false,"campfire_upgraded":3,"win_rate":0,"timestamp":1547584709,"path_taken":["M","?","?","M","$","E","R","?","T","R","E","M","E","M","R","BOSS","M","$","M","?","M","E","R","E","T","M"],"build_version":"2019-01-10","purchased_purges":1,"victory":false,"max_hp_per_floor":[71,71,71,71,71,71,71,71,71,71,71,71,71,71,71,71,71,71,78,78,78,78,78,78,78,78,78],"card_choices":[{"not_picked":["Leap","Heatsinks"],"picked":"Glacier","floor":1.0},{"not_picked":["Hologram","Redo"],"picked":"Cold Snap","floor":4.0},{"not_picked":["Havoc","Armaments","Distraction"],"picked":"SKIP","floor":6.0},{"not_picked":["Iron Wave","Clash"],"picked":"Infernal Blade","floor":8.0},{"not_picked":["Twin Strike","Prepared","Compile Driver"],"picked":"SKIP","floor":11.0},{"not_picked":["Poisoned Stab","Sentinel","Steam"],"picked":"SKIP","floor":12.0},{"not_picked":["PiercingWail","Inflame"],"picked":"Burst","floor":13.0},{"not_picked":["BootSequence","Quick Slash"],"picked":"Melter","floor":14.0},{"not_picked":["Secret Technique","Magnetism"],"picked":"Reaper","floor":16.0},{"not_picked":["Sucker Punch","Infernal Blade","Deflect"],"picked":"SKIP","floor":18.0},{"not_picked":["Havoc","Redo","Stack"],"picked":"SKIP","floor":20.0},{"not_picked":["Shrug It Off","Bloodletting"],"picked":"Trip","floor":22.0},{"not_picked":["Clothesline","Heavy Blade","Anger"],"picked":"SKIP","floor":23},{"not_picked":["Dagger Spray","Pommel Strike"],"picked":"Finesse","floor":25}],"player_experience":1549568,"relics_obtained":[{"floor":6.0,"key":"Potion Belt"},{"floor":9.0,"key":"Bronze Scales"},{"floor":11.0,"key":"Happy Flower"},{"floor":13.0,"key":"Juzu Bracelet"},{"floor":23,"key":"Blue Candle"},{"floor":25,"key":"PreservedInsect"},{"floor":26,"key":"Orichalcum"}],"event_choices":[{"damage_healed":0.0,"max_hp_gain":0.0,"max_hp_loss":0.0,"gold_gain":150.0,"event_name":"Liars Game","player_choice":"AGREE","floor":2.0,"gold_loss":0.0,"damage_taken":0.0,"cards_obtained":["Doubt"]},{"damage_healed":0.0,"max_hp_gain":0.0,"max_hp_loss":0.0,"gold_gain":275.0,"event_name":"Golden Shrine","player_choice":"Desecrate","floor":3.0,"gold_loss":0.0,"damage_taken":0.0,"cards_obtained":["Regret"]},{"damage_healed":0.0,"max_hp_gain":0.0,"max_hp_loss":0.0,"gold_gain":0.0,"event_name":"WeMeetAgain","player_choice":"Gave Potion","floor":21.0,"gold_loss":0.0,"damage_taken":0.0,"relics_obtained":["Centennial Puzzle"]}],"is_beta":false,"boss_relics":[{"not_picked":["Lizard Tail","Ectoplasm"],"picked":"Inserter"}],"items_purged_floors":[5],"is_endless":false,"potions_floor_spawned":[1,4,8,12,14,16,18,25],"killed_by":"Centurion and Healer","ascension_level":20}