{"gold_per_floor":[113,123,123,136,148,181,181,181,181,198,231,10,10,29,29,106,156,176,136,136,149,129,158,158,184,184,202,237,255,282,299,299,376,376,387,387,402,315,330,365,365,395,395,395,422,422,66,78,78,78],"floor_reached":51,"playtime":3544,"items_purged":["Strike_B"],"score":2030,"play_id":"d891ad26-55c1-48a4-93ff-1a24865ef28e","local_time":"20190409014127","is_ascension_mode":true,"campfire_choices":[{"floor":7.0,"key":"REST"},{"data":"Double Energy","floor":15.0,"key":"SMITH"},{"floor":24.0,"key":"REST"},{"floor":32.0,"key":"REST"},{"data":"Buffer","floor":41.0,"key":"SMITH"},{"data":"Defragment","floor":49,"key":"SMITH"}],"neow_cost":"NONE","seed_source_timestamp":32914550110030,"circlet_count":0,"master_deck":["AscendersBane","Strike_B","Strike_B","Defend_B","Defend_B","Defend_B","Defend_B+1","Zap+1","Dualcast+1","Doom and Gloom","Conserve Battery","Cold Snap","Glacier","Double Energy+1","Defragment+1","Glacier","Sunder","Machine Learning","Leap","Rebound+1","BootSequence","Defragment+1","Coolheaded","Rainbow","Loop","Reboot","Skim","FTL","Buffer+1","Glacier+1","Self Repair","Defragment+1","Panache","White Noise+1"],"special_seed":0,"relics":["Cracked Core","Mummified Hand","Dodecahedron","Vajra","Runic Capacitor","Tiny House","Anchor","Strawberry","Thread and Needle","WingedGreaves","Oddly Smooth Stone","Sozu","Mercury Hourglass","Bottled Lightning","Ginger","Kunai","Shuriken"],"potions_floor_usage":[50],"damage_taken":[{"damage":9.0,"enemies":"Jaw Worm","floor":1.0,"turns":4.0},{"damage":1.0,"enemies":"Cultist","floor":2.0,"turns":3.0},{"damage":8.0,"enemies":"Small Slimes","floor":4.0,"turns":2.0},{"damage":4.0,"enemies":"Exordium Wildlife","floor":5.0,"turns":3.0},{"damage":11.0,"enemies":"Gremlin Nob","floor":6.0,"turns":5.0},{"damage":4.0,"enemies":"Exordium Thugs","floor":10.0,"turns":4.0},{"damage":11.0,"enemies":"3 Sentries","floor":11.0,"turns":6.0},{"damage":0.0,"enemies":"3 Louse","floor":14.0,"turns":3.0},{"damage":0.0,"enemies":"The Guardian","floor":16.0,"turns":9.0},{"damage":13.0,"enemies":"2 Thieves","floor":18.0,"turns":4.0},{"damage":8.0,"enemies":"Spheric Guardian","floor":21.0,"turns":6.0},{"damage":14.0,"enemies":"Book of Stabbing","floor":23.0,"turns":7.0},{"damage":0.0,"enemies":"Slavers","floor":25.0,"turns":9.0},{"damage":0.0,"enemies":"Centurion and Healer","floor":27.0,"turns":6.0},{"damage":0.0,"enemies":"Book of Stabbing","floor":28.0,"turns":7.0},{"damage":0.0,"enemies":"Snake Plant","floor":29.0,"turns":5.0},{"damage":15.0,"enemies":"Slavers","floor":30.0,"turns":7.0},{"damage":0.0,"enemies":"Chosen and Byrds","floor":31.0,"turns":7.0},{"damage":0.0,"enemies":"Automaton","floor":33.0,"turns":8.0},{"damage":0.0,"enemies":"3 Darklings","floor":35.0,"turns":5.0},{"damage":0.0,"enemies":"3 Shapes","floor":37.0,"turns":4.0},{"damage":1.0,"enemies":"Transient","floor":39.0,"turns":5.0},{"damage":0.0,"enemies":"Nemesis","floor":40.0,"turns":15.0},{"damage":0.0,"enemies":"Giant Head","floor":42.0,"turns":11.0},{"damage":0.0,"enemies":"Reptomancer","floor":45.0,"turns":11.0},{"damage":12,"enemies":"Jaw Worm Horde","floor":48,"turns":5},{"damage":0,"enemies":"Donu and Deca","floor":50,"turns":14}],"seed_played":"-1254648825277583643","potions_obtained":[{"floor":2.0,"key":"Poison Potion"},{"floor":4.0,"key":"Explosive Potion"},{"floor":5.0,"key":"SteroidPotion"},{"floor":14.0,"key":"GamblersBrew"},{"floor":17.0,"key":"SkillPotion"},{"floor":18.0,"key":"SpeedPotion"},{"floor":25.0,"key":"PowerPotion"},{"floor":30.0,"key":"Fire Potion"},{"floor":31.0,"key":"PowerPotion"}],"is_trial":false,"path_per_floor":["M","M","?","M","M","E","R","?","T","M","E","$","?","M","R","B",null,"M","$","?","M","?","E","R","E","T","M","E","M","E","M","R","B",null,"M","?","M","$","M","E","R","E","T","?","E","?","$","M","R","B",null],"character_chosen":"DEFECT","items_purchased":["Runic Capacitor","BootSequence","Self Repair","Shuriken"],"campfire_rested":3,"item_purchase_floors":[12,19,38,47],"current_hp_per_floor":[55,54,54,46,42,31,52,52,52,48,37,37,37,37,37,37,68,55,55,55,47,47,33,55,62,62,62,62,62,47,47,71,71,80,80,68,68,68,74,81,81,83,83,83,83,83,83,78,78,83],"gold":78,"neow_bonus":"UPGRADE_CARD","is_prod":false,"is_daily":false,"chose_seed":false,"campfire_upgraded":3,"win_rate":0,"timestamp":1554799287,"path_taken":["M","M","?","M","?","E","R","?","T","?","E","?","?","M","R","BOSS","M","$","?","?","?","E","R","E","T","?","E","M","E","M","R","BOSS","M","?","?","?","M","E","R","E","T","?","E","?","$","M","R","BOSS"],"build_version":"2019-01-23","purchased_purges":1,"victory":true,"max_hp_per_floor":[71,71,71,71,71,71,71,71,71,71,71,71,71,71,71,71,76,76,76,76,76,76,76,76,83,83,83,83,83,83,83,83,83,83,83,83,83,83,83,83,83,83,83,83,83,83,83,83,83,83],"card_choices":[{"not_picked":["Beam Cell","Rebound"],"picked":"Doom and Gloom","floor":1.0},{"not_picked":["Redo","Cold Snap"],"picked":"Conserve Battery","floor":2.0},{"not_picked":["Rip and Tear","Tempest"],"picked":"Cold Snap","floor":4.0},{"not_picked":["Loop","Rebound"],"picked":"Glacier","floor":5.0},{"not_picked":["Compile Driver","Barrage"],"picked":"Double Energy","floor":6.0},{"not_picked":["Static Discharge","Conserve Battery"],"picked":"Defragment","floor":10.0},{"not_picked":["Steam","Lockon"],"picked":"Glacier","floor":11.0},{"not_picked":["Storm","Streamline"],"picked":"Sunder","floor":14.0},{"not_picked":["Multi-Cast","Reboot"],"picked":"Machine Learning","floor":16.0},{"not_picked":["Consume","Scrape"],"picked":"Leap","floor":17.0},{"not_picked":["Consume+1","Cold Snap"],"picked":"Rebound+1","floor":18.0},{"not_picked":["Stack","Beam Cell"],"picked":"Go for the Eyes","floor":21.0},{"not_picked":["Hologram","Cold Snap"],"picked":"Coolheaded","floor":23.0},{"not_picked":["BootSequence","Tempest"],"picked":"Rainbow","floor":25.0},{"not_picked":["Recycle+1","Turbo"],"picked":"Loop","floor":27.0},{"not_picked":["Lockon","Compile Driver","Streamline"],"picked":"SKIP","floor":28.0},{"not_picked":["Lockon","Compile Driver","Streamline"],"picked":"SKIP","floor":28.0},{"not_picked":["Steam","Chaos"],"picked":"Reboot","floor":29.0},{"not_picked":["Redo","Scrape"],"picked":"Skim","floor":30.0},{"not_picked":["Sweeping Beam","Cold Snap"],"picked":"FTL","floor":31.0},{"not_picked":["Electrodynamics","Seek"],"picked":"Buffer","floor":33.0},{"not_picked":["Compile Driver","Skim","Cold Snap"],"picked":"SKIP","floor":35.0},{"not_picked":["Steam+1","Hologram"],"picked":"Glacier+1","floor":37.0},{"not_picked":["Darkness","Compile Driver","Beam Cell"],"picked":"SKIP","floor":39.0},{"not_picked":["Lockon+1","Hologram","Barrage"],"picked":"SKIP","floor":40.0},{"not_picked":["Redo","Auto Shields","Fission"],"picked":"SKIP","floor":42.0},{"not_picked":["Loop","Reprogram"],"picked":"Defragment","floor":45.0},{"not_picked":["Impatience","Blind"],"picked":"Panache","floor":46.0},{"not_picked":["Cold Snap","Redo"],"picked":"White Noise+1","floor":48}],"player_experience":699032,"relics_obtained":[{"floor":6.0,"key":"Mummified Hand"},{"floor":9.0,"key":"Dodecahedron"},{"floor":11.0,"key":"Vajra"},{"floor":23.0,"key":"Anchor"},{"floor":25.0,"key":"Strawberry"},{"floor":26.0,"key":"Thread and Needle"},{"floor":28.0,"key":"WingedGreaves"},{"floor":30.0,"key":"Oddly Smooth Stone"},{"floor":40.0,"key":"Mercury Hourglass"},{"floor":42.0,"key":"Bottled Lightning"},{"floor":43.0,"key":"Ginger"},{"floor":45.0,"key":"Kunai"}],"event_choices":[{"cards_removed":["Strike_B"],"damage_healed":0.0,"max_hp_gain":0.0,"max_hp_loss":0.0,"gold_gain":0.0,"event_name":"Purifier","player_choice":"Purged","floor":3.0,"gold_loss":0.0,"damage_taken":0.0},{"damage_healed":0.0,"max_hp_gain":0.0,"max_hp_loss":0.0,"gold_gain":0.0,"event_name":"Upgrade Shrine","player_choice":"Upgraded","floor":8.0,"gold_loss":0.0,"damage_taken":0.0,"cards_upgraded":["Dualcast"]},{"damage_healed":0.0,"max_hp_gain":0.0,"max_hp_loss":0.0,"gold_gain":0.0,"event_name":"Living Wall","player_choice":"Grow","floor":13.0,"gold_loss":0.0,"damage_taken":0.0,"cards_upgraded":["Defragment"]},{"damage_healed":0.0,"max_hp_gain":0.0,"max_hp_loss":0.0,"gold_gain":0.0,"event_name":"Duplicator","player_choice":"Copied","floor":20.0,"gold_loss":0.0,"damage_taken":0.0,"cards_obtained":["Defragment"]},{"damage_healed":0.0,"max_hp_gain":0.0,"max_hp_loss":0.0,"gold_gain":0.0,"event_name":"The Woman in Blue","player_choice":"Bought 1 Potion","floor":22.0,"gold_loss":0.0,"damage_taken":0.0},{"damage_healed":0.0,"max_hp_gain":0.0,"max_hp_loss":0.0,"gold_gain":0.0,"event_name":"Wheel of Change","player_choice":"Damaged","floor":36.0,"gold_loss":0.0,"damage_taken":12.0},{"cards_removed":["Go for the Eyes"],"damage_healed":0.0,"max_hp_gain":0.0,"max_hp_loss":0.0,"gold_gain":0.0,"event_name":"Falling","player_choice":"Removed Attack","floor":44.0,"gold_loss":0.0,"damage_taken":0.0},{"damage_healed":0.0,"max_hp_gain":0.0,"max_hp_loss":0.0,"gold_gain":0.0,"event_name":"SensoryStone","player_choice":"Memory 1","floor":46.0,"gold_loss":0.0,"damage_taken":0.0}],"is_beta":false,"boss_relics":[{"not_picked":["Runic Dome","Orrery"],"picked":"Tiny House"},{"not_picked":["Runic Pyramid","Fusion Hammer"],"picked":"Sozu"}],"items_purged_floors":[47],"is_endless":false,"potions_floor_spawned":[2,4,5,14,18,25,30,31,35,39],"ascension_level":16}