{"gold_per_floor":[119,2,152,52,52,82,95,95,95,124,124,124,49,82,82,82],"floor_reached":16,"playtime":497,"items_purged":["Strike_G","Doubt"],"score":278,"play_id":"5bd5e333-b244-456f-9204-09cb581ff803","local_time":"20190517221339","is_ascension_mode":true,"campfire_choices":[{"data":"Skewer","floor":8,"key":"SMITH"},{"floor":15,"key":"REST"}],"neow_cost":"NONE","seed_source_timestamp":206143008269901,"circlet_count":0,"master_deck":["AscendersBane","Defend_G","Defend_G","Defend_G","Defend_G","Defend_G","Strike_G","Strike_G","Strike_G","Survivor","Neutralize","Backflip","Skewer+1","Unload","Leg Sweep+1","Crippling Poison+1"],"relics":["Ring of the Snake","NeowsBlessing","Potion Belt","Toxic Egg 2","FossilizedHelix","The Courier","Golden Idol","Dodecahedron"],"potions_floor_usage":[10,16],"damage_taken":[{"damage":0,"enemies":"2 Louse","floor":1,"turns":1},{"damage":0,"enemies":"Lagavulin","floor":6,"turns":1},{"damage":0,"enemies":"Small Slimes","floor":7,"turns":1},{"damage":22,"enemies":"3 Sentries","floor":10,"turns":8},{"damage":25,"enemies":"Gremlin Nob","floor":14,"turns":5},{"damage":52,"enemies":"Slime Boss","floor":16,"turns":8}],"seed_played":"7835591896785768269","potions_obtained":[{"floor":1,"key":"Fire Potion"},{"floor":14,"key":"GamblersBrew"}],"is_trial":false,"path_per_floor":["M","$","?","$","?","E","M","R","T","E","?","?","?","E","R","B"],"character_chosen":"THE_SILENT","items_purchased":["Skewer"],"campfire_rested":1,"item_purchase_floors":[2],"current_hp_per_floor":[59,59,59,59,64,64,64,64,64,42,42,42,42,17,36,0],"gold":82,"neow_bonus":"THREE_ENEMY_KILL","is_prod":false,"is_daily":false,"chose_seed":false,"campfire_upgraded":1,"win_rate":0,"timestamp":1558124019,"path_taken":["M","$","?","$","?","E","M","R","T","E","?","?","?","E","R","BOSS"],"build_version":"2019-01-23","purchased_purges":2,"victory":false,"max_hp_per_floor":[66,66,66,66,71,71,71,71,71,71,71,64,64,64,64,64],"card_choices":[{"not_picked":["Terror","Eviscerate"],"picked":"Backflip","floor":1},{"not_picked":["Quick Slash","Acrobatics"],"picked":"Unload","floor":6},{"not_picked":["Outmaneuver","Cloak And Dagger","Prepared"],"picked":"SKIP","floor":7},{"not_picked":["Dodge and Roll+1","Reflex+1"],"picked":"Leg Sweep+1","floor":10},{"not_picked":["Prepared+1","Backflip+1"],"picked":"Crippling Poison+1","floor":14}],"player_experience":2709974,"relics_obtained":[{"floor":6,"key":"Potion Belt"},{"floor":9,"key":"Toxic Egg 2"},{"floor":10,"key":"FossilizedHelix"},{"floor":14,"key":"Dodecahedron"}],"event_choices":[{"damage_healed":0,"gold_gain":150,"player_choice":"AGREE","damage_taken":0,"max_hp_gain":0,"max_hp_loss":0,"event_name":"Liars Game","floor":3,"gold_loss":0,"cards_obtained":["Doubt"]},{"damage_healed":0,"gold_gain":0,"player_choice":"Donut","damage_taken":0,"max_hp_gain":5,"max_hp_loss":0,"event_name":"Big Fish","floor":5,"gold_loss":0},{"damage_healed":0,"gold_gain":0,"player_choice":"Searched \u00271\u0027 times","damage_taken":0,"relics_obtained":["The Courier"],"max_hp_gain":0,"max_hp_loss":0,"event_name":"Dead Adventurer","floor":11,"gold_loss":0},{"damage_healed":0,"gold_gain":0,"player_choice":"Lose Max HP","damage_taken":0,"relics_obtained":["Golden Idol"],"max_hp_gain":0,"max_hp_loss":7,"event_name":"Golden Idol","floor":12,"gold_loss":0},{"cards_removed":["Strike_G"],"damage_healed":0,"gold_gain":0,"player_choice":"Card Removal","damage_taken":0,"max_hp_gain":0,"max_hp_loss":0,"event_name":"The Cleric","floor":13,"gold_loss":75}],"is_beta":false,"boss_relics":[],"items_purged_floors":[2,4],"is_endless":false,"potions_floor_spawned":[1,14],"killed_by":"Slime Boss","ascension_level":20}