{"gold_per_floor":[114,114,70,70,89,119,119,144,144,157,191,202,202,231,231,306,306,319,319,219,191,191,191,191,191,191,204,119,119,137,167,167,244,244,264,51,151,151,170,170,180,193,217,235,253,253,303,336,336,336],"floor_reached":50,"playtime":3222,"items_purged":["Hello World"],"score":1086,"play_id":"95293ea4-f734-4652-aa7c-43fc52a4b4a5","local_time":"20190111215827","is_ascension_mode":true,"campfire_choices":[{"floor":7,"key":"REST"},{"data":"Capacitor","floor":13,"key":"SMITH"},{"floor":15,"key":"REST"},{"data":"Fission","floor":23,"key":"SMITH"},{"data":"Coolheaded","floor":25,"key":"SMITH"},{"floor":32,"key":"REST"},{"floor":40,"key":"RECALL"},{"data":"Defragment","floor":46,"key":"SMITH"},{"floor":49,"key":"REST"}],"neow_cost":"NONE","seed_source_timestamp":162009641728810,"circlet_count":0,"master_deck":["AscendersBane","Zap+1","Consume+1","Capacitor+1","Coolheaded+1","Conserve Battery","Go for the Eyes","BootSequence+1","Lockon","Reboot","Fission+1","Core Surge","Coolheaded+1","Hologram","Force Field","Defragment+1","Rainbow","Go for the Eyes","Defragment","Genetic Algorithm","Conserve Battery","Defragment","Electrodynamics","Ball Lightning+1","Rebound+1","Double Energy+1","Coolheaded"],"relics":["Cracked Core","NeowsBlessing","Bottled Lightning","Vajra","Smiling Mask","War Paint","Omamori","Pandora\u0027s Box","Mercury Hourglass","Regal Pillow","Bottled Flame","Meat on the Bone","Inserter","OrangePellets","Prayer Wheel","Oddly Smooth Stone"],"potions_floor_usage":[12,31,42],"damage_taken":[{"damage":0,"enemies":"Jaw Worm","floor":1,"turns":1},{"damage":0,"enemies":"2 Louse","floor":5,"turns":1},{"damage":0,"enemies":"Gremlin Nob","floor":6,"turns":1},{"damage":4,"enemies":"Lagavulin","floor":8,"turns":8},{"damage":0,"enemies":"Small Slimes","floor":10,"turns":4},{"damage":27,"enemies":"Gremlin Nob","floor":11,"turns":4},{"damage":1,"enemies":"3 Louse","floor":12,"turns":2},{"damage":5,"enemies":"3 Sentries","floor":14,"turns":7},{"damage":10,"enemies":"Slime Boss","floor":16,"turns":10},{"damage":5,"enemies":"Shell Parasite","floor":18,"turns":4},{"damage":6,"enemies":"2 Thieves","floor":21,"turns":4},{"damage":0,"enemies":"Snake Plant","floor":27,"turns":4},{"damage":11,"enemies":"Snecko","floor":30,"turns":5},{"damage":34,"enemies":"Slavers","floor":31,"turns":6},{"damage":23,"enemies":"Automaton","floor":33,"turns":11},{"damage":8,"enemies":"Orb Walker","floor":35,"turns":3},{"damage":0,"enemies":"Mind Bloom Boss Battle","floor":37,"turns":5},{"damage":0,"enemies":"3 Shapes","floor":39,"turns":4},{"damage":5,"enemies":"3 Darklings","floor":41,"turns":3},{"damage":1,"enemies":"4 Shapes","floor":42,"turns":3},{"damage":3,"enemies":"Transient","floor":44,"turns":6},{"damage":7,"enemies":"Writhing Mass","floor":45,"turns":6},{"damage":20,"enemies":"Nemesis","floor":48,"turns":7},{"damage":68,"enemies":"Awakened One","floor":50,"turns":5}],"seed_played":"-7539694240227435321","potions_obtained":[{"floor":1,"key":"Energy Potion"},{"floor":8,"key":"FocusPotion"},{"floor":10,"key":"Explosive Potion"},{"floor":21,"key":"Ancient Potion"},{"floor":31,"key":"Fire Potion"},{"floor":37,"key":"Explosive Potion"},{"floor":45,"key":"SteroidPotion"}],"is_trial":false,"path_per_floor":["M","?","$","?","M","E","R","E","T","M","E","M","R","E","R","B",null,"M","?","$","M","?","R","?","R","T","M","?","T","M","E","R","B",null,"M","$","?","?","M","R","M","M","T","M","M","R","?","E","R","B"],"character_chosen":"DEFECT","items_purchased":["Capacitor","Conserve Battery","OrangePellets"],"campfire_rested":4,"item_purchase_floors":[3,20,36],"current_hp_per_floor":[64,43,43,43,43,43,64,60,60,60,33,32,32,27,48,38,63,58,58,58,52,52,52,66,66,66,66,66,66,55,21,57,46,65,57,57,57,57,57,57,52,51,51,48,41,41,41,33,67,0],"gold":336,"neow_bonus":"THREE_ENEMY_KILL","is_prod":false,"is_daily":false,"chose_seed":false,"campfire_upgraded":4,"win_rate":0,"timestamp":1547240307,"path_taken":["M","?","$","?","?","E","R","E","T","M","E","M","R","E","R","BOSS","M","?","$","M","?","R","?","R","T","?","?","?","M","E","R","BOSS","M","$","?","?","?","R","M","M","T","?","M","R","?","E","R","BOSS"],"build_version":"2019-01-03v4","purchased_purges":1,"victory":false,"max_hp_per_floor":[71,71,71,71,71,71,71,71,71,71,71,71,71,71,71,71,71,71,71,71,71,71,71,71,71,71,71,71,71,71,71,71,71,71,71,71,71,67,67,67,67,67,67,67,67,67,67,67,67,67],"card_choices":[{"not_picked":["Steam Power","Storm"],"picked":"Consume","floor":1},{"not_picked":["Compile Driver","Rip and Tear"],"picked":"Coolheaded","floor":5},{"not_picked":["Turbo","Coolheaded"],"picked":"Conserve Battery","floor":6},{"not_picked":["Recycle","Streamline"],"picked":"Go for the Eyes","floor":8},{"not_picked":["Go for the Eyes","Gash"],"picked":"BootSequence","floor":10},{"not_picked":["Double Energy","Sweeping Beam"],"picked":"Lockon","floor":11},{"not_picked":["White Noise","Auto Shields"],"picked":"Reboot","floor":12},{"not_picked":["Stack","Hello World","Skim"],"picked":"SKIP","floor":14},{"not_picked":["Meteor Strike","Machine Learning"],"picked":"Fission","floor":16},{"not_picked":["Sweeping Beam","Rebound+1"],"picked":"Defragment","floor":18},{"not_picked":["Coolheaded","Skim"],"picked":"Defragment","floor":21},{"not_picked":["Redo","Leap","Static Discharge"],"picked":"SKIP","floor":27},{"not_picked":["Compile Driver+1","Rip and Tear","Turbo"],"picked":"SKIP","floor":30},{"not_picked":["Beam Cell","Sweeping Beam","Thunder Strike"],"picked":"SKIP","floor":31},{"not_picked":["Meteor Strike","Seek"],"picked":"Electrodynamics","floor":33},{"not_picked":["Auto Shields","Stack"],"picked":"Ball Lightning+1","floor":35},{"not_picked":["Hologram","Go for the Eyes"],"picked":"Rebound+1","floor":39},{"not_picked":["Rebound+1","Steam+1","Recycle"],"picked":"SKIP","floor":39},{"not_picked":["Gash","Hologram","Steam+1"],"picked":"SKIP","floor":41},{"not_picked":["Turbo","Compile Driver","Defragment"],"picked":"SKIP","floor":41},{"not_picked":["Blizzard+1","Rip and Tear","Melter+1"],"picked":"SKIP","floor":42},{"not_picked":["Cold Snap","Reboot","Auto Shields"],"picked":"SKIP","floor":42},{"not_picked":["Streamline+1","Steam","Go for the Eyes"],"picked":"SKIP","floor":44},{"not_picked":["Stack","Sweeping Beam","Barrage"],"picked":"SKIP","floor":44},{"not_picked":["Streamline","White Noise+1"],"picked":"Double Energy+1","floor":45},{"not_picked":["Sunder","Consume","Reprogram+1"],"picked":"SKIP","floor":45},{"not_picked":["Ball Lightning","Steam"],"picked":"Coolheaded","floor":48}],"player_experience":1544317,"relics_obtained":[{"floor":6,"key":"Bottled Lightning"},{"floor":8,"key":"Vajra"},{"floor":9,"key":"Smiling Mask"},{"floor":11,"key":"War Paint"},{"floor":14,"key":"Omamori"},{"floor":26,"key":"Mercury Hourglass"},{"floor":29,"key":"Bottled Flame"},{"floor":31,"key":"Meat on the Bone"},{"floor":37,"key":"Prayer Wheel"},{"floor":48,"key":"Oddly Smooth Stone"}],"event_choices":[{"damage_healed":0,"gold_gain":0,"player_choice":"Entered Light","damage_taken":21,"max_hp_gain":0,"max_hp_loss":0,"event_name":"Shining Light","floor":2,"gold_loss":0,"cards_upgraded":["Consume","Defend_B"]},{"damage_healed":0,"gold_gain":0,"player_choice":"Grow","damage_taken":0,"max_hp_gain":0,"max_hp_loss":0,"event_name":"Living Wall","floor":4,"gold_loss":0,"cards_upgraded":["Zap"]},{"damage_healed":0,"gold_gain":0,"cards_transformed":["Dualcast","Beam Cell"],"player_choice":"Became Test Subject","damage_taken":0,"max_hp_gain":0,"max_hp_loss":0,"event_name":"Drug Dealer","floor":19,"gold_loss":0,"cards_obtained":["Genetic Algorithm","Hello World"]},{"damage_healed":0,"gold_gain":0,"player_choice":"Ignored","damage_taken":0,"max_hp_gain":0,"max_hp_loss":0,"event_name":"Vampires","floor":22,"gold_loss":0},{"damage_healed":14,"gold_gain":0,"player_choice":"Heal","damage_taken":0,"max_hp_gain":0,"max_hp_loss":0,"event_name":"The Library","floor":24,"gold_loss":0},{"damage_healed":0,"gold_gain":0,"player_choice":"Obtained Relic","damage_taken":0,"relics_obtained":["Regal Pillow"],"max_hp_gain":0,"max_hp_loss":0,"event_name":"Addict","floor":28,"gold_loss":85},{"damage_healed":0,"gold_gain":0,"player_choice":"Fight","damage_taken":0,"max_hp_gain":0,"max_hp_loss":0,"event_name":"MindBloom","floor":37,"gold_loss":0},{"damage_healed":0,"gold_gain":0,"player_choice":"Max HP","damage_taken":0,"max_hp_gain":0,"max_hp_loss":4,"event_name":"Winding Halls","floor":38,"gold_loss":0},{"damage_healed":0,"gold_gain":50,"player_choice":"Pray","damage_taken":0,"max_hp_gain":0,"max_hp_loss":0,"event_name":"Golden Shrine","floor":47,"gold_loss":0}],"is_beta":false,"boss_relics":[{"not_picked":["Eternal Feather","Black Star"],"picked":"Pandora\u0027s Box"},{"not_picked":["Tiny House","Runic Pyramid"],"picked":"Inserter"}],"items_purged_floors":[20],"is_endless":false,"potions_floor_spawned":[1,8,10,11,21,30,31,37,39,45,48],"killed_by":"Awakened One","ascension_level":20}