{"gold_per_floor":[115,190,115,126,126,157,157,198,198,211,211,57,57,90,90,90],"floor_reached":16,"playtime":612,"items_purged":["Strike_R"],"score":282,"play_id":"76fa21fc-7f47-46c2-bfef-e5553506e6ed","local_time":"20190320202521","is_ascension_mode":true,"campfire_choices":[{"data":"Bash","floor":7,"key":"SMITH"},{"floor":11,"key":"REST"},{"data":"Shockwave","floor":15,"key":"SMITH"}],"neow_cost":"NONE","seed_source_timestamp":433138873217255,"circlet_count":0,"master_deck":["AscendersBane","Strike_R","Strike_R","Strike_R","Strike_R","Defend_R","Defend_R","Defend_R","Bash+1","Armaments","Clothesline","Metallicize","Shrug It Off","Uppercut+1","Shockwave+1"],"relics":["Burning Blood","NeowsBlessing","Golden Idol","Gremlin Horn","Molten Egg 2","Pantograph"],"potions_floor_usage":[8,14],"damage_taken":[{"damage":0,"enemies":"Small Slimes","floor":1,"turns":1},{"damage":0,"enemies":"2 Louse","floor":4,"turns":1},{"damage":0,"enemies":"Lagavulin","floor":6,"turns":1},{"damage":32,"enemies":"Gremlin Nob","floor":8,"turns":5},{"damage":4,"enemies":"Jaw Worm","floor":10,"turns":4},{"damage":45,"enemies":"Lagavulin","floor":14,"turns":11},{"damage":43,"enemies":"Hexaghost","floor":16,"turns":11}],"seed_played":"-1147065171397374041","potions_obtained":[{"floor":1,"key":"SkillPotion"},{"floor":10,"key":"BloodPotion"},{"floor":14,"key":"SmokeBomb"}],"is_trial":false,"path_per_floor":["M","?","?","M","?","E","R","E","T","M","R","$","?","E","R","B"],"character_chosen":"IRONCLAD","items_purchased":["Shockwave"],"campfire_rested":1,"item_purchase_floors":[12],"current_hp_per_floor":[74,63,63,69,43,49,49,23,23,25,47,47,47,15,15,0],"gold":90,"neow_bonus":"THREE_ENEMY_KILL","is_prod":false,"is_daily":false,"chose_seed":false,"campfire_upgraded":2,"win_rate":0,"timestamp":1553109921,"path_taken":["M","?","?","M","?","E","R","E","T","?","R","$","?","E","R","BOSS"],"build_version":"2019-01-23","purchased_purges":1,"victory":false,"max_hp_per_floor":[75,75,75,75,75,75,75,75,75,75,75,75,75,75,75,75],"card_choices":[{"not_picked":["Sentinel","Body Slam"],"picked":"Armaments","floor":1},{"not_picked":["Dual Wield","Pommel Strike"],"picked":"Clothesline","floor":4},{"not_picked":["Havoc","Rage"],"picked":"Metallicize","floor":6},{"not_picked":["Seeing Red","Brutality"],"picked":"Shrug It Off","floor":8},{"not_picked":["Twin Strike+1","Clothesline+1"],"picked":"Uppercut+1","floor":10},{"not_picked":["Perfected Strike+1","Hemokinesis+1","Bloodletting"],"picked":"SKIP","floor":14}],"player_experience":2153481,"relics_obtained":[{"floor":6,"key":"Gremlin Horn"},{"floor":8,"key":"Molten Egg 2"},{"floor":14,"key":"Pantograph"}],"event_choices":[{"damage_healed":0,"gold_gain":75,"player_choice":"Gather Gold","damage_taken":11,"max_hp_gain":0,"max_hp_loss":0,"event_name":"World of Goop","floor":2,"gold_loss":0},{"cards_removed":["Defend_R"],"damage_healed":0,"gold_gain":0,"player_choice":"Card Removal","damage_taken":0,"max_hp_gain":0,"max_hp_loss":0,"event_name":"The Cleric","floor":3,"gold_loss":75},{"damage_healed":0,"gold_gain":0,"player_choice":"Take Damage","damage_taken":26,"relics_obtained":["Golden Idol"],"max_hp_gain":0,"max_hp_loss":0,"event_name":"Golden Idol","floor":5,"gold_loss":0},{"damage_healed":0,"gold_gain":0,"player_choice":"Ignored","damage_taken":0,"max_hp_gain":0,"max_hp_loss":0,"event_name":"Liars Game","floor":13,"gold_loss":0}],"is_beta":false,"boss_relics":[],"items_purged_floors":[12],"is_endless":false,"potions_floor_spawned":[1,10,14],"killed_by":"Hexaghost","ascension_level":20}