{"gold_per_floor":[16,28,103,103,116,148,148,177,177,177,192,192,235,211,211,307,307,326,344,183,183],"floor_reached":21,"playtime":1242,"items_purged":["Strike_R"],"score":423,"play_id":"866e4a67-03dc-40e5-a747-e08fd3d6921a","local_time":"20190330213441","is_ascension_mode":true,"campfire_choices":[{"floor":7.0,"key":"REST"},{"floor":10.0,"key":"REST"},{"data":"Whirlwind","floor":15.0,"key":"SMITH"}],"neow_cost":"NO_GOLD","seed_source_timestamp":520081053697126,"circlet_count":0,"master_deck":["AscendersBane","Strike_R","Strike_R","Strike_R","Strike_R","Defend_R","Defend_R","Defend_R","Defend_R","Bash","Feed","Clothesline","Rampage","Thunderclap","Whirlwind+1","Shockwave","Impervious","Decay","Uppercut","Inflame+1"],"special_seed":0,"relics":["Burning Blood","GremlinMask","Regal Pillow","Singing Bowl","The Courier","Golden Idol","Omamori","Calling Bell","Oddly Smooth Stone","Frozen Egg 2","WingedGreaves"],"potions_floor_usage":[19,21,21],"damage_taken":[{"damage":2.0,"enemies":"2 Louse","floor":1.0,"turns":3.0},{"damage":9.0,"enemies":"Jaw Worm","floor":2.0,"turns":4.0},{"damage":4.0,"enemies":"Cultist","floor":5.0,"turns":3.0},{"damage":49.0,"enemies":"Lagavulin","floor":6.0,"turns":9.0},{"damage":54.0,"enemies":"3 Sentries","floor":8.0,"turns":10.0},{"damage":7.0,"enemies":"3 Louse","floor":11.0,"turns":4.0},{"damage":30.0,"enemies":"Lagavulin","floor":13.0,"turns":7.0},{"damage":17.0,"enemies":"Exordium Thugs","floor":14.0,"turns":4.0},{"damage":51.0,"enemies":"Slime Boss","floor":16.0,"turns":9.0},{"damage":31.0,"enemies":"Chosen","floor":18.0,"turns":9.0},{"damage":43,"enemies":"Shell Parasite","floor":19,"turns":6},{"damage":34,"enemies":"Snecko","floor":21,"turns":4}],"seed_played":"-5269983488239907988","potions_obtained":[{"floor":6.0,"key":"PowerPotion"},{"floor":11.0,"key":"Regen Potion"},{"floor":13.0,"key":"BloodPotion"},{"floor":14.0,"key":"Strength Potion"},{"floor":18.0,"key":"Energy Potion"},{"floor":19,"key":"Poison Potion"}],"is_trial":false,"path_per_floor":["M","M","?","?","M","E","R","E","T","R","M","?","E","M","R","B",null,"M","M","$","M"],"character_chosen":"IRONCLAD","items_purchased":["Inflame+1","Regen Potion"],"campfire_rested":2,"item_purchase_floors":[20,20],"current_hp_per_floor":[75,75,64,64,69,29,70,25,25,67,71,71,65,59,59,26,79,57,22,22,0],"gold":183,"neow_bonus":"THREE_RARE_CARDS","is_prod":false,"is_daily":false,"chose_seed":false,"campfire_upgraded":1,"win_rate":0,"timestamp":1553978081,"path_taken":["M","M","?","?","?","E","R","E","T","R","M","?","E","M","R","BOSS","M","M","$","M"],"build_version":"2019-01-23","purchased_purges":1,"victory":false,"max_hp_per_floor":[78,81,81,81,84,87,87,90,90,90,95,86,89,94,94,97,97,100,102,102,102],"card_choices":[{"not_picked":["Berserk","Impervious"],"picked":"Feed","floor":0.0},{"not_picked":["Wild Strike","Flex"],"picked":"Clothesline","floor":1.0},{"not_picked":["Havoc","Cleave"],"picked":"Rampage","floor":2.0},{"not_picked":["Body Slam","Reckless Charge","Pommel Strike"],"picked":"SKIP","floor":5.0},{"not_picked":["Pommel Strike","Clash"],"picked":"Thunderclap","floor":6.0},{"not_picked":["Rage","Shockwave"],"picked":"Whirlwind","floor":8.0},{"not_picked":["Flex","Pommel Strike","Clash"],"picked":"Singing Bowl","floor":11.0},{"not_picked":["Metallicize","Carnage"],"picked":"Shockwave","floor":13.0},{"not_picked":["Whirlwind","Sword Boomerang","Warcry"],"picked":"Singing Bowl","floor":14.0},{"not_picked":["Double Tap","Fiend Fire"],"picked":"Impervious","floor":16.0},{"not_picked":["Power Through","Rampage"],"picked":"Uppercut","floor":18.0},{"not_picked":["Wild Strike","Cleave","Havoc"],"picked":"Singing Bowl","floor":19}],"player_experience":2310647,"relics_obtained":[{"floor":6.0,"key":"Regal Pillow"},{"floor":8.0,"key":"Singing Bowl"},{"floor":9.0,"key":"The Courier"},{"floor":13.0,"key":"Omamori"},{"floor":17.0,"key":"Oddly Smooth Stone"},{"floor":17.0,"key":"Frozen Egg 2"},{"floor":17.0,"key":"WingedGreaves"}],"event_choices":[{"damage_healed":0.0,"max_hp_gain":0.0,"max_hp_loss":0.0,"gold_gain":75.0,"event_name":"World of Goop","player_choice":"Gather Gold","floor":3.0,"gold_loss":0.0,"damage_taken":11.0},{"damage_healed":0.0,"max_hp_gain":0.0,"max_hp_loss":0.0,"gold_gain":0.0,"event_name":"FaceTrader","player_choice":"Trade","floor":4.0,"gold_loss":0.0,"damage_taken":0.0,"relics_obtained":["GremlinMask"]},{"damage_healed":0.0,"max_hp_gain":0.0,"max_hp_loss":9.0,"gold_gain":0.0,"event_name":"Golden Idol","player_choice":"Lose Max HP","floor":12.0,"gold_loss":0.0,"damage_taken":0.0,"relics_obtained":["Golden Idol"]}],"is_beta":false,"boss_relics":[{"not_picked":["Snecko Eye","Runic Cube"],"picked":"Calling Bell"}],"items_purged_floors":[20],"is_endless":false,"potions_floor_spawned":[6,11,13,14,18,19],"killed_by":"Snecko","ascension_level":20}