{"gold_per_floor":[119,119,139,159,177,177,38,50,50,60,74,74,87,102,102,102],"floor_reached":16,"playtime":769,"items_purged":[],"score":123,"play_id":"a661d60c-1d59-4589-bd46-86631a7e2cb4","local_time":"20190521215014","is_ascension_mode":true,"campfire_choices":[{"data":"Dualcast","floor":6,"key":"SMITH"},{"data":"Buffer","floor":15,"key":"SMITH"}],"neow_cost":"NONE","seed_source_timestamp":237407605676613,"circlet_count":0,"master_deck":["Strike_B","Strike_B","Strike_B","Defend_B","Defend_B","Defend_B","Defend_B","Zap","Dualcast+1","Streamline","Leap","Cold Snap","Sunder","Conserve Battery","Buffer+1","Sweeping Beam","Ball Lightning"],"special_seed":0,"relics":["Lizard Tail","Question Card"],"potions_floor_usage":[11,16,16],"damage_taken":[{"damage":7.0,"enemies":"Small Slimes","floor":1.0,"turns":5.0},{"damage":0.0,"enemies":"Cultist","floor":3.0,"turns":4.0},{"damage":0.0,"enemies":"2 Louse","floor":4.0,"turns":3.0},{"damage":3,"enemies":"Red Slaver","floor":5,"turns":6},{"damage":0,"enemies":"Looter","floor":8,"turns":4},{"damage":37,"enemies":"Gremlin Gang","floor":10,"turns":4},{"damage":3,"enemies":"Blue Slaver","floor":11,"turns":5},{"damage":0,"enemies":"2 Fungi Beasts","floor":13,"turns":2},{"damage":7,"enemies":"Exordium Thugs","floor":14,"turns":6},{"damage":5,"enemies":"Slime Boss","floor":16,"turns":10}],"seed_played":"3995084013943729835","potions_obtained":[{"floor":4.0,"key":"Ancient Potion"},{"floor":8,"key":"Regen Potion"},{"floor":10,"key":"Poison Potion"},{"floor":12,"key":"FairyPotion"},{"floor":12,"key":"SkillPotion"},{"floor":12,"key":"SpeedPotion"},{"floor":14,"key":"GamblersBrew"}],"is_trial":false,"path_per_floor":["M","?","M","M","M","R","$","M","T","M","M","?","M","M","R","B"],"character_chosen":"DEFECT","items_purchased":["Buffer"],"campfire_rested":0,"item_purchase_floors":[7],"current_hp_per_floor":[68,68,68,68,65,65,65,65,65,28,37,37,37,30,30,25],"gold":102,"neow_bonus":"BOSS_RELIC","is_prod":false,"is_daily":false,"chose_seed":false,"campfire_upgraded":2,"win_rate":0,"timestamp":1558455614,"path_taken":["M","?","M","?","M","R","?","M","T","M","M","?","M","?","R","BOSS"],"build_version":"2019-01-23","purchased_purges":0,"victory":false,"max_hp_per_floor":[75,75,75,75,75,75,75,75,75,75,75,75,75,75,75,75],"card_choices":[{"not_picked":["Barrage","Redo"],"picked":"Streamline","floor":1.0},{"not_picked":["Lockon","Storm"],"picked":"Cold Snap","floor":3.0},{"not_picked":["Ball Lightning","Reinforced Body"],"picked":"Sunder","floor":4.0},{"not_picked":["Steam","Hologram"],"picked":"Conserve Battery","floor":5},{"not_picked":["Sunder","Aggregate","Stack"],"picked":"SKIP","floor":8},{"not_picked":["Fusion","Streamline","Rebound"],"picked":"Sweeping Beam","floor":10},{"not_picked":["Rip and Tear","Redo","Steam"],"picked":"Ball Lightning","floor":11},{"not_picked":["Gash","Thunder Strike","Leap","Rebound"],"picked":"SKIP","floor":13},{"not_picked":["Gash","Redo","Beam Cell","Streamline"],"picked":"SKIP","floor":14}],"player_experience":601192,"relics_obtained":[{"floor":9,"key":"Question Card"}],"event_choices":[{"damage_healed":0.0,"max_hp_gain":0.0,"max_hp_loss":0.0,"gold_gain":0.0,"cards_transformed":["Strike_B"],"event_name":"Transmorgrifier","player_choice":"Transformed","floor":2.0,"gold_loss":0.0,"damage_taken":0.0,"cards_obtained":["Leap"]},{"damage_healed":0,"gold_gain":0,"player_choice":"Got Potions","damage_taken":0,"max_hp_gain":0,"max_hp_loss":0,"event_name":"Lab","floor":12,"gold_loss":0}],"is_beta":false,"boss_relics":[],"items_purged_floors":[],"is_endless":false,"potions_floor_spawned":[4,8,10,14],"killed_by":"Slime Boss","ascension_level":5}