{"gold_per_floor":[112,72,147,147,42,75,75,89,114,114,147,163,208,239,251,263],"floor_reached":16,"playtime":596,"items_purged":[],"score":266,"play_id":"b6f12ab0-5c95-4c3e-94f4-8b53bb3fb2d4","local_time":"20190303130821","is_ascension_mode":true,"campfire_choices":[{"data":"Uppercut","floor":7,"key":"SMITH"},{"data":"Flame Barrier","floor":10,"key":"SMITH"},{"data":"Entrench","floor":15,"key":"SMITH"}],"neow_cost":"NONE","seed_source_timestamp":1006078218557294,"circlet_count":0,"master_deck":["AscendersBane","Strike_R","Strike_R","Strike_R","Strike_R+1","Strike_R","Defend_R","Defend_R","Defend_R","Defend_R","Bash","Uppercut+1","Shockwave+1","Feel No Pain","Clothesline","Metallicize","Flame Barrier+1","Entrench+1","Flame Barrier","Sword Boomerang"],"relics":["Burning Blood","NeowsBlessing","Juzu Bracelet","PreservedInsect","Potion Belt","MawBank"],"potions_floor_usage":[16],"damage_taken":[{"damage":0,"enemies":"Jaw Worm","floor":1,"turns":1},{"damage":0,"enemies":"Gremlin Nob","floor":6,"turns":1},{"damage":0,"enemies":"2 Louse","floor":8,"turns":1},{"damage":19,"enemies":"3 Sentries","floor":11,"turns":9},{"damage":0,"enemies":"Small Slimes","floor":12,"turns":3},{"damage":7,"enemies":"Looter","floor":14,"turns":4},{"damage":49,"enemies":"Hexaghost","floor":16,"turns":14}],"seed_played":"-1475584429187699799","potions_obtained":[{"floor":8,"key":"Poison Potion"},{"floor":14,"key":"SpeedPotion"}],"is_trial":false,"path_per_floor":["M","$","?","?","$","E","R","M","T","R","E","M","T","M","R","B"],"character_chosen":"IRONCLAD","items_purchased":["Shockwave","Feel No Pain","Clothesline"],"campfire_rested":0,"item_purchase_floors":[2,5,5],"current_hp_per_floor":[74,74,63,40,40,46,46,52,52,52,39,45,45,44,44,0],"gold":263,"neow_bonus":"THREE_ENEMY_KILL","is_prod":false,"is_daily":false,"chose_seed":false,"campfire_upgraded":3,"win_rate":0,"timestamp":1551614901,"path_taken":["M","$","?","?","$","E","R","M","T","R","E","M","?","M","R","BOSS"],"build_version":"2019-01-23","purchased_purges":0,"victory":false,"max_hp_per_floor":[75,75,75,75,75,75,75,75,75,75,75,75,75,75,75,75],"card_choices":[{"not_picked":["Havoc","Flex"],"picked":"Uppercut","floor":1},{"not_picked":["Flex","Reckless Charge"],"picked":"Metallicize","floor":6},{"not_picked":["Pummel","Pommel Strike"],"picked":"Flame Barrier","floor":8},{"not_picked":["Sentinel","Thunderclap"],"picked":"Entrench","floor":11},{"not_picked":["Rage","Rampage"],"picked":"Flame Barrier","floor":12},{"not_picked":["Clothesline","Shrug It Off"],"picked":"Sword Boomerang","floor":14}],"player_experience":1872168,"relics_obtained":[{"floor":6,"key":"Juzu Bracelet"},{"floor":9,"key":"PreservedInsect"},{"floor":11,"key":"Potion Belt"},{"floor":13,"key":"MawBank"}],"event_choices":[{"damage_healed":0,"gold_gain":75,"player_choice":"Gather Gold","damage_taken":11,"max_hp_gain":0,"max_hp_loss":0,"event_name":"World of Goop","floor":3,"gold_loss":0},{"damage_healed":0,"gold_gain":0,"player_choice":"Entered Light","damage_taken":23,"max_hp_gain":0,"max_hp_loss":0,"event_name":"Shining Light","floor":4,"gold_loss":0,"cards_upgraded":["Shockwave","Strike_R"]}],"is_beta":false,"boss_relics":[],"items_purged_floors":[],"is_endless":false,"potions_floor_spawned":[8,14],"killed_by":"Hexaghost","ascension_level":20}