{"gold_per_floor":[140,140,205,45,57,57,90,90,90,140,190,190,259,284,284,284],"floor_reached":16,"playtime":2841,"items_purged":["Strike_R"],"score":200,"play_id":"7c264d0d-a1f2-4e41-9a78-44780a94ebb4","local_time":"20190326183817","is_ascension_mode":true,"campfire_choices":[{"data":"Bludgeon","floor":6,"key":"SMITH"},{"data":"Bash","floor":8,"key":"SMITH"},{"data":"Bludgeon","floor":12,"key":"SMITH"},{"data":"Fiend Fire","floor":15,"key":"SMITH"}],"neow_cost":"NONE","seed_source_timestamp":162448506988752,"circlet_count":0,"master_deck":["AscendersBane","Strike_R","Strike_R","Strike_R","Strike_R","Defend_R","Defend_R","Defend_R","Defend_R","Bash+1","Spot Weakness","Twin Strike","Bludgeon+1","Bludgeon+1","Fiend Fire+1"],"relics":["Burning Blood","Tiny Chest","SsserpentHead","Thread and Needle","Bird Faced Urn","Golden Idol","Meat on the Bone"],"potions_floor_usage":[5,16],"damage_taken":[{"damage":7,"enemies":"2 Louse","floor":1,"turns":3},{"damage":7,"enemies":"Cultist","floor":3,"turns":5},{"damage":6,"enemies":"Small Slimes","floor":5,"turns":2},{"damage":20,"enemies":"3 Sentries","floor":7,"turns":7},{"damage":5,"enemies":"2 Fungi Beasts","floor":13,"turns":3},{"damage":5,"enemies":"Looter","floor":14,"turns":3},{"damage":52,"enemies":"Slime Boss","floor":16,"turns":7}],"seed_played":"-7058490209348003551","potions_obtained":[{"floor":1,"key":"FearPotion"},{"floor":7,"key":"Ancient Potion"},{"floor":14,"key":"EssenceOfSteel"}],"is_trial":false,"path_per_floor":["M","?","M","$","M","R","E","R","T","?","?","R","M","M","R","B"],"character_chosen":"IRONCLAD","items_purchased":["Bludgeon"],"campfire_rested":0,"item_purchase_floors":[4],"current_hp_per_floor":[67,67,66,66,66,66,52,52,52,26,26,26,39,52,52,0],"gold":284,"neow_bonus":"RANDOM_COMMON_RELIC","is_prod":false,"is_daily":false,"chose_seed":false,"campfire_upgraded":4,"win_rate":0,"timestamp":1553621897,"path_taken":["M","?","?","$","M","R","E","R","T","?","?","R","?","M","R","BOSS"],"build_version":"2019-01-23","purchased_purges":1,"victory":false,"max_hp_per_floor":[75,75,75,75,75,75,75,75,75,75,75,75,75,75,75,75],"card_choices":[{"not_picked":["Combust","Shrug It Off"],"picked":"Spot Weakness","floor":1},{"not_picked":["Iron Wave","Clash"],"picked":"Twin Strike","floor":3},{"not_picked":["Wild Strike","Entrench","Blood for Blood"],"picked":"SKIP","floor":5},{"not_picked":["Dropkick","Clash"],"picked":"Bludgeon","floor":7},{"not_picked":["Anger","Spot Weakness","Rage"],"picked":"SKIP","floor":13},{"not_picked":["Headbutt","Anger"],"picked":"Fiend Fire","floor":14}],"player_experience":2201658,"relics_obtained":[{"floor":7,"key":"Thread and Needle"},{"floor":9,"key":"Bird Faced Urn"}],"event_choices":[{"damage_healed":0,"gold_gain":0,"player_choice":"Trade","damage_taken":0,"relics_obtained":["SsserpentHead"],"max_hp_gain":0,"max_hp_loss":0,"event_name":"FaceTrader","floor":2,"gold_loss":0},{"damage_healed":0,"gold_gain":0,"player_choice":"Take Damage","damage_taken":26,"relics_obtained":["Golden Idol"],"max_hp_gain":0,"max_hp_loss":0,"event_name":"Golden Idol","floor":10,"gold_loss":0},{"damage_healed":0,"gold_gain":0,"player_choice":"Gave Potion","damage_taken":0,"relics_obtained":["Meat on the Bone"],"max_hp_gain":0,"max_hp_loss":0,"event_name":"WeMeetAgain","floor":11,"gold_loss":0}],"is_beta":false,"boss_relics":[],"items_purged_floors":[4],"is_endless":false,"potions_floor_spawned":[1,7,14],"killed_by":"Slime Boss","ascension_level":20}