{"gold_per_floor":[116,0,0,150,150,150,179,179,479,507,522,98,18,33,33,105,105,119,119,119,139,154,189,189,214,240,240,270,23,38,38,38,38],"floor_reached":33,"playtime":1933,"items_purged":["Strike_R","Doubt"],"score":743,"play_id":"d3986e99-8497-45a1-9ea5-96e11f5535de","local_time":"20190316135104","is_ascension_mode":true,"campfire_choices":[{"data":"Bash","floor":6,"key":"SMITH"},{"data":"Juggernaut","floor":8,"key":"SMITH"},{"data":"Corruption","floor":15,"key":"SMITH"},{"floor":24,"key":"REST"},{"data":"Battle Trance","floor":27,"key":"SMITH"},{"floor":32,"key":"REST"}],"neow_cost":"NONE","seed_source_timestamp":62551422563915,"circlet_count":0,"master_deck":["AscendersBane","Defend_R","Defend_R","Defend_R","Defend_R","Bash+1","Rampage+1","Ghostly Armor+1","Juggernaut+1","Rage","Feel No Pain","Immolate","Corruption+1","Metallicize","Seeing Red","Demon Form","Barricade","Battle Trance+1","Shrug It Off","Metallicize","Bite","Bite","Bite","Bite","Bite","Ghostly Armor","True Grit","Disarm"],"relics":["Burning Blood","NeowsBlessing","Bag of Preparation","Old Coin","Darkstone Periapt","Lantern","Orrery","FossilizedHelix","Bottled Lightning","Charon\u0027s Ashes","Oddly Smooth Stone"],"potions_floor_usage":[16,16,21,23,23,33],"damage_taken":[{"damage":0,"enemies":"2 Louse","floor":1,"turns":1},{"damage":0,"enemies":"3 Sentries","floor":7,"turns":2},{"damage":0,"enemies":"Lagavulin","floor":10,"turns":1},{"damage":1,"enemies":"Small Slimes","floor":11,"turns":4},{"damage":4,"enemies":"Jaw Worm","floor":14,"turns":3},{"damage":40,"enemies":"Hexaghost","floor":16,"turns":9},{"damage":8,"enemies":"Shell Parasite","floor":18,"turns":5},{"damage":19,"enemies":"Spheric Guardian","floor":21,"turns":4},{"damage":30,"enemies":"Snake Plant","floor":22,"turns":4},{"damage":14,"enemies":"Slavers","floor":23,"turns":5},{"damage":32,"enemies":"Gremlin Leader","floor":25,"turns":8},{"damage":23,"enemies":"Slavers","floor":28,"turns":4},{"damage":4,"enemies":"Shelled Parasite and Fungi","floor":30,"turns":4},{"damage":84,"enemies":"Automaton","floor":33,"turns":10}],"seed_played":"-8749672802775048192","potions_obtained":[{"floor":1,"key":"EssenceOfSteel"},{"floor":10,"key":"LiquidBronze"},{"floor":16,"key":"SpeedPotion"},{"floor":20,"key":"SkillPotion"},{"floor":22,"key":"SkillPotion"},{"floor":28,"key":"PowerPotion"}],"is_trial":false,"path_per_floor":["M","$","?","?","?","R","E","R","T","E","M","$","$","M","R","B",null,"M","?","?","M","M","E","R","E","T","R","E","$","M","$","R","B"],"character_chosen":"IRONCLAD","items_purchased":["Ghostly Armor","Immolate","Corruption","Lantern","Metallicize","Oddly Smooth Stone","Disarm"],"campfire_rested":2,"item_purchase_floors":[2,12,12,12,13,29,29],"current_hp_per_floor":[74,74,74,74,51,51,57,57,57,63,68,68,68,70,70,36,65,63,52,52,44,26,30,45,35,35,35,24,24,34,34,49,0],"gold":38,"neow_bonus":"THREE_ENEMY_KILL","is_prod":false,"is_daily":false,"chose_seed":false,"campfire_upgraded":4,"win_rate":0,"timestamp":1552740664,"path_taken":["M","$","?","?","?","R","E","R","T","E","M","?","$","?","R","BOSS","M","?","?","?","M","E","R","E","T","R","E","?","M","?","R","BOSS"],"build_version":"2019-01-23","purchased_purges":2,"victory":false,"max_hp_per_floor":[75,75,75,75,75,75,75,75,75,75,75,75,75,75,75,75,75,75,52,52,52,52,52,52,52,52,52,52,52,52,52,52,52],"card_choices":[{"not_picked":["Clash","Thunderclap"],"picked":"Rampage","floor":1},{"not_picked":["Havoc","Thunderclap"],"picked":"Juggernaut","floor":7},{"not_picked":["Havoc","Body Slam"],"picked":"Rage","floor":10},{"not_picked":["Pommel Strike","Pummel"],"picked":"Feel No Pain","floor":11},{"not_picked":["Thunderclap","Havoc"],"picked":"Seeing Red","floor":14},{"not_picked":["Exhume","Offering"],"picked":"Demon Form","floor":16},{"not_picked":["Seeing Red","Perfected Strike"],"picked":"Barricade","floor":17},{"not_picked":["Spot Weakness","Body Slam"],"picked":"Battle Trance","floor":17},{"not_picked":["Clash","Uppercut"],"picked":"Shrug It Off","floor":17},{"not_picked":["Carnage","Iron Wave"],"picked":"Metallicize","floor":18},{"not_picked":["Anger","Combust"],"picked":"Ghostly Armor","floor":21},{"not_picked":["Sever Soul","Clothesline","Warcry"],"picked":"SKIP","floor":22},{"not_picked":["Combust","Anger+1","Second Wind"],"picked":"SKIP","floor":23},{"not_picked":["Iron Wave","Barricade","Heavy Blade"],"picked":"SKIP","floor":25},{"not_picked":["Iron Wave","Barricade","Heavy Blade"],"picked":"SKIP","floor":25},{"not_picked":["Twin Strike","Cleave"],"picked":"True Grit","floor":28},{"not_picked":["Rupture","Anger","Twin Strike"],"picked":"SKIP","floor":30}],"player_experience":2059532,"relics_obtained":[{"floor":7,"key":"Bag of Preparation"},{"floor":9,"key":"Old Coin"},{"floor":10,"key":"Darkstone Periapt"},{"floor":23,"key":"FossilizedHelix"},{"floor":25,"key":"Bottled Lightning"},{"floor":28,"key":"Charon\u0027s Ashes"}],"event_choices":[{"damage_healed":0,"gold_gain":0,"player_choice":"Leave","damage_taken":0,"max_hp_gain":0,"max_hp_loss":0,"event_name":"The Cleric","floor":3,"gold_loss":0},{"damage_healed":0,"gold_gain":150,"player_choice":"AGREE","damage_taken":0,"max_hp_gain":0,"max_hp_loss":0,"event_name":"Liars Game","floor":4,"gold_loss":0,"cards_obtained":["Doubt"]},{"damage_healed":0,"gold_gain":0,"player_choice":"Entered Light","damage_taken":23,"max_hp_gain":0,"max_hp_loss":0,"event_name":"Shining Light","floor":5,"gold_loss":0,"cards_upgraded":["Rampage","Ghostly Armor"]},{"damage_healed":0,"gold_gain":0,"player_choice":"Became a vampire","damage_taken":0,"max_hp_gain":0,"max_hp_loss":23,"event_name":"Vampires","floor":19,"gold_loss":0,"cards_obtained":["Bite","Bite","Bite","Bite","Bite"]},{"damage_healed":0,"gold_gain":0,"player_choice":"Got Potions","damage_taken":0,"max_hp_gain":0,"max_hp_loss":0,"event_name":"Lab","floor":20,"gold_loss":0}],"is_beta":false,"boss_relics":[{"not_picked":["Empty Cage","Mark of Pain"],"picked":"Orrery"}],"items_purged_floors":[2,12],"is_endless":false,"potions_floor_spawned":[1,10,14,16,22,28],"killed_by":"Automaton","ascension_level":20}