{"gold_per_floor":[112,112,71,36,36,36,80,104,155,168,206,240,240,390,390,390],"floor_reached":16,"playtime":488,"items_purged":[],"score":262,"play_id":"60a840cb-a29e-4a57-a872-26ba809165c5","local_time":"20190512212018","is_ascension_mode":true,"campfire_choices":[{"data":"Zap","floor":6,"key":"SMITH"},{"floor":13,"key":"REST"},{"floor":15,"key":"REST"}],"neow_cost":"NONE","seed_source_timestamp":118615884547768,"circlet_count":0,"master_deck":["AscendersBane","Strike_B","Strike_B","Strike_B","Strike_B+1","Defend_B","Defend_B","Defend_B","Defend_B","Zap+1","Dualcast","Rebound","Doom and Gloom+1","Doom and Gloom","Sweeping Beam","Chill","Doubt"],"relics":["Cracked Core","NeowsBlessing","Golden Idol","Vajra","Juzu Bracelet","Odd Mushroom","Whetstone"],"potions_floor_usage":[11],"damage_taken":[{"damage":0,"enemies":"Jaw Worm","floor":1,"turns":1},{"damage":0,"enemies":"Gremlin Nob","floor":7,"turns":1},{"damage":0,"enemies":"2 Louse","floor":8,"turns":1},{"damage":4,"enemies":"Small Slimes","floor":10,"turns":2},{"damage":10,"enemies":"The Mushroom Lair","floor":11,"turns":3},{"damage":35,"enemies":"Lagavulin","floor":12,"turns":7},{"damage":57,"enemies":"The Guardian","floor":16,"turns":9}],"seed_played":"-4680802464883098932","potions_obtained":[{"floor":7,"key":"FearPotion"}],"is_trial":false,"path_per_floor":["M","?","$","?","$","R","E","M","T","M","?","E","R","?","R","B"],"character_chosen":"DEFECT","items_purchased":["Doom and Gloom"],"campfire_rested":2,"item_purchase_floors":[3],"current_hp_per_floor":[64,64,64,64,64,64,64,64,64,60,50,15,34,34,53,0],"gold":390,"neow_bonus":"THREE_ENEMY_KILL","is_prod":false,"is_daily":false,"chose_seed":false,"campfire_upgraded":1,"win_rate":0,"timestamp":1557688818,"path_taken":["M","?","$","?","$","R","E","M","T","M","?","E","R","?","R","BOSS"],"build_version":"2019-01-23","purchased_purges":0,"victory":false,"max_hp_per_floor":[71,64,64,64,64,64,64,64,64,64,64,64,64,64,64,64],"card_choices":[{"not_picked":["Steam","Lockon"],"picked":"Rebound","floor":1},{"not_picked":["Leap","Consume"],"picked":"Doom and Gloom","floor":7},{"not_picked":["Reprogram","BootSequence"],"picked":"Sweeping Beam","floor":8},{"not_picked":["Barrage","Streamline","Lockon"],"picked":"SKIP","floor":10},{"not_picked":["Cold Snap","Capacitor"],"picked":"Chill","floor":11},{"not_picked":["Stack","White Noise","Static Discharge"],"picked":"SKIP","floor":12}],"player_experience":2684559,"relics_obtained":[{"floor":7,"key":"Vajra"},{"floor":9,"key":"Juzu Bracelet"},{"floor":11,"key":"Odd Mushroom"},{"floor":12,"key":"Whetstone"}],"event_choices":[{"damage_healed":0,"gold_gain":0,"player_choice":"Lose Max HP","damage_taken":0,"relics_obtained":["Golden Idol"],"max_hp_gain":0,"max_hp_loss":7,"event_name":"Golden Idol","floor":2,"gold_loss":0},{"damage_healed":16,"gold_gain":0,"player_choice":"Healed","damage_taken":0,"max_hp_gain":0,"max_hp_loss":0,"event_name":"The Cleric","floor":4,"gold_loss":35},{"damage_healed":0,"gold_gain":0,"player_choice":"Fought Mushrooms","damage_taken":0,"max_hp_gain":0,"max_hp_loss":0,"event_name":"Mushrooms","floor":11,"gold_loss":0},{"damage_healed":0,"gold_gain":150,"player_choice":"AGREE","damage_taken":0,"max_hp_gain":0,"max_hp_loss":0,"event_name":"Liars Game","floor":14,"gold_loss":0,"cards_obtained":["Doubt"]}],"is_beta":false,"boss_relics":[],"items_purged_floors":[],"is_endless":false,"potions_floor_spawned":[7],"killed_by":"The Guardian","ascension_level":20}