{"gold_per_floor":[111,130,80,80,80,114,133,133,133,168,193,227,252,273,273,397,397,411,411,68,84,108,146,71,104,175,189,224,239,279,298,298,422,422,438,456,475,21,34,72,72,112,112,145,145,163,201,201,201,201,201,201,48,84,84],"floor_reached":56,"playtime":9082,"items_purged":[],"score":1616,"play_id":"f00ba1cf-1cef-456d-b363-49c78252581f","local_time":"20190517144436","is_ascension_mode":true,"campfire_choices":[{"data":"White Noise","floor":8.0,"key":"SMITH"},{"data":"Dualcast","floor":15.0,"key":"SMITH"},{"data":"Storm","floor":32.0,"key":"SMITH"},{"data":"Defragment","floor":41.0,"key":"SMITH"},{"data":"Creative AI","floor":45.0,"key":"SMITH"},{"floor":49.0,"key":"RECALL"},{"data":"Machine Learning","floor":52.0,"key":"SMITH"}],"neow_cost":"NONE","seed_source_timestamp":138262087712713,"circlet_count":0,"master_deck":["Strike_B","Strike_B","Defend_B","Defend_B","Defend_B","Defend_B","Zap","Dualcast+1","Cold Snap","Chill","Injury","White Noise+1","Sweeping Beam","Streamline","Consume+1","Capacitor","Machine Learning+1","Amplify+1","Chill+1","Genetic Algorithm+1","Storm+1","Glacier+1","Reinforced Body+1","Sunder+1","Ball Lightning","Core Surge","Cold Snap","Loop","Creative AI+1","Coolheaded+1","Defragment+1","Steam Power+1","Impatience+1","Blizzard","Storm"],"special_seed":0,"relics":["Cracked Core","Du-Vu Doll","Golden Idol","DataDisk","Kunai","Toxic Egg 2","Vajra","Sozu","Sling","Bird Faced Urn","FossilizedHelix","Meat on the Bone","Strawberry","Boot","Busted Crown","Mummified Hand","Strange Spoon","Dream Catcher","Bottled Tornado","Omamori","Prayer Wheel","Happy Flower"],"potions_floor_usage":[],"damage_taken":[{"damage":7.0,"enemies":"Jaw Worm","floor":1.0,"turns":3.0},{"damage":0.0,"enemies":"2 Louse","floor":2.0,"turns":3.0},{"damage":11.0,"enemies":"3 Sentries","floor":6.0,"turns":14.0},{"damage":0.0,"enemies":"Small Slimes","floor":7.0,"turns":4.0},{"damage":12.0,"enemies":"Gremlin Nob","floor":10.0,"turns":4.0},{"damage":9.0,"enemies":"Exordium Thugs","floor":11.0,"turns":5.0},{"damage":0.0,"enemies":"3 Sentries","floor":12.0,"turns":6.0},{"damage":2.0,"enemies":"3 Louse","floor":13.0,"turns":3.0},{"damage":0.0,"enemies":"Looter","floor":14.0,"turns":3.0},{"damage":27.0,"enemies":"Hexaghost","floor":16.0,"turns":11.0},{"damage":0.0,"enemies":"Chosen","floor":18.0,"turns":4.0},{"damage":1.0,"enemies":"Shell Parasite","floor":21.0,"turns":4.0},{"damage":12.0,"enemies":"Centurion and Healer","floor":22.0,"turns":7.0},{"damage":6.0,"enemies":"Book of Stabbing","floor":23.0,"turns":8.0},{"damage":20.0,"enemies":"Gremlin Leader","floor":25.0,"turns":9.0},{"damage":0.0,"enemies":"Shelled Parasite and Fungi","floor":27.0,"turns":6.0},{"damage":0.0,"enemies":"Slavers","floor":28.0,"turns":5.0},{"damage":26.0,"enemies":"Snake Plant","floor":29.0,"turns":4.0},{"damage":15.0,"enemies":"Book of Stabbing","floor":30.0,"turns":6.0},{"damage":0.0,"enemies":"Centurion and Healer","floor":31.0,"turns":5.0},{"damage":19.0,"enemies":"Collector","floor":33.0,"turns":11.0},{"damage":0.0,"enemies":"3 Darklings","floor":35.0,"turns":5.0},{"damage":0.0,"enemies":"3 Shapes","floor":36.0,"turns":5.0},{"damage":6.0,"enemies":"Jaw Worm Horde","floor":37.0,"turns":3.0},{"damage":0.0,"enemies":"Spire Growth","floor":39.0,"turns":5.0},{"damage":15.0,"enemies":"Nemesis","floor":40.0,"turns":5.0},{"damage":20.0,"enemies":"Reptomancer","floor":42.0,"turns":5.0},{"damage":0.0,"enemies":"Nemesis","floor":44.0,"turns":5.0},{"damage":0.0,"enemies":"Sphere and 2 Shapes","floor":46.0,"turns":4.0},{"damage":0.0,"enemies":"Reptomancer","floor":47.0,"turns":4.0},{"damage":68.0,"enemies":"Time Eater","floor":50.0,"turns":8.0},{"damage":58,"enemies":"Shield and Spear","floor":54,"turns":4},{"damage":52,"enemies":"The Heart","floor":55,"turns":7}],"seed_played":"8611852785949749511","potions_obtained":[{"floor":1.0,"key":"Dexterity Potion"},{"floor":10.0,"key":"Regen Potion"},{"floor":11.0,"key":"Energy Potion"},{"floor":13.0,"key":"EssenceOfSteel"},{"floor":14.0,"key":"Explosive Potion"}],"is_trial":false,"path_per_floor":["M","M","?","?","?","E","M","R","T","E","M","E","M","M","R","B",null,"M","?","$","M","M","E","?","E","T","M","E","M","E","M","R","B",null,"M","M","M","$","M","E","R","E","T","E","R","M","E","?","R","B",null,"R","$","E","B",null],"character_chosen":"DEFECT","items_purchased":["Storm","Glacier+1","Sling","Mummified Hand","Strange Spoon","Blizzard","Storm"],"campfire_rested":0,"item_purchase_floors":[20,20,20,38,38,53,53],"current_hp_per_floor":[75,75,75,68,68,57,57,57,57,45,50,50,48,48,48,21,82,82,82,82,81,69,63,63,53,53,61,76,56,51,61,61,52,89,89,89,85,85,89,82,82,71,71,89,89,89,89,89,89,53,89,89,89,51,43],"gold":84,"neow_bonus":"TEN_PERCENT_HP_BONUS","is_prod":false,"is_daily":false,"chose_seed":false,"campfire_upgraded":6,"win_rate":0,"timestamp":1558084476,"path_taken":["M","M","?","?","?","E","M","R","T","E","M","E","M","M","R","BOSS","M","?","?","M","M","E","?","E","T","M","E","M","E","M","R","BOSS","M","M","M","$","M","E","R","E","T","E","R","M","E","?","R","BOSS","R","$","E","BOSS"],"build_version":"2019-01-23","purchased_purges":0,"victory":true,"max_hp_per_floor":[82,82,82,82,82,82,82,82,82,82,82,82,82,82,82,82,82,82,82,82,82,82,82,82,82,82,82,89,89,89,89,89,89,89,89,89,89,89,89,89,89,89,89,89,89,89,89,89,89,89,89,89,89,89,89],"card_choices":[{"not_picked":["Ball Lightning","Stack"],"picked":"Cold Snap","floor":1.0},{"not_picked":["Gash","Double Energy"],"picked":"Chill","floor":2.0},{"not_picked":["Rip and Tear","Go for the Eyes"],"picked":"White Noise","floor":6.0},{"not_picked":["Compile Driver","Rebound"],"picked":"Sweeping Beam","floor":7.0},{"not_picked":["Force Field","Turbo"],"picked":"Streamline","floor":10.0},{"not_picked":["Go for the Eyes","Stack+1","Rebound"],"picked":"SKIP","floor":11.0},{"not_picked":["Hello World","Barrage"],"picked":"Consume+1","floor":12.0},{"not_picked":["Cold Snap","Consume+1"],"picked":"Capacitor","floor":13.0},{"not_picked":["Rip and Tear","Steam+1"],"picked":"Machine Learning","floor":14.0},{"not_picked":["Rainbow+1","Machine Learning"],"picked":"Amplify+1","floor":16.0},{"not_picked":["Cold Snap","Streamline"],"picked":"Chill+1","floor":18.0},{"not_picked":["Compile Driver","Go for the Eyes","Redo+1"],"picked":"SKIP","floor":21.0},{"not_picked":["Streamline","Auto Shields+1"],"picked":"Reinforced Body+1","floor":22.0},{"not_picked":["Darkness+1","Leap+1"],"picked":"Sunder+1","floor":23.0},{"not_picked":["Go for the Eyes","Hyperbeam"],"picked":"Ball Lightning","floor":25.0},{"not_picked":["Chill+1","Redo+1","Reinforced Body+1"],"picked":"SKIP","floor":27.0},{"not_picked":["Undo+1","Rebound"],"picked":"Core Surge","floor":28.0},{"not_picked":["Steam+1","Force Field+1"],"picked":"Cold Snap","floor":29.0},{"not_picked":["Coolheaded+1","Doom and Gloom"],"picked":"Loop","floor":30.0},{"not_picked":["Lockon","Rip and Tear","Gash"],"picked":"SKIP","floor":31.0},{"not_picked":["Fission+1","Rainbow+1"],"picked":"Creative AI","floor":33.0},{"not_picked":[],"picked":"Coolheaded+1","floor":35.0},{"not_picked":["Static Discharge+1"],"picked":"SKIP","floor":36.0},{"not_picked":["Static Discharge+1"],"picked":"SKIP","floor":36.0},{"not_picked":["Rebound"],"picked":"SKIP","floor":37.0},{"not_picked":[],"picked":"Defragment","floor":39.0},{"not_picked":[],"picked":"Steam Power+1","floor":40.0},{"not_picked":["Chaos+1"],"picked":"SKIP","floor":42.0},{"not_picked":["Recycle+1"],"picked":"SKIP","floor":44.0},{"not_picked":["Leap+1"],"picked":"SKIP","floor":46.0},{"not_picked":["Leap+1"],"picked":"SKIP","floor":47.0},{"not_picked":[],"picked":"Impatience+1","floor":48.0},{"not_picked":["Sweeping Beam+1"],"picked":"SKIP","floor":54}],"player_experience":411619,"relics_obtained":[{"floor":6.0,"key":"DataDisk"},{"floor":9.0,"key":"Kunai"},{"floor":10.0,"key":"Toxic Egg 2"},{"floor":12.0,"key":"Vajra"},{"floor":23.0,"key":"Bird Faced Urn"},{"floor":25.0,"key":"FossilizedHelix"},{"floor":26.0,"key":"Meat on the Bone"},{"floor":28.0,"key":"Strawberry"},{"floor":30.0,"key":"Boot"},{"floor":40.0,"key":"Dream Catcher"},{"floor":42.0,"key":"Bottled Tornado"},{"floor":44.0,"key":"Omamori"},{"floor":47.0,"key":"Prayer Wheel"},{"floor":54,"key":"Happy Flower"}],"event_choices":[{"cards_removed":["Strike_B"],"damage_healed":0.0,"max_hp_gain":0.0,"max_hp_loss":0.0,"gold_gain":0.0,"event_name":"The Cleric","player_choice":"Card Removal","floor":3.0,"gold_loss":50.0,"damage_taken":0.0},{"damage_healed":0.0,"max_hp_gain":0.0,"max_hp_loss":0.0,"gold_gain":0.0,"event_name":"Scrap Ooze","player_choice":"Success","floor":4.0,"gold_loss":0.0,"damage_taken":7.0,"relics_obtained":["Du-Vu Doll"]},{"damage_healed":0.0,"max_hp_gain":0.0,"max_hp_loss":0.0,"gold_gain":0.0,"event_name":"Golden Idol","player_choice":"Take Wound","floor":5.0,"gold_loss":0.0,"damage_taken":0.0,"relics_obtained":["Golden Idol"],"cards_obtained":["Injury"]},{"damage_healed":0.0,"max_hp_gain":0.0,"max_hp_loss":0.0,"gold_gain":0.0,"event_name":"The Library","player_choice":"Read","floor":19.0,"gold_loss":0.0,"damage_taken":0.0,"cards_obtained":["Genetic Algorithm"]},{"cards_removed":["Strike_B"],"damage_healed":0.0,"max_hp_gain":0.0,"max_hp_loss":0.0,"gold_gain":0.0,"event_name":"Beggar","player_choice":"Gave Gold","floor":24.0,"gold_loss":75.0,"damage_taken":0.0},{"damage_healed":0.0,"max_hp_gain":0.0,"max_hp_loss":0.0,"gold_gain":0.0,"event_name":"SensoryStone","player_choice":"Memory 1","floor":48.0,"gold_loss":0.0,"damage_taken":0.0}],"is_beta":false,"boss_relics":[{"not_picked":["Snecko Eye","Nuclear Battery"],"picked":"Sozu"},{"not_picked":["FrozenCore","Pandora\u0027s Box"],"picked":"Busted Crown"}],"items_purged_floors":[],"is_endless":false,"potions_floor_spawned":[1,10,11,13,14,18,27,29,30,33,35,37,39,42,44,46],"ascension_level":3}