{"gold_per_floor":[415,428,58,75,86,86,106,381,427,457,18,35,69,69,69,167,167,167,21,21,21,21,21,21,21,21,21,21,21,21,21,21,21,21,21,21,21,21,21,21,21,21,21,21,21,21,21,21,21,21,21,21,21,21,21],"floor_reached":55,"playtime":4262,"items_purged":["Regret"],"score":906,"play_id":"16a993ad-cb50-48a8-839b-c20c04c2ed14","local_time":"20190504114405","is_ascension_mode":true,"campfire_choices":[{"data":"Sword Boomerang","floor":6,"key":"SMITH"},{"data":"Sword Boomerang","floor":15,"key":"SMITH"},{"data":"Barricade","floor":24,"key":"SMITH"},{"floor":27,"key":"REST"},{"data":"Flame Barrier","floor":32,"key":"SMITH"},{"floor":49,"key":"RECALL"},{"data":"Impervious","floor":52,"key":"SMITH"}],"neow_cost":"TEN_PERCENT_HP_LOSS","seed_source_timestamp":2306853665000,"circlet_count":0,"master_deck":["Strike_R+1","Strike_R","Strike_R","Strike_R+1","Defend_R","Defend_R+1","Defend_R+1","Bash","Sword Boomerang+1","Shrug It Off","Sword Boomerang+1","Flash of Steel","Shrug It Off","Barricade+1","Cleave+1","Pommel Strike+1","Heavy Blade+1","Necronomicurse","Flame Barrier+1","Impervious","Uppercut+1","Impervious+1","Pummel+1"],"relics":["Burning Blood","Old Coin","Brimstone","War Paint","Regal Pillow","Self Forming Clay","Potion Belt","Anchor","Molten Egg 2","Ectoplasm","Whetstone","Letter Opener","Necronomicon","Lantern","Empty Cage","Nunchaku","Dead Branch","Pear","Juzu Bracelet","Centennial Puzzle","Art of War","Orichalcum","PreservedInsect","Bag of Marbles"],"potions_floor_usage":[13,13,22,23,23,23,23,42,42,42,42,46,48,50,54,55,55],"damage_taken":[{"damage":1,"enemies":"Cultist","floor":1,"turns":3},{"damage":7,"enemies":"2 Louse","floor":2,"turns":2},{"damage":4,"enemies":"Jaw Worm","floor":4,"turns":2},{"damage":11,"enemies":"Exordium Thugs","floor":5,"turns":3},{"damage":12,"enemies":"Red Slaver","floor":7,"turns":4},{"damage":0,"enemies":"Gremlin Nob","floor":10,"turns":2},{"damage":0,"enemies":"Large Slime","floor":12,"turns":3},{"damage":13,"enemies":"3 Sentries","floor":13,"turns":5},{"damage":12,"enemies":"Slime Boss","floor":16,"turns":4},{"damage":25,"enemies":"3 Byrds","floor":18,"turns":3},{"damage":0,"enemies":"Spheric Guardian","floor":20,"turns":2},{"damage":8,"enemies":"Centurion and Healer","floor":22,"turns":3},{"damage":18,"enemies":"Book of Stabbing","floor":23,"turns":3},{"damage":2,"enemies":"Chosen and Byrds","floor":28,"turns":3},{"damage":0,"enemies":"3 Cultists","floor":30,"turns":3},{"damage":34,"enemies":"Champ","floor":33,"turns":6},{"damage":0,"enemies":"Orb Walker","floor":35,"turns":2},{"damage":0,"enemies":"Mind Bloom Boss Battle","floor":36,"turns":3},{"damage":4,"enemies":"2 Orb Walkers","floor":37,"turns":3},{"damage":0,"enemies":"Giant Head","floor":40,"turns":5},{"damage":7,"enemies":"Reptomancer","floor":42,"turns":5},{"damage":0,"enemies":"3 Shapes","floor":45,"turns":3},{"damage":0,"enemies":"Giant Head","floor":46,"turns":5},{"damage":0,"enemies":"3 Darklings","floor":47,"turns":4},{"damage":18,"enemies":"Reptomancer","floor":48,"turns":4},{"damage":45,"enemies":"Donu and Deca","floor":50,"turns":8},{"damage":0,"enemies":"Shield and Spear","floor":54,"turns":3},{"damage":82,"enemies":"The Heart","floor":55,"turns":6}],"seed_played":"-7600423694383272051","potions_obtained":[{"floor":1,"key":"Dexterity Potion"},{"floor":4,"key":"SpeedPotion"},{"floor":5,"key":"SpeedPotion"},{"floor":10,"key":"EssenceOfSteel"},{"floor":12,"key":"Regen Potion"},{"floor":20,"key":"Fire Potion"},{"floor":22,"key":"PowerPotion"},{"floor":28,"key":"Swift Potion"},{"floor":36,"key":"SpeedPotion"},{"floor":39,"key":"EntropicBrew"},{"floor":39,"key":"EssenceOfSteel"},{"floor":39,"key":"Fire Potion"},{"floor":45,"key":"Strength Potion"},{"floor":47,"key":"Swift Potion"}],"is_trial":false,"path_per_floor":["M","M","$","M","M","R","M","?","T","E","$","M","E","?","R","B",null,"M","$","M","?","M","E","R","?","T","R","M","$","M","?","R","B",null,"M","?","?","T","?","E","?","E","T","$","M","E","M","E","R","B",null,"R","$","E","B"],"character_chosen":"IRONCLAD","items_purchased":["Brimstone","Sword Boomerang","War Paint","Flash of Steel","Potion Belt","EssenceOfSteel","Shrug It Off","Whetstone"],"campfire_rested":1,"item_purchase_floors":[3,3,3,11,11,11,11,19],"current_hp_per_floor":[72,71,71,72,67,67,61,61,61,67,67,72,65,65,65,59,72,53,53,59,59,66,54,54,38,38,72,72,72,72,72,72,44,72,72,72,72,82,82,82,78,77,77,77,78,78,78,66,66,27,78,78,78,78,0],"gold":21,"neow_bonus":"ONE_RARE_RELIC","is_prod":false,"is_daily":false,"chose_seed":false,"campfire_upgraded":5,"win_rate":0,"timestamp":1556963045,"path_taken":["M","M","$","M","?","R","M","?","T","E","$","?","E","?","R","BOSS","M","$","M","?","M","E","R","?","T","R","?","?","M","?","R","BOSS","M","?","?","?","?","E","?","E","T","$","M","E","M","E","R","BOSS","R","$","E","BOSS"],"build_version":"2019-01-23","purchased_purges":1,"victory":false,"max_hp_per_floor":[72,72,72,72,72,72,72,72,72,72,72,72,72,72,72,72,72,72,72,72,72,72,72,72,72,72,72,72,72,72,72,72,72,72,72,72,72,82,82,82,78,78,78,78,78,78,78,78,78,78,78,78,78,78,78],"card_choices":[{"not_picked":["Cleave","Twin Strike","Whirlwind"],"picked":"SKIP","floor":1},{"not_picked":["Bloodletting","Wild Strike","Clothesline"],"picked":"SKIP","floor":2},{"not_picked":["Corruption","Flex","Evolve"],"picked":"SKIP","floor":4},{"not_picked":["Hemokinesis","Warcry","True Grit"],"picked":"SKIP","floor":5},{"not_picked":["Carnage","Sentinel"],"picked":"Shrug It Off","floor":7},{"not_picked":["Berserk","Flex"],"picked":"Sword Boomerang","floor":10},{"not_picked":["Rampage","Sword Boomerang","Dual Wield"],"picked":"SKIP","floor":12},{"not_picked":["Bloodletting","Sword Boomerang","Inflame"],"picked":"SKIP","floor":13},{"not_picked":["Exhume","Bludgeon+1"],"picked":"Barricade","floor":16},{"not_picked":["Wild Strike+1","Headbutt+1"],"picked":"Cleave+1","floor":18},{"not_picked":["Intimidate","Shrug It Off","Warcry"],"picked":"SKIP","floor":20},{"not_picked":["Sword Boomerang+1","Pummel+1"],"picked":"Heavy Blade+1","floor":22},{"not_picked":["True Grit","Flex","Clash+1"],"picked":"SKIP","floor":23},{"not_picked":["True Grit","Flex","Clash+1"],"picked":"SKIP","floor":23},{"not_picked":["Wild Strike+1","Rupture"],"picked":"Flame Barrier","floor":28},{"not_picked":["Disarm","Rampage+1","Twin Strike+1"],"picked":"SKIP","floor":30},{"not_picked":["Demon Form","Dark Embrace"],"picked":"Impervious","floor":33},{"not_picked":["Thunderclap+1","Armaments+1","Wild Strike+1"],"picked":"SKIP","floor":35},{"not_picked":["Dropkick+1","Bloodletting","Second Wind"],"picked":"SKIP","floor":40},{"not_picked":["Rampage+1","Warcry+1","Twin Strike+1"],"picked":"SKIP","floor":42},{"not_picked":["Warcry+1","True Grit+1","Corruption"],"picked":"SKIP","floor":45},{"not_picked":["True Grit","Shrug It Off"],"picked":"Uppercut+1","floor":46},{"not_picked":["Rupture+1","Body Slam+1","Infernal Blade+1"],"picked":"SKIP","floor":47},{"not_picked":["Shockwave+1","Warcry"],"picked":"Impervious","floor":48},{"not_picked":["Cleave+1","Power Through"],"picked":"Pummel+1","floor":54}],"player_experience":244318,"relics_obtained":[{"floor":9,"key":"Regal Pillow"},{"floor":10,"key":"Self Forming Clay"},{"floor":13,"key":"Anchor"},{"floor":14,"key":"Molten Egg 2"},{"floor":23,"key":"Letter Opener"},{"floor":25,"key":"Necronomicon"},{"floor":36,"key":"Nunchaku"},{"floor":37,"key":"Dead Branch"},{"floor":38,"key":"Pear"},{"floor":40,"key":"Juzu Bracelet"},{"floor":42,"key":"Centennial Puzzle"},{"floor":43,"key":"Art of War"},{"floor":46,"key":"Orichalcum"},{"floor":48,"key":"PreservedInsect"},{"floor":54,"key":"Bag of Marbles"}],"event_choices":[{"damage_healed":0,"gold_gain":275,"player_choice":"Desecrate","damage_taken":0,"max_hp_gain":0,"max_hp_loss":0,"event_name":"Golden Shrine","floor":8,"gold_loss":0,"cards_obtained":["Regret"]},{"damage_healed":0,"gold_gain":0,"player_choice":"Relic","damage_taken":0,"max_hp_gain":0,"max_hp_loss":0,"event_name":"Wheel of Change","floor":14,"gold_loss":0},{"damage_healed":0,"gold_gain":0,"player_choice":"Read","damage_taken":0,"max_hp_gain":0,"max_hp_loss":0,"event_name":"The Library","floor":21,"gold_loss":0,"cards_obtained":["Pommel Strike"]},{"damage_healed":0,"gold_gain":0,"player_choice":"Obtained Book","damage_taken":16,"max_hp_gain":0,"max_hp_loss":0,"event_name":"Cursed Tome","floor":25,"gold_loss":0},{"damage_healed":0,"gold_gain":0,"player_choice":"Opened","damage_taken":0,"relics_obtained":["Lantern"],"max_hp_gain":0,"max_hp_loss":0,"event_name":"The Mausoleum","floor":31,"gold_loss":0},{"damage_healed":0,"gold_gain":0,"player_choice":"Fight","damage_taken":0,"max_hp_gain":0,"max_hp_loss":0,"event_name":"MindBloom","floor":36,"gold_loss":0},{"damage_healed":0,"gold_gain":0,"player_choice":"Fight","damage_taken":0,"max_hp_gain":0,"max_hp_loss":0,"event_name":"Mysterious Sphere","floor":37,"gold_loss":0},{"damage_healed":0,"gold_gain":0,"player_choice":"Got Potions","damage_taken":0,"max_hp_gain":0,"max_hp_loss":0,"event_name":"Lab","floor":39,"gold_loss":0},{"damage_healed":0,"gold_gain":0,"player_choice":"Max HP","damage_taken":0,"max_hp_gain":0,"max_hp_loss":4,"event_name":"Winding Halls","floor":41,"gold_loss":0}],"is_beta":false,"boss_relics":[{"not_picked":["Black Blood","Orrery"],"picked":"Ectoplasm"},{"not_picked":["White Beast Statue","Eternal Feather"],"picked":"Empty Cage"}],"items_purged_floors":[11],"is_endless":false,"potions_floor_spawned":[1,4,5,10,12,20,22,28,36,45,47],"killed_by":"The Heart","ascension_level":1}