{"gold_per_floor":[112,129,129,142,41,72,72,48,102,102,137,137,137,27,27,104,104,124,153,153,153,167,167,182,210,262,262,278,278,278],"floor_reached":30,"playtime":2338,"items_purged":["Doubt"],"score":512,"play_id":"2484c1a2-45e7-4c02-bfb7-7c45bdc7ec3c","local_time":"20190513213112","is_ascension_mode":true,"campfire_choices":[{"floor":7,"key":"REST"},{"data":"Bash","floor":10,"key":"SMITH"},{"floor":13,"key":"REST"},{"data":"Cleave","floor":15,"key":"SMITH"},{"data":"Clothesline","floor":23,"key":"SMITH"},{"data":"Twin Strike","floor":27,"key":"SMITH"}],"neow_cost":"CURSE","seed_source_timestamp":203779021197496,"circlet_count":0,"master_deck":["AscendersBane","Strike_R","Strike_R","Strike_R","Defend_R","Defend_R+1","Defend_R","Bash+1","Spot Weakness+1","Headbutt","Cleave+1","Clothesline+1","True Grit+1","Twin Strike+1","Double Tap+1","Rage+1","Warcry+1","Limit Break+1","Whirlwind+1","Bloodletting+1","Thunderclap+1","Bloodletting+1","Shrug It Off+1","Flex+1","Shrug It Off+1"],"special_seed":0,"relics":["Burning Blood","Gambling Chip","Toxic Egg 2","Ancient Tea Set","Ornamental Fan","Astrolabe","Red Mask","Nloth\u0027s Gift","Vajra","Anchor"],"potions_floor_usage":[19,19,25,30,30],"damage_taken":[{"damage":9.0,"enemies":"Jaw Worm","floor":1.0,"turns":3.0},{"damage":19.0,"enemies":"Small Slimes","floor":2.0,"turns":4.0},{"damage":2.0,"enemies":"2 Louse","floor":4.0,"turns":3.0},{"damage":50,"enemies":"Lagavulin","floor":6,"turns":8},{"damage":16,"enemies":"Exordium Thugs","floor":8,"turns":4},{"damage":2,"enemies":"Gremlin Nob","floor":11,"turns":3},{"damage":42,"enemies":"Slime Boss","floor":16,"turns":9},{"damage":7,"enemies":"Chosen","floor":18,"turns":3},{"damage":2,"enemies":"Masked Bandits","floor":19,"turns":2},{"damage":22,"enemies":"Shell Parasite","floor":22,"turns":6},{"damage":17,"enemies":"Shelled Parasite and Fungi","floor":24,"turns":3},{"damage":8,"enemies":"Slavers","floor":25,"turns":3},{"damage":0,"enemies":"Chosen and Byrds","floor":28,"turns":2},{"damage":53,"enemies":"Gremlin Leader","floor":30,"turns":5}],"seed_played":"-2933641043512115322","potions_obtained":[{"floor":1.0,"key":"LiquidBronze"},{"floor":6,"key":"Ancient Potion"},{"floor":22,"key":"Regen Potion"},{"floor":25,"key":"Fire Potion"},{"floor":28,"key":"GamblersBrew"}],"is_trial":false,"path_per_floor":["M","M","?","M","$","E","R","M","T","R","E","?","R","$","R","B",null,"M","?","?","?","M","R","M","E","T","R","M","?","E"],"character_chosen":"IRONCLAD","items_purchased":["Clothesline","Rage+1","Warcry+1"],"campfire_rested":2,"item_purchase_floors":[5,14,14],"current_hp_per_floor":[65,52,57,61,61,17,41,31,31,31,35,24,48,48,48,12,63,62,66,66,66,50,50,39,46,46,46,52,52,0],"gold":278,"neow_bonus":"ONE_RARE_RELIC","is_prod":false,"is_daily":false,"chose_seed":false,"campfire_upgraded":4,"win_rate":0,"timestamp":1557775872,"path_taken":["M","M","?","M","$","E","R","M","T","R","E","?","R","?","R","BOSS","M","?","?","?","?","R","M","E","T","R","M","?","E"],"build_version":"2019-01-23","purchased_purges":1,"victory":false,"max_hp_per_floor":[75,75,80,80,80,80,80,80,80,80,80,80,80,80,80,80,80,80,80,80,80,80,80,80,80,80,80,80,80,80],"card_choices":[{"not_picked":["Perfected Strike","Armaments"],"picked":"Spot Weakness","floor":1.0},{"not_picked":["Power Through","Metallicize"],"picked":"Headbutt","floor":2.0},{"not_picked":["Flex","Fire Breathing"],"picked":"Cleave","floor":4.0},{"not_picked":["Rampage","Power Through"],"picked":"True Grit","floor":6},{"not_picked":["Havoc+1","Iron Wave"],"picked":"Twin Strike","floor":8},{"not_picked":["Barricade","Sword Boomerang"],"picked":"Double Tap+1","floor":11},{"not_picked":["Demon Form","Feed"],"picked":"Limit Break+1","floor":16},{"not_picked":["Heavy Blade","Anger","Second Wind+1"],"picked":"SKIP","floor":18},{"not_picked":["Body Slam","Cleave"],"picked":"Bloodletting+1","floor":19},{"not_picked":["Clash","True Grit+1"],"picked":"Flex+1","floor":22},{"not_picked":["Perfected Strike","Infernal Blade+1","Rupture+1"],"picked":"SKIP","floor":24},{"not_picked":["Barricade","Bludgeon"],"picked":"Shrug It Off+1","floor":25},{"not_picked":["Berserk","True Grit+1","Armaments+1"],"picked":"SKIP","floor":28}],"player_experience":2691949,"relics_obtained":[{"floor":6,"key":"Toxic Egg 2"},{"floor":9,"key":"Ancient Tea Set"},{"floor":11,"key":"War Paint"},{"floor":19,"key":"Red Mask"},{"floor":25,"key":"Vajra"},{"floor":26,"key":"Anchor"}],"event_choices":[{"damage_healed":0.0,"max_hp_gain":5.0,"max_hp_loss":0.0,"gold_gain":0.0,"event_name":"Big Fish","player_choice":"Donut","floor":3.0,"gold_loss":0.0,"damage_taken":0.0},{"damage_healed":0,"gold_gain":0,"player_choice":"Success","damage_taken":11,"relics_obtained":["Ornamental Fan"],"max_hp_gain":0,"max_hp_loss":0,"event_name":"Scrap Ooze","floor":12,"gold_loss":0},{"damage_healed":0,"gold_gain":0,"player_choice":"Fought Bandits","damage_taken":0,"max_hp_gain":0,"max_hp_loss":0,"event_name":"Masked Bandits","floor":19,"gold_loss":0},{"damage_healed":0,"gold_gain":0,"player_choice":"Read","damage_taken":0,"max_hp_gain":0,"max_hp_loss":0,"event_name":"The Library","floor":20,"gold_loss":0,"cards_obtained":["Shrug It Off"]},{"damage_healed":0,"gold_gain":0,"player_choice":"Traded Relic","damage_taken":0,"relics_obtained":["Nloth\u0027s Gift"],"max_hp_gain":0,"max_hp_loss":0,"event_name":"N\u0027loth","floor":21,"relics_lost":["War Paint"],"gold_loss":0},{"damage_healed":0,"gold_gain":0,"player_choice":"Ignored","damage_taken":0,"max_hp_gain":0,"max_hp_loss":0,"event_name":"Vampires","floor":29,"gold_loss":0}],"is_beta":false,"boss_relics":[{"not_picked":["Velvet Choker","Tiny House"],"picked":"Astrolabe"}],"items_purged_floors":[5],"is_endless":false,"potions_floor_spawned":[1,6,8,11,18,22,25,28],"killed_by":"Gremlin Leader","ascension_level":20}