{"gold_per_floor":[117,117,132,26,41,41,72,72,98,115,115,127,144,174,174,245,245,263,263,90,106,106,106,123,123,149,149,149,165,197,207,207,284,284,297,297,18,18,30,30],"floor_reached":40,"playtime":2663,"items_purged":["Strike_G","Strike_G"],"score":882,"play_id":"f3318ee9-b484-4411-a40f-ef714cdd4553","local_time":"20190429211007","is_ascension_mode":true,"campfire_choices":[{"data":"Noxious Fumes","floor":6,"key":"SMITH"},{"floor":8,"key":"REST"},{"floor":11,"key":"REST"},{"floor":15,"key":"REST"},{"data":"Catalyst","floor":23,"key":"SMITH"},{"data":"Malaise","floor":25,"key":"SMITH"},{"floor":27,"key":"REST"},{"floor":32,"key":"REST"}],"neow_cost":"PERCENT_DAMAGE","seed_source_timestamp":1726151267836045,"circlet_count":0,"master_deck":["AscendersBane","Defend_G","Defend_G","Defend_G","Defend_G","Defend_G","Strike_G","Survivor","Neutralize","Dagger Throw","Noxious Fumes+1","Deflect","Bane","Catalyst+1","Footwork","Deadly Poison","Concentrate","Corpse Explosion","Malaise+1","Prepared+1","Panacea","Footwork","Noxious Fumes","PiercingWail+1","After Image","Deflect","Blur","Outmaneuver","Madness","Madness"],"relics":["Ring of the Snake","Unceasing Top","Art of War","Bag of Preparation","The Specimen","Sozu","Anchor","Orrery","Membership Card"],"potions_floor_usage":[14,16,18],"damage_taken":[{"damage":3,"enemies":"2 Louse","floor":1,"turns":4},{"damage":0,"enemies":"Cultist","floor":3,"turns":4},{"damage":1,"enemies":"Small Slimes","floor":5,"turns":3},{"damage":32,"enemies":"Lagavulin","floor":7,"turns":8},{"damage":7,"enemies":"Exordium Thugs","floor":10,"turns":4},{"damage":10,"enemies":"3 Louse","floor":12,"turns":4},{"damage":1,"enemies":"Looter","floor":13,"turns":5},{"damage":8,"enemies":"3 Sentries","floor":14,"turns":8},{"damage":27,"enemies":"Slime Boss","floor":16,"turns":6},{"damage":6,"enemies":"3 Byrds","floor":18,"turns":5},{"damage":12,"enemies":"2 Thieves","floor":21,"turns":3},{"damage":11,"enemies":"Shelled Parasite and Fungi","floor":24,"turns":4},{"damage":2,"enemies":"Snake Plant","floor":29,"turns":4},{"damage":3,"enemies":"Book of Stabbing","floor":30,"turns":7},{"damage":3,"enemies":"Snecko","floor":31,"turns":7},{"damage":11,"enemies":"Collector","floor":33,"turns":6},{"damage":0,"enemies":"3 Shapes","floor":35,"turns":5},{"damage":19,"enemies":"Orb Walker","floor":39,"turns":6},{"damage":37,"enemies":"Nemesis","floor":40,"turns":6}],"seed_played":"7339202804086437683","potions_obtained":[{"floor":1,"key":"Weak Potion"},{"floor":12,"key":"Block Potion"},{"floor":16,"key":"SteroidPotion"}],"is_trial":false,"path_per_floor":["M","?","M","$","M","R","E","R","T","M","R","M","M","E","R","B",null,"M","?","$","M","?","R","M","R","T","R","?","M","E","M","R","B",null,"M","?","$","?","M","E"],"character_chosen":"THE_SILENT","items_purchased":["Noxious Fumes","Deflect","Panacea","Membership Card"],"campfire_rested":5,"item_purchase_floors":[4,4,20,37],"current_hp_per_floor":[41,41,41,41,40,40,8,27,27,20,39,29,28,20,39,12,53,47,47,47,35,35,35,24,24,24,43,43,41,38,35,54,43,60,60,48,48,48,29,0],"gold":30,"neow_bonus":"ONE_RARE_RELIC","is_prod":false,"is_daily":false,"chose_seed":false,"campfire_upgraded":3,"win_rate":0,"timestamp":1556565007,"path_taken":["M","?","M","$","M","R","E","R","T","M","R","?","M","E","R","BOSS","M","?","$","M","?","R","?","R","T","R","?","M","E","M","R","BOSS","M","?","$","?","M","E"],"build_version":"2019-01-23","purchased_purges":2,"victory":false,"max_hp_per_floor":[66,66,66,66,66,66,66,66,66,66,66,66,66,66,66,66,66,66,66,66,66,66,66,66,66,66,66,66,66,66,66,66,66,66,66,66,66,66,66,66],"card_choices":[{"not_picked":["Masterful Stab","Dodge and Roll"],"picked":"Dagger Throw","floor":1},{"not_picked":["Masterful Stab","Cloak And Dagger","Quick Slash"],"picked":"SKIP","floor":3},{"not_picked":["Cloak And Dagger","Outmaneuver"],"picked":"Bane","floor":5},{"not_picked":["Outmaneuver","Unload"],"picked":"Catalyst","floor":7},{"not_picked":["Outmaneuver","Finisher"],"picked":"Footwork","floor":10},{"not_picked":["Dagger Spray","Slice"],"picked":"Deadly Poison","floor":12},{"not_picked":["Endless Agony","Distraction"],"picked":"Concentrate","floor":13},{"not_picked":["Skewer","Catalyst"],"picked":"Corpse Explosion","floor":14},{"not_picked":["Phantasmal Killer","Grand Finale"],"picked":"Malaise","floor":16},{"not_picked":["PiercingWail","Sucker Punch"],"picked":"Prepared+1","floor":18},{"not_picked":["Caltrops","Sucker Punch","Poisoned Stab"],"picked":"SKIP","floor":21},{"not_picked":["Quick Slash","Calculated Gamble"],"picked":"Footwork","floor":24},{"not_picked":["Dodge and Roll","Finisher+1","Leg Sweep"],"picked":"SKIP","floor":29},{"not_picked":["Quick Slash","Slice"],"picked":"Noxious Fumes","floor":30},{"not_picked":["Sucker Punch","Poisoned Stab+1"],"picked":"PiercingWail+1","floor":31},{"not_picked":["Envenom","Glass Knife"],"picked":"After Image","floor":33},{"not_picked":["Deadly Poison","Quick Slash+1"],"picked":"Deflect","floor":34},{"not_picked":["Outmaneuver","Poisoned Stab"],"picked":"Deflect","floor":34},{"not_picked":["Dagger Spray","Backflip"],"picked":"Blur","floor":34},{"not_picked":["PiercingWail","Deadly Poison"],"picked":"Outmaneuver","floor":34},{"not_picked":["PiercingWail","Acrobatics","Die Die Die"],"picked":"SKIP","floor":35},{"not_picked":["Blade Dance","Terror","Acrobatics"],"picked":"SKIP","floor":39}],"player_experience":2614892,"relics_obtained":[{"floor":7,"key":"Art of War"},{"floor":9,"key":"Bag of Preparation"},{"floor":14,"key":"The Specimen"},{"floor":30,"key":"Anchor"}],"event_choices":[{"cards_removed":["Strike_G"],"damage_healed":0,"gold_gain":0,"player_choice":"Purged","damage_taken":0,"max_hp_gain":0,"max_hp_loss":0,"event_name":"Purifier","floor":2,"gold_loss":0},{"damage_healed":0,"gold_gain":0,"player_choice":"Ignored","damage_taken":0,"max_hp_gain":0,"max_hp_loss":0,"event_name":"Vampires","floor":19,"gold_loss":0},{"cards_removed":["Strike_G"],"damage_healed":0,"gold_gain":0,"player_choice":"Offered Basic","damage_taken":0,"max_hp_gain":0,"max_hp_loss":0,"event_name":"Bonfire Elementals","floor":22,"gold_loss":0},{"damage_healed":0,"gold_gain":0,"player_choice":"Ignored","damage_taken":0,"max_hp_gain":0,"max_hp_loss":0,"event_name":"Ghosts","floor":28,"gold_loss":0},{"damage_healed":0,"gold_gain":0,"player_choice":"Embrace Madness","damage_taken":12,"max_hp_gain":0,"max_hp_loss":0,"event_name":"Winding Halls","floor":36,"gold_loss":0,"cards_obtained":["Madness","Madness"]},{"cards_removed":["Deflect"],"damage_healed":0,"gold_gain":0,"player_choice":"Removed Skill","damage_taken":0,"max_hp_gain":0,"max_hp_loss":0,"event_name":"Falling","floor":38,"gold_loss":0}],"is_beta":false,"boss_relics":[{"not_picked":["Ring of the Serpent","Busted Crown"],"picked":"Sozu"},{"not_picked":["White Beast Statue","Runic Pyramid"],"picked":"Orrery"}],"items_purged_floors":[20,37],"is_endless":false,"potions_floor_spawned":[1,12,16,24,33,35],"killed_by":"Nemesis","ascension_level":20}