{"gold_per_floor":[114,114,114,59,59,132,132,167,191,191,214,258,258,274,274,274],"floor_reached":16,"playtime":639,"items_purged":[],"score":332,"play_id":"48007ab7-7b52-4029-abdc-f2279dc0bb99","local_time":"20190420090438","is_ascension_mode":true,"campfire_choices":[{"data":"Zap","floor":7,"key":"SMITH"},{"floor":10,"key":"REST"},{"data":"Coolheaded","floor":15,"key":"SMITH"}],"neow_cost":"NONE","seed_source_timestamp":907040500949724,"circlet_count":0,"master_deck":["AscendersBane","Strike_B","Strike_B","Strike_B","Defend_B","Defend_B","Defend_B","Defend_B","Zap+1","Dualcast","Coolheaded+1","Rebound","Tempest","Genetic Algorithm","Fusion+1","Chill+1"],"relics":["Cracked Core","NeowsBlessing","Golden Idol","Tiny Chest","Gambling Chip","Blood Vial","Toxic Egg 2"],"potions_floor_usage":[12,16],"damage_taken":[{"damage":0,"enemies":"Jaw Worm","floor":1,"turns":1},{"damage":0,"enemies":"Gremlin Nob","floor":6,"turns":1},{"damage":0,"enemies":"3 Sentries","floor":8,"turns":1},{"damage":2,"enemies":"2 Louse","floor":11,"turns":3},{"damage":8,"enemies":"Gremlin Nob","floor":12,"turns":3},{"damage":0,"enemies":"Small Slimes","floor":14,"turns":2},{"damage":67,"enemies":"The Guardian","floor":16,"turns":13}],"seed_played":"-5789779550422709989","potions_obtained":[{"floor":8,"key":"PowerPotion"}],"is_trial":false,"path_per_floor":["M","?","?","$","?","E","R","E","T","R","M","E","?","M","R","B"],"character_chosen":"DEFECT","items_purchased":["AttackPotion"],"campfire_rested":1,"item_purchase_floors":[4],"current_hp_per_floor":[64,57,33,33,38,38,38,38,38,60,60,54,54,56,56,0],"gold":274,"neow_bonus":"THREE_ENEMY_KILL","is_prod":false,"is_daily":false,"chose_seed":false,"campfire_upgraded":2,"win_rate":0,"timestamp":1555743878,"path_taken":["M","?","?","$","?","E","R","E","T","R","M","E","?","M","R","BOSS"],"build_version":"2019-01-23","purchased_purges":0,"victory":false,"max_hp_per_floor":[71,71,71,71,76,76,76,76,76,76,76,76,76,76,76,76],"card_choices":[{"not_picked":["Stack","Reprogram"],"picked":"Coolheaded","floor":1},{"not_picked":["Conserve Battery","Darkness"],"picked":"Rebound","floor":6},{"not_picked":["Go for the Eyes","Reprogram"],"picked":"Tempest","floor":8},{"not_picked":["Coolheaded","Gash"],"picked":"Genetic Algorithm","floor":11},{"not_picked":["Chill","Undo"],"picked":"Fusion","floor":12},{"not_picked":["Lockon","Rebound"],"picked":"Chill+1","floor":14}],"player_experience":2527403,"relics_obtained":[{"floor":6,"key":"Tiny Chest"},{"floor":8,"key":"Gambling Chip"},{"floor":9,"key":"Blood Vial"},{"floor":12,"key":"Toxic Egg 2"}],"event_choices":[{"cards_removed":["Strike_B"],"damage_healed":0,"gold_gain":0,"player_choice":"Card Removal","damage_taken":7,"max_hp_gain":0,"max_hp_loss":0,"event_name":"Golden Wing","floor":2,"gold_loss":0},{"damage_healed":0,"gold_gain":0,"player_choice":"Take Damage","damage_taken":24,"relics_obtained":["Golden Idol"],"max_hp_gain":0,"max_hp_loss":0,"event_name":"Golden Idol","floor":3,"gold_loss":0},{"damage_healed":0,"gold_gain":0,"player_choice":"Donut","damage_taken":0,"max_hp_gain":5,"max_hp_loss":0,"event_name":"Big Fish","floor":5,"gold_loss":0},{"damage_healed":0,"gold_gain":0,"player_choice":"Ignored","damage_taken":0,"max_hp_gain":0,"max_hp_loss":0,"event_name":"Liars Game","floor":13,"gold_loss":0}],"is_beta":false,"boss_relics":[],"items_purged_floors":[],"is_endless":false,"potions_floor_spawned":[8],"killed_by":"The Guardian","ascension_level":20}