{"gold_per_floor":[118,268,343,343,360,389,409,441,468,468,483,502,537,537],"floor_reached":14,"playtime":487,"items_purged":[],"score":257,"play_id":"a3fddd7a-fe57-483b-84ef-8a36389d4440","local_time":"20190423230859","is_ascension_mode":true,"campfire_choices":[{"data":"1","floor":10,"key":"LIFT"}],"neow_cost":"NONE","seed_source_timestamp":3537530787829,"circlet_count":0,"master_deck":["AscendersBane","Defend_G","Defend_G","Defend_G","Defend_G+1","Defend_G+1","Strike_G","Strike_G","Strike_G","Strike_G","Strike_G+1","Survivor","Neutralize","Bane+1","Doubt","Quick Slash","Cloak And Dagger","Blur","Quick Slash","Caltrops","Slice","Dagger Throw"],"relics":["Ring of the Snake","NeowsBlessing","Lantern","Girya","Whetstone","War Paint","Snake Skull"],"potions_floor_usage":[8,8,8,8],"damage_taken":[{"damage":0,"enemies":"Small Slimes","floor":1,"turns":1},{"damage":0,"enemies":"Jaw Worm","floor":5,"turns":1},{"damage":0,"enemies":"3 Sentries","floor":6,"turns":2},{"damage":0,"enemies":"Cultist","floor":7,"turns":3},{"damage":27,"enemies":"Gremlin Nob","floor":8,"turns":5},{"damage":0,"enemies":"3 Louse","floor":11,"turns":4},{"damage":0,"enemies":"2 Fungi Beasts","floor":12,"turns":4},{"damage":19,"enemies":"3 Sentries","floor":13,"turns":9},{"damage":8,"enemies":"Exordium Wildlife","floor":14,"turns":2}],"seed_played":"-987808338690465896","potions_obtained":[{"floor":5,"key":"Explosive Potion"},{"floor":6,"key":"EntropicBrew"},{"floor":7,"key":"Weak Potion"}],"is_trial":false,"path_per_floor":["M","?","?","T","M","E","M","E","T","R","M","M","E","M"],"character_chosen":"THE_SILENT","items_purchased":[],"campfire_rested":0,"item_purchase_floors":[],"current_hp_per_floor":[59,59,48,48,48,48,48,21,21,21,21,21,2,0],"gold":537,"neow_bonus":"THREE_ENEMY_KILL","is_prod":false,"is_daily":false,"chose_seed":false,"campfire_upgraded":0,"win_rate":0,"timestamp":1556086139,"path_taken":["M","?","?","?","M","E","M","E","T","R","M","?","E","M"],"build_version":"2019-01-23","purchased_purges":0,"victory":false,"max_hp_per_floor":[66,66,66,66,66,66,66,66,66,66,66,66,66,66],"card_choices":[{"not_picked":["Dodge and Roll","Eviscerate"],"picked":"Bane","floor":1},{"not_picked":["Terror","Outmaneuver"],"picked":"Quick Slash","floor":5},{"not_picked":["Calculated Gamble","Catalyst"],"picked":"Cloak And Dagger","floor":6},{"not_picked":["Underhanded Strike","Acrobatics"],"picked":"Blur","floor":7},{"not_picked":["Dodge and Roll","Bouncing Flask"],"picked":"Quick Slash","floor":8},{"not_picked":["Setup","Calculated Gamble"],"picked":"Caltrops","floor":11},{"not_picked":["Grand Finale","Crippling Poison"],"picked":"Slice","floor":12},{"not_picked":["Acrobatics","Masterful Stab"],"picked":"Dagger Throw","floor":13}],"player_experience":750109,"relics_obtained":[{"floor":4,"key":"Lantern"},{"floor":6,"key":"Girya"},{"floor":8,"key":"Whetstone"},{"floor":9,"key":"War Paint"},{"floor":13,"key":"Snake Skull"}],"event_choices":[{"damage_healed":0,"gold_gain":150,"player_choice":"AGREE","damage_taken":0,"max_hp_gain":0,"max_hp_loss":0,"event_name":"Liars Game","floor":2,"gold_loss":0,"cards_obtained":["Doubt"]},{"damage_healed":0,"gold_gain":75,"player_choice":"Gather Gold","damage_taken":11,"max_hp_gain":0,"max_hp_loss":0,"event_name":"World of Goop","floor":3,"gold_loss":0}],"is_beta":false,"boss_relics":[],"items_purged_floors":[],"is_endless":false,"potions_floor_spawned":[5,6,7],"killed_by":"Exordium Wildlife","ascension_level":18}