{"gold_per_floor":[113,131,143,68,68,96,96,122,212,253,415,26,26],"floor_reached":13,"playtime":640,"items_purged":["Strike_B","Doubt"],"score":202,"play_id":"bea02312-1046-4453-8cdf-14d19b54a8b6","local_time":"20190306220558","is_ascension_mode":true,"campfire_choices":[{"floor":7,"key":"REST"}],"neow_cost":"PERCENT_DAMAGE","seed_source_timestamp":1297421897240404,"circlet_count":0,"master_deck":["AscendersBane","Strike_B","Strike_B","Strike_B","Defend_B","Defend_B","Defend_B","Defend_B","Zap","Dualcast","Hyperbeam+1","Beam Cell","Loop","Capacitor","Rebound","Electrodynamics","Defragment","Steam"],"special_seed":0,"relics":["Cracked Core","WingedGreaves","MawBank","Molten Egg 2","Strawberry","PreservedInsect"],"potions_floor_usage":[6,6,13],"damage_taken":[{"damage":0.0,"enemies":"Cultist","floor":1.0,"turns":3.0},{"damage":0.0,"enemies":"Small Slimes","floor":2.0,"turns":2.0},{"damage":6.0,"enemies":"2 Louse","floor":3.0,"turns":2.0},{"damage":37,"enemies":"Gremlin Nob","floor":6,"turns":4},{"damage":25,"enemies":"Lagavulin","floor":8,"turns":6},{"damage":8,"enemies":"Gremlin Nob","floor":10,"turns":3},{"damage":11,"enemies":"Lagavulin","floor":13,"turns":3}],"seed_played":"8342435667303783463","potions_obtained":[{"floor":1.0,"key":"AttackPotion"},{"floor":2.0,"key":"Regen Potion"}],"is_trial":false,"path_per_floor":["M","M","M","$","?","E","R","E","T","E","?","$","E"],"character_chosen":"DEFECT","items_purchased":["PreservedInsect","EssenceOfSteel","Steam"],"campfire_rested":1,"item_purchase_floors":[12,12,12],"current_hp_per_floor":[46,46,40,40,40,15,36,11,11,10,10,10,0],"gold":26,"neow_bonus":"THREE_RARE_CARDS","is_prod":false,"is_daily":false,"chose_seed":false,"campfire_upgraded":0,"win_rate":0,"timestamp":1551906358,"path_taken":["M","M","M","$","?","E","R","E","T","E","?","$","E"],"build_version":"2019-01-23","purchased_purges":2,"victory":false,"max_hp_per_floor":[71,71,71,71,71,71,71,71,71,78,78,78,78],"card_choices":[{"not_picked":["Creative AI","Meteor Strike"],"picked":"Hyperbeam","floor":0.0},{"not_picked":["Consume","Skim"],"picked":"Beam Cell","floor":1.0},{"not_picked":["BootSequence","Gash"],"picked":"Loop","floor":2.0},{"not_picked":["Gash","Compile Driver"],"picked":"Capacitor","floor":3.0},{"not_picked":["Consume","Redo"],"picked":"Rebound","floor":6},{"not_picked":["Storm","BootSequence"],"picked":"Electrodynamics","floor":8},{"not_picked":["White Noise","Rebound+1"],"picked":"Defragment","floor":10}],"player_experience":1904140,"relics_obtained":[{"floor":6,"key":"WingedGreaves"},{"floor":8,"key":"MawBank"},{"floor":9,"key":"Molten Egg 2"},{"floor":10,"key":"Strawberry"}],"event_choices":[{"damage_healed":0.0,"max_hp_gain":0.0,"max_hp_loss":0.0,"gold_gain":0.0,"event_name":"Living Wall","player_choice":"Grow","floor":5.0,"gold_loss":0.0,"damage_taken":0.0,"cards_upgraded":["Hyperbeam"]},{"damage_healed":0,"gold_gain":150,"player_choice":"AGREE","damage_taken":0,"max_hp_gain":0,"max_hp_loss":0,"event_name":"Liars Game","floor":11,"gold_loss":0,"cards_obtained":["Doubt"]}],"is_beta":false,"boss_relics":[],"items_purged_floors":[4,12],"is_endless":false,"potions_floor_spawned":[1,2,3],"killed_by":"Lagavulin","ascension_level":20}