{"gold_per_floor":[119,119,129,50,67,67,92,111,111,138,152,152,152,171,171,271,271,282,293,313,228,35,63,63,92,92,107,107,107,126,139,139,236,236,255,255,274,274,286,314,314,340,340,340,366,383,394,394,394,394,394,394,20,49,49],"floor_reached":56,"playtime":4953,"items_purged":["Strike_R","Strike_R+1"],"score":1257,"play_id":"20a4f1d5-6bee-42c3-8fca-6b2e965582b8","local_time":"20190525133925","is_ascension_mode":true,"campfire_choices":[{"data":"Uppercut","floor":6,"key":"SMITH"},{"data":"Armaments","floor":13,"key":"SMITH"},{"data":"Flame Barrier","floor":15,"key":"SMITH"},{"data":"Exhume","floor":24,"key":"SMITH"},{"data":"Demon Form","floor":29,"key":"SMITH"},{"data":"Disarm","floor":32,"key":"SMITH"},{"data":"Flame Barrier","floor":41,"key":"SMITH"},{"floor":44,"key":"RECALL"},{"data":"Bash","floor":49,"key":"SMITH"},{"data":"Battle Trance","floor":52,"key":"SMITH"}],"neow_cost":"NONE","seed_source_timestamp":660985343522700,"circlet_count":0,"master_deck":["Strike_R+1","Strike_R+1","Defend_R+1","Defend_R+1","Defend_R+1","Defend_R+1","Bash+1","Exhume+1","Shockwave+1","Flame Barrier+1","Uppercut+1","Carnage","Armaments+1","Demon Form+1","Heavy Blade+1","Disarm+1","Cleave","Flame Barrier+1","Battle Trance+1","Offering+1","Metallicize+1","Writhe"],"relics":["Burning Blood","Self Forming Clay","Du-Vu Doll","Philosopher\u0027s Stone","Bag of Preparation","Red Skull","Smiling Mask","Oddly Smooth Stone","Black Star","Bronze Scales","Ancient Tea Set","War Paint","Dead Branch","Torii","PreservedInsect","Letter Opener","Orichalcum","Lantern"],"potions_floor_usage":[10,16,19,23,23,31,33,39,40,50,54,55,55],"damage_taken":[{"damage":5,"enemies":"Jaw Worm","floor":1,"turns":5},{"damage":0,"enemies":"Small Slimes","floor":3,"turns":3},{"damage":4,"enemies":"Cultist","floor":5,"turns":4},{"damage":32,"enemies":"Lagavulin","floor":7,"turns":9},{"damage":12,"enemies":"Exordium Thugs","floor":8,"turns":4},{"damage":18,"enemies":"3 Sentries","floor":10,"turns":8},{"damage":5,"enemies":"Exordium Wildlife","floor":11,"turns":4},{"damage":0,"enemies":"Blue Slaver","floor":14,"turns":3},{"damage":20,"enemies":"Hexaghost","floor":16,"turns":12},{"damage":7,"enemies":"3 Byrds","floor":18,"turns":5},{"damage":14,"enemies":"2 Thieves","floor":19,"turns":4},{"damage":23,"enemies":"Snecko","floor":20,"turns":5},{"damage":25,"enemies":"Slavers","floor":23,"turns":6},{"damage":10,"enemies":"Book of Stabbing","floor":25,"turns":5},{"damage":0,"enemies":"Snake Plant","floor":27,"turns":5},{"damage":9,"enemies":"Centurion and Healer","floor":30,"turns":8},{"damage":6,"enemies":"Sentry and Sphere","floor":31,"turns":7},{"damage":17,"enemies":"Champ","floor":33,"turns":8},{"damage":11,"enemies":"3 Shapes","floor":35,"turns":12},{"damage":9,"enemies":"Orb Walker","floor":37,"turns":5},{"damage":16,"enemies":"Sphere and 2 Shapes","floor":39,"turns":9},{"damage":14,"enemies":"Giant Head","floor":40,"turns":8},{"damage":11,"enemies":"Nemesis","floor":42,"turns":5},{"damage":0,"enemies":"4 Shapes","floor":46,"turns":6},{"damage":6,"enemies":"Jaw Worm Horde","floor":47,"turns":4},{"damage":16,"enemies":"Time Eater","floor":50,"turns":8},{"damage":26,"enemies":"Shield and Spear","floor":54,"turns":8},{"damage":41,"enemies":"The Heart","floor":55,"turns":9}],"seed_played":"-2419776805621736632","potions_obtained":[{"floor":5,"key":"EssenceOfSteel"},{"floor":8,"key":"GamblersBrew"},{"floor":10,"key":"Block Potion"},{"floor":14,"key":"Energy Potion"},{"floor":16,"key":"Strength Potion"},{"floor":18,"key":"Fruit Juice"},{"floor":23,"key":"Explosive Potion"},{"floor":27,"key":"Swift Potion"},{"floor":31,"key":"Dexterity Potion"},{"floor":35,"key":"AttackPotion"},{"floor":39,"key":"Block Potion"},{"floor":42,"key":"Fire Potion"},{"floor":47,"key":"Dexterity Potion"}],"is_trial":false,"path_per_floor":["M","?","M","$","M","R","E","M","T","E","M","?","R","M","R","B",null,"M","M","M","?","$","E","R","E","T","M","?","R","M","M","R","B",null,"M","?","M","?","M","E","R","E","T","R","T","M","M","?","R","B",null,"R","$","E","B",null],"character_chosen":"IRONCLAD","items_purchased":["Uppercut","Disarm","BloodPotion","Letter Opener","Regen Potion"],"campfire_rested":0,"item_purchase_floors":[4,22,22,53,53],"current_hp_per_floor":[80,85,85,85,85,85,59,53,53,41,42,42,42,48,48,34,85,84,81,64,64,64,54,54,50,50,56,56,56,53,53,53,42,90,85,85,82,82,72,64,64,59,59,59,59,65,65,88,88,78,90,90,90,83,48],"gold":49,"neow_bonus":"ONE_RANDOM_RARE_CARD","is_prod":false,"is_daily":false,"chose_seed":false,"campfire_upgraded":9,"win_rate":0,"timestamp":1558784365,"path_taken":["M","?","M","$","M","R","E","M","T","E","M","?","R","?","R","BOSS","M","M","M","?","$","E","R","E","T","M","?","R","M","M","R","BOSS","M","?","M","?","M","E","R","E","T","R","?","?","M","?","R","BOSS","R","$","E","BOSS"],"build_version":"2019-01-23","purchased_purges":2,"victory":true,"max_hp_per_floor":[80,85,85,85,85,85,85,85,85,85,85,85,85,85,85,85,85,85,90,90,90,90,90,90,90,90,90,90,90,90,90,90,90,90,90,90,90,90,90,90,90,90,90,90,90,90,90,90,90,90,90,90,90,90,90],"card_choices":[{"not_picked":["Cleave","Rage"],"picked":"Shockwave","floor":1},{"not_picked":["Pummel","Perfected Strike"],"picked":"Flame Barrier","floor":3},{"not_picked":["Headbutt","Dual Wield","Dropkick"],"picked":"SKIP","floor":5},{"not_picked":["Blood for Blood","Feel No Pain"],"picked":"Carnage","floor":7},{"not_picked":["Rampage","Flex"],"picked":"Anger","floor":8},{"not_picked":["Power Through","Pommel Strike"],"picked":"Armaments","floor":10},{"not_picked":["Clothesline","Pommel Strike","Reckless Charge"],"picked":"SKIP","floor":11},{"not_picked":["Flex","Barricade","Anger"],"picked":"SKIP","floor":14},{"not_picked":["Brutality","Limit Break"],"picked":"Demon Form","floor":16},{"not_picked":["True Grit","Flex","Shockwave"],"picked":"SKIP","floor":18},{"not_picked":["True Grit+1","Rampage"],"picked":"Heavy Blade+1","floor":19},{"not_picked":["Clothesline+1","Sever Soul","Iron Wave"],"picked":"SKIP","floor":20},{"not_picked":["Seeing Red","Flex+1"],"picked":"Cleave","floor":23},{"not_picked":["Sword Boomerang","Cleave"],"picked":"Flame Barrier","floor":25},{"not_picked":["Rampage","Second Wind","Anger"],"picked":"SKIP","floor":27},{"not_picked":["Spot Weakness+1","Searing Blow+1"],"picked":"Battle Trance","floor":30},{"not_picked":["Clothesline+1","Flex","Clash+1"],"picked":"SKIP","floor":31},{"not_picked":["Demon Form","Double Tap"],"picked":"Offering","floor":33},{"not_picked":["True Grit+1","Shrug It Off","Burning Pact"],"picked":"SKIP","floor":35},{"not_picked":["Cleave+1","Power Through","Clothesline+1"],"picked":"SKIP","floor":37},{"not_picked":["Dropkick","Pummel+1","Shrug It Off+1"],"picked":"SKIP","floor":39},{"not_picked":["Clothesline","Wild Strike"],"picked":"Metallicize+1","floor":40},{"not_picked":["Carnage","Battle Trance+1","Pommel Strike+1"],"picked":"SKIP","floor":42},{"not_picked":["Clothesline+1","Thunderclap+1","Havoc"],"picked":"SKIP","floor":46},{"not_picked":["Wild Strike+1","Sever Soul","Burning Pact"],"picked":"SKIP","floor":47},{"not_picked":["Clothesline","Warcry","Thunderclap"],"picked":"SKIP","floor":54}],"player_experience":253256,"relics_obtained":[{"floor":7,"key":"Self Forming Clay"},{"floor":10,"key":"Du-Vu Doll"},{"floor":23,"key":"Red Skull"},{"floor":25,"key":"Smiling Mask"},{"floor":26,"key":"Oddly Smooth Stone"},{"floor":40,"key":"Bronze Scales"},{"floor":40,"key":"Ancient Tea Set"},{"floor":42,"key":"War Paint"},{"floor":42,"key":"Dead Branch"},{"floor":43,"key":"Torii"},{"floor":45,"key":"PreservedInsect"},{"floor":54,"key":"Orichalcum"},{"floor":54,"key":"Lantern"}],"event_choices":[{"damage_healed":0,"gold_gain":0,"player_choice":"Donut","damage_taken":0,"max_hp_gain":5,"max_hp_loss":0,"event_name":"Big Fish","floor":2,"gold_loss":0},{"cards_removed":["Strike_R"],"damage_healed":0,"gold_gain":0,"player_choice":"Card Removal","damage_taken":0,"max_hp_gain":0,"max_hp_loss":0,"event_name":"Wheel of Change","floor":12,"gold_loss":0},{"damage_healed":0,"gold_gain":0,"player_choice":"Obtained Relic","damage_taken":0,"relics_obtained":["Bag of Preparation"],"max_hp_gain":0,"max_hp_loss":0,"event_name":"Addict","floor":21,"gold_loss":85},{"damage_healed":0,"gold_gain":0,"player_choice":"Simplicity","damage_taken":0,"max_hp_gain":0,"max_hp_loss":0,"event_name":"Back to Basics","floor":28,"gold_loss":0,"cards_upgraded":["Strike_R","Strike_R","Strike_R","Defend_R","Defend_R","Defend_R","Defend_R"]},{"cards_removed":["Anger"],"damage_healed":0,"gold_gain":0,"player_choice":"Removed Attack","damage_taken":0,"max_hp_gain":0,"max_hp_loss":0,"event_name":"Falling","floor":36,"gold_loss":0},{"damage_healed":0,"gold_gain":0,"player_choice":"Ignored","damage_taken":0,"max_hp_gain":0,"max_hp_loss":0,"event_name":"Tomb of Lord Red Mask","floor":38,"gold_loss":0},{"damage_healed":23,"gold_gain":0,"player_choice":"Writhe","damage_taken":0,"max_hp_gain":0,"max_hp_loss":0,"event_name":"Winding Halls","floor":48,"gold_loss":0,"cards_obtained":["Writhe"]}],"is_beta":false,"boss_relics":[{"not_picked":["Black Blood","Tiny House"],"picked":"Philosopher\u0027s Stone"},{"not_picked":["Empty Cage","Busted Crown"],"picked":"Black Star"}],"items_purged_floors":[22,53],"is_endless":false,"potions_floor_spawned":[5,8,10,14,16,18,23,27,31,35,39,42,47],"ascension_level":1}