{"gold_per_floor":[109,109,127,92,92,131,161,186,210,223,242,276,276,68,68,162,162,181,196,111,36,36,36,72,72,96,96,109,122,122,122,122,220,220,236,286,310,328,351,351,387,408,408,422,547,565,17,41,41,41],"floor_reached":51,"playtime":3506,"items_purged":[],"score":1343,"play_id":"4510d8de-cb79-4290-99b9-5003092bd893","local_time":"20190407181651","is_ascension_mode":true,"campfire_choices":[{"floor":13.0,"key":"REST"},{"data":"Apotheosis","floor":15.0,"key":"SMITH"},{"data":"Backstab","floor":23.0,"key":"SMITH"},{"floor":25.0,"key":"REST"},{"data":"Backstab","floor":30.0,"key":"SMITH"},{"floor":32.0,"key":"REST"},{"data":"Burst","floor":40.0,"key":"SMITH"},{"data":"Tools of the Trade","floor":49.0,"key":"SMITH"}],"neow_cost":"NONE","seed_source_timestamp":152936261814851,"circlet_count":0,"master_deck":["AscendersBane","Defend_G+1","Defend_G+1","Defend_G+1","Defend_G+1","Defend_G+1","Strike_G+1","Strike_G+1","Strike_G+1","Strike_G+1","Survivor+1","Neutralize","Predator","Slice+1","Slice+1","Infinite Blades","Backstab+1","Deflect+1","Apotheosis+1","Bullet Time+1","Backflip","Acrobatics+1","Dash","Backstab+1","Sucker Punch","Burst+1","Crippling Poison+1","Dagger Throw","Deflect","Quick Slash","Cloak And Dagger","Slice","Tools of the Trade+1","Footwork+1"],"special_seed":0,"relics":["Ring of the Snake","Bag of Preparation","Golden Idol","Pocketwatch","Odd Mushroom","Lantern","PreservedInsect","Whetstone","WristBlade","Centennial Puzzle","FossilizedHelix","War Paint","Coffee Dripper","Mummified Hand","Happy Flower","Dead Branch","Lee\u0027s Waffle","Vajra","Anchor"],"potions_floor_usage":[50,50],"damage_taken":[{"damage":0.0,"enemies":"Jaw Worm","floor":1.0,"turns":6.0},{"damage":0.0,"enemies":"2 Louse","floor":3.0,"turns":2.0},{"damage":5.0,"enemies":"3 Sentries","floor":6.0,"turns":11.0},{"damage":4.0,"enemies":"The Mushroom Lair","floor":7.0,"turns":5.0},{"damage":0.0,"enemies":"Small Slimes","floor":10.0,"turns":2.0},{"damage":2.0,"enemies":"Blue Slaver","floor":11.0,"turns":3.0},{"damage":8.0,"enemies":"Lagavulin","floor":12.0,"turns":5.0},{"damage":28.0,"enemies":"Slime Boss","floor":16.0,"turns":13.0},{"damage":0.0,"enemies":"3 Byrds","floor":18.0,"turns":5.0},{"damage":0.0,"enemies":"Chosen","floor":19.0,"turns":3.0},{"damage":14.0,"enemies":"Gremlin Leader","floor":24.0,"turns":5.0},{"damage":0.0,"enemies":"Snecko","floor":28.0,"turns":3.0},{"damage":0.0,"enemies":"Sentry and Sphere","floor":29.0,"turns":4.0},{"damage":22.0,"enemies":"Automaton","floor":33.0,"turns":14.0},{"damage":0.0,"enemies":"Orb Walker","floor":35.0,"turns":2.0},{"damage":0.0,"enemies":"3 Darklings","floor":37.0,"turns":6.0},{"damage":6.0,"enemies":"Writhing Mass","floor":38.0,"turns":9.0},{"damage":0.0,"enemies":"Maw","floor":39.0,"turns":8.0},{"damage":17.0,"enemies":"Reptomancer","floor":41.0,"turns":8.0},{"damage":0.0,"enemies":"4 Shapes","floor":42.0,"turns":4.0},{"damage":3.0,"enemies":"Jaw Worm Horde","floor":44.0,"turns":5.0},{"damage":0.0,"enemies":"Mind Bloom Boss Battle","floor":45.0,"turns":8.0},{"damage":0.0,"enemies":"3 Darklings","floor":46.0,"turns":3.0},{"damage":0.0,"enemies":"Writhing Mass","floor":48.0,"turns":5.0},{"damage":0,"enemies":"Awakened One","floor":50,"turns":12}],"seed_played":"3951710938230918900","potions_obtained":[{"floor":3.0,"key":"Block Potion"},{"floor":6.0,"key":"SmokeBomb"},{"floor":11.0,"key":"Dexterity Potion"},{"floor":16.0,"key":"Weak Potion"},{"floor":18.0,"key":"EssenceOfSteel"},{"floor":35.0,"key":"Strength Potion"},{"floor":39.0,"key":"Poison Potion"},{"floor":48.0,"key":"Dexterity Potion"}],"is_trial":false,"path_per_floor":["M","?","M","?","?","E","?","T","T","M","M","E","R","$","R","B",null,"M","M","?","?","?","R","E","R","T","$","M","M","R","?","R","B",null,"M","?","M","M","M","R","E","M","T","M","?","M","$","M","R","B",null],"character_chosen":"THE_SILENT","items_purchased":["Apotheosis","Lee\u0027s Waffle","Vajra","Anchor"],"campfire_rested":3,"item_purchase_floors":[14,47,47,47],"current_hp_per_floor":[59,39,39,55,32,27,23,23,23,23,21,13,32,32,32,4,51,51,51,51,51,51,51,37,56,56,56,56,56,56,56,66,44,61,61,61,61,55,55,55,38,38,38,35,35,35,73,73,73,73],"gold":41,"neow_bonus":"RANDOM_COMMON_RELIC","is_prod":false,"is_daily":false,"chose_seed":false,"campfire_upgraded":5,"win_rate":0,"timestamp":1554686211,"path_taken":["M","?","M","?","?","E","?","?","T","M","M","E","R","$","R","BOSS","M","M","?","?","?","R","E","R","T","$","?","M","R","?","R","BOSS","M","?","M","M","M","R","E","?","T","M","?","M","$","M","R","BOSS"],"build_version":"2019-01-23","purchased_purges":0,"victory":true,"max_hp_per_floor":[66,66,66,66,66,66,66,66,66,66,66,66,66,66,66,66,66,66,66,66,66,66,66,66,66,66,66,66,66,66,66,66,66,66,66,66,66,66,66,66,66,66,66,66,66,66,73,73,73,73],"card_choices":[{"not_picked":["Dodge and Roll","Caltrops"],"picked":"Predator","floor":1.0},{"not_picked":["Outmaneuver","Flechettes"],"picked":"Slice","floor":3.0},{"not_picked":["Doppelganger","Acrobatics"],"picked":"Slice","floor":6.0},{"not_picked":["Poisoned Stab","Terror"],"picked":"Infinite Blades","floor":10.0},{"not_picked":["Quick Slash","Sucker Punch"],"picked":"Backstab","floor":11.0},{"not_picked":["Crippling Poison","PiercingWail"],"picked":"Deflect","floor":12.0},{"not_picked":["Wraith Form v2","Phantasmal Killer"],"picked":"Bullet Time","floor":16.0},{"not_picked":["Outmaneuver","Blade Dance"],"picked":"Backflip","floor":18.0},{"not_picked":["Tactician","Endless Agony"],"picked":"Acrobatics","floor":19.0},{"not_picked":["Outmaneuver","Accuracy"],"picked":"Dash","floor":24.0},{"not_picked":["Prepared","Heel Hook"],"picked":"Backstab","floor":28.0},{"not_picked":["Deadly Poison","Predator+1"],"picked":"Sucker Punch","floor":29.0},{"not_picked":["Corpse Explosion","Grand Finale"],"picked":"Burst","floor":33.0},{"not_picked":["Backflip","Bane+1"],"picked":"Crippling Poison+1","floor":35.0},{"not_picked":["Prepared","Eviscerate"],"picked":"Dagger Throw","floor":37.0},{"not_picked":["Expertise","Poisoned Stab"],"picked":"Deflect","floor":38.0},{"not_picked":["Underhanded Strike","PiercingWail"],"picked":"Quick Slash","floor":39.0},{"not_picked":["Prepared","Acrobatics","Skewer"],"picked":"SKIP","floor":41.0},{"not_picked":["Dodge and Roll","Accuracy+1"],"picked":"Cloak And Dagger","floor":42.0},{"not_picked":["Deadly Poison","Dagger Spray+1"],"picked":"Slice","floor":44.0},{"not_picked":["Expertise","Blade Dance"],"picked":"Tools of the Trade","floor":46.0},{"not_picked":["Underhanded Strike","Sucker Punch+1"],"picked":"Footwork+1","floor":48.0}],"player_experience":691527,"relics_obtained":[{"floor":6.0,"key":"Pocketwatch"},{"floor":7.0,"key":"Odd Mushroom"},{"floor":8.0,"key":"Lantern"},{"floor":9.0,"key":"PreservedInsect"},{"floor":12.0,"key":"Whetstone"},{"floor":24.0,"key":"FossilizedHelix"},{"floor":26.0,"key":"War Paint"},{"floor":41.0,"key":"Mummified Hand"},{"floor":43.0,"key":"Happy Flower"},{"floor":45.0,"key":"Dead Branch"}],"event_choices":[{"damage_healed":0.0,"max_hp_gain":0.0,"max_hp_loss":0.0,"gold_gain":0.0,"event_name":"Shining Light","player_choice":"Entered Light","floor":2.0,"gold_loss":0.0,"damage_taken":20.0,"cards_upgraded":["Defend_G","Survivor"]},{"damage_healed":16.0,"max_hp_gain":0.0,"max_hp_loss":0.0,"gold_gain":0.0,"event_name":"The Cleric","player_choice":"Healed","floor":4.0,"gold_loss":35.0,"damage_taken":0.0},{"damage_healed":0.0,"max_hp_gain":0.0,"max_hp_loss":0.0,"gold_gain":0.0,"event_name":"Golden Idol","player_choice":"Take Damage","floor":5.0,"gold_loss":0.0,"damage_taken":23.0,"relics_obtained":["Golden Idol"]},{"damage_healed":0.0,"max_hp_gain":0.0,"max_hp_loss":0.0,"gold_gain":0.0,"event_name":"Mushrooms","player_choice":"Fought Mushrooms","floor":7.0,"gold_loss":0.0,"damage_taken":0.0},{"damage_healed":0.0,"max_hp_gain":0.0,"max_hp_loss":0.0,"gold_gain":0.0,"event_name":"Addict","player_choice":"Obtained Relic","floor":20.0,"gold_loss":85.0,"damage_taken":0.0,"relics_obtained":["Centennial Puzzle"]},{"cards_removed":["Strike_G"],"damage_healed":0.0,"max_hp_gain":0.0,"max_hp_loss":0.0,"gold_gain":0.0,"event_name":"Beggar","player_choice":"Gave Gold","floor":21.0,"gold_loss":75.0,"damage_taken":0.0},{"damage_healed":0.0,"max_hp_gain":0.0,"max_hp_loss":0.0,"gold_gain":0.0,"event_name":"Back to Basics","player_choice":"Simplicity","floor":22.0,"gold_loss":0.0,"damage_taken":0.0,"cards_upgraded":["Defend_G","Defend_G","Defend_G","Defend_G","Strike_G","Strike_G","Strike_G","Strike_G"]},{"damage_healed":0.0,"max_hp_gain":0.0,"max_hp_loss":0.0,"gold_gain":0.0,"event_name":"Accursed Blacksmith","player_choice":"Forge","floor":31.0,"gold_loss":0.0,"damage_taken":0.0,"cards_upgraded":["Bullet Time"]},{"damage_healed":0.0,"max_hp_gain":0.0,"max_hp_loss":0.0,"gold_gain":50.0,"event_name":"Golden Shrine","player_choice":"Pray","floor":36.0,"gold_loss":0.0,"damage_taken":0.0},{"damage_healed":0.0,"max_hp_gain":0.0,"max_hp_loss":0.0,"gold_gain":0.0,"event_name":"MindBloom","player_choice":"Fight","floor":45.0,"gold_loss":0.0,"damage_taken":0.0}],"is_beta":false,"boss_relics":[{"not_picked":["Orrery","Fusion Hammer"],"picked":"WristBlade"},{"not_picked":["Calling Bell","Philosopher\u0027s Stone"],"picked":"Coffee Dripper"}],"items_purged_floors":[],"is_endless":false,"potions_floor_spawned":[3,6,11,16,18,35,39,48],"ascension_level":16}