{"gold_per_floor":[111,66,66,83,100,135,135,162,162,162,162,182,21,54,54,125,125,138,138,149,163,75,103,118,118,118,143,42,142,142,142,142,219,219,229,229,53,53,53,53,53,81,81,111,126,126,139,170,170,170,170],"floor_reached":51,"playtime":4830,"items_purged":["Strike_R"],"score":1599,"play_id":"c4003bbf-8abd-4185-85ce-8ca6a85925a2","local_time":"20190503233946","is_ascension_mode":true,"campfire_choices":[{"data":"Carnage","floor":7.0,"key":"SMITH"},{"floor":10.0,"key":"REST"},{"data":"Anger","floor":15.0,"key":"SMITH"},{"floor":25,"key":"REST"},{"floor":32,"key":"REST"},{"floor":40,"key":"RECALL"},{"data":"Inflame","floor":46,"key":"SMITH"},{"floor":49,"key":"REST"}],"neow_cost":"NONE","seed_source_timestamp":2078252406743666,"circlet_count":0,"master_deck":["AscendersBane","Bash+1","Anger+1","Carnage+1","Headbutt","True Grit+1","Cleave","Battle Trance+1","Evolve","Immolate","True Grit+1","Thunderclap","Pummel","Clothesline","Power Through+1","Feed","Reaper","Cleave","True Grit+1","True Grit+1","Feed","Inflame+1","Armaments+1","Fiend Fire","Finesse+1","Shockwave+1","Brutality","Seeing Red+1","Bandage Up+1","Bandage Up+1","Shrug It Off+1","Battle Trance+1","Feel No Pain","Flame Barrier+1"],"special_seed":0,"relics":["Burning Blood","NeowsBlessing","Prayer Wheel","Toxic Egg 2","Kunai","Pen Nib","Lantern","Pandora\u0027s Box","Bronze Scales","Centennial Puzzle","Mango","Singing Bowl","Shuriken","Runic Cube","GremlinMask","Blood Vial","Dodecahedron","Gambling Chip","Bag of Marbles"],"potions_floor_usage":[23,23,24,29,44,48,48,50],"damage_taken":[{"damage":0.0,"enemies":"Small Slimes","floor":1.0,"turns":1.0},{"damage":0.0,"enemies":"Cultist","floor":4.0,"turns":1.0},{"damage":0.0,"enemies":"2 Louse","floor":5.0,"turns":1.0},{"damage":25.0,"enemies":"3 Sentries","floor":6.0,"turns":9.0},{"damage":35.0,"enemies":"Lagavulin","floor":8.0,"turns":6.0},{"damage":6.0,"enemies":"Looter","floor":12.0,"turns":3.0},{"damage":0.0,"enemies":"Gremlin Nob","floor":14.0,"turns":2.0},{"damage":34.0,"enemies":"The Guardian","floor":16.0,"turns":7.0},{"damage":0,"enemies":"Spheric Guardian","floor":18,"turns":3},{"damage":11,"enemies":"2 Thieves","floor":20,"turns":4},{"damage":17,"enemies":"Snake Plant","floor":21,"turns":4},{"damage":53,"enemies":"Book of Stabbing","floor":23,"turns":5},{"damage":16,"enemies":"Centurion and Healer","floor":24,"turns":4},{"damage":38,"enemies":"Slavers","floor":27,"turns":5},{"damage":2,"enemies":"Colosseum Slavers","floor":29,"turns":4},{"damage":7,"enemies":"Colosseum Nobs","floor":29,"turns":4},{"damage":40,"enemies":"Collector","floor":33,"turns":8},{"damage":30,"enemies":"3 Darklings","floor":35,"turns":5},{"damage":33,"enemies":"Reptomancer","floor":42,"turns":5},{"damage":19,"enemies":"Nemesis","floor":44,"turns":7},{"damage":1,"enemies":"Orb Walker","floor":45,"turns":2},{"damage":20,"enemies":"Sphere and 2 Shapes","floor":47,"turns":5},{"damage":86,"enemies":"Reptomancer","floor":48,"turns":7},{"damage":142,"enemies":"Awakened One","floor":50,"turns":13},{"damage":41,"enemies":"Time Eater","floor":51,"turns":7}],"seed_played":"-1928283390827669090","potions_obtained":[{"floor":4.0,"key":"LiquidBronze"},{"floor":12.0,"key":"SteroidPotion"},{"floor":16.0,"key":"Regen Potion"},{"floor":23,"key":"Weak Potion"},{"floor":27,"key":"SteroidPotion"},{"floor":29,"key":"SpeedPotion"},{"floor":42,"key":"Regen Potion"},{"floor":47,"key":"Regen Potion"},{"floor":48,"key":"Regen Potion"}],"is_trial":false,"path_per_floor":["M","$","?","M","M","E","R","E","T","R","?","M","$","E","R","B",null,"M","?","M","M","$","E","M","R","T","E","$","?","?","T","R","B",null,"M","?","$","?","$","R","?","E","T","E","M","R","M","E","R","B","B"],"character_chosen":"IRONCLAD","items_purchased":["Carnage","Battle Trance+1","Inflame","Finesse+1","Seeing Red+1","Bandage Up+1"],"campfire_rested":4,"item_purchase_floors":[2,13,22,28,37,37],"current_hp_per_floor":[74,74,74,75,75,56,56,27,27,49,49,49,49,55,55,27,63,69,69,68,60,60,30,32,56,56,27,27,57,57,57,88,58,96,76,76,76,76,76,76,76,106,106,106,113,113,113,67,102,8,0],"gold":170,"neow_bonus":"THREE_ENEMY_KILL","is_prod":false,"is_daily":false,"chose_seed":false,"campfire_upgraded":3,"win_rate":0,"timestamp":1556919586,"path_taken":["M","$","?","?","M","E","R","E","T","R","?","M","$","E","R","BOSS","M","?","M","M","$","E","M","R","T","E","$","?","?","?","R","BOSS","M","?","$","?","?","R","?","E","T","E","M","R","M","E","R","BOSS","BOSS"],"build_version":"2019-01-23","purchased_purges":1,"victory":false,"max_hp_per_floor":[75,75,75,75,75,75,75,75,75,75,75,75,75,75,75,75,75,75,75,75,78,78,81,81,81,81,84,84,104,104,104,104,108,108,112,106,106,106,106,106,106,106,106,106,113,113,115,119,119,122,122],"card_choices":[{"not_picked":["Armaments","Hemokinesis"],"picked":"Anger","floor":1.0},{"not_picked":["Cleave","Thunderclap"],"picked":"Headbutt","floor":4.0},{"not_picked":["Rage","Headbutt","Iron Wave"],"picked":"SKIP","floor":5.0},{"not_picked":["Second Wind","Wild Strike","True Grit"],"picked":"SKIP","floor":6.0},{"not_picked":["Havoc","Wild Strike"],"picked":"True Grit","floor":8.0},{"not_picked":["Metallicize","Anger"],"picked":"Cleave","floor":12.0},{"not_picked":["Sentinel+1","Headbutt","Dropkick"],"picked":"SKIP","floor":12.0},{"not_picked":["Rampage","Metallicize"],"picked":"Evolve","floor":14.0},{"not_picked":["Impervious+1","Demon Form"],"picked":"Immolate","floor":16.0},{"not_picked":["Thunderclap","Flex+1"],"picked":"True Grit+1","floor":18},{"not_picked":["Clash","Pommel Strike","Armaments+1"],"picked":"SKIP","floor":18},{"not_picked":["Clash","Thunderclap","Havoc+1"],"picked":"SKIP","floor":20},{"not_picked":["Clash","Carnage","Fire Breathing"],"picked":"SKIP","floor":20},{"not_picked":["Fire Breathing","Clothesline"],"picked":"True Grit+1","floor":21},{"not_picked":["Feel No Pain","Flex+1"],"picked":"Feed","floor":21},{"not_picked":["Blood for Blood","Havoc+1","Whirlwind"],"picked":"SKIP","floor":23},{"not_picked":["Warcry+1","Ghostly Armor+1"],"picked":"Armaments+1","floor":24},{"not_picked":["Ghostly Armor+1","Body Slam","Havoc+1"],"picked":"SKIP","floor":24},{"not_picked":["Thunderclap","Havoc+1"],"picked":"Fiend Fire","floor":27},{"not_picked":["Anger","Headbutt"],"picked":"Shockwave+1","floor":29},{"not_picked":["Immolate","Bludgeon"],"picked":"Brutality","floor":33},{"not_picked":["True Grit+1","Thunderclap","Infernal Blade+1"],"picked":"Singing Bowl","floor":35},{"not_picked":["Warcry+1","Shrug It Off+1","Burning Pact+1"],"picked":"Singing Bowl","floor":35},{"not_picked":["Sadistic Nature","Madness+1"],"picked":"Bandage Up+1","floor":38},{"not_picked":["Uppercut","Twin Strike+1"],"picked":"Shrug It Off+1","floor":42},{"not_picked":["Heavy Blade","Rage+1"],"picked":"Battle Trance+1","floor":44},{"not_picked":["True Grit+1","Armaments+1","Carnage"],"picked":"Singing Bowl","floor":45},{"not_picked":["Body Slam","Sever Soul+1","True Grit+1"],"picked":"Singing Bowl","floor":45},{"not_picked":["Cleave","Sword Boomerang","Hemokinesis"],"picked":"Singing Bowl","floor":47},{"not_picked":["Blood for Blood","Clothesline"],"picked":"Feel No Pain","floor":47},{"not_picked":["Pommel Strike","Warcry+1"],"picked":"Flame Barrier+1","floor":48}],"player_experience":2636123,"relics_obtained":[{"floor":6.0,"key":"Prayer Wheel"},{"floor":8.0,"key":"Toxic Egg 2"},{"floor":9.0,"key":"Kunai"},{"floor":14.0,"key":"Lantern"},{"floor":23,"key":"Bronze Scales"},{"floor":27,"key":"Centennial Puzzle"},{"floor":29,"key":"Mango"},{"floor":29,"key":"Singing Bowl"},{"floor":31,"key":"Shuriken"},{"floor":42,"key":"Blood Vial"},{"floor":43,"key":"Dodecahedron"},{"floor":44,"key":"Gambling Chip"},{"floor":48,"key":"Bag of Marbles"}],"event_choices":[{"damage_healed":0.0,"max_hp_gain":0.0,"max_hp_loss":0.0,"gold_gain":0.0,"event_name":"Upgrade Shrine","player_choice":"Upgraded","floor":3.0,"gold_loss":0.0,"damage_taken":0.0,"cards_upgraded":["Bash"]},{"damage_healed":0.0,"max_hp_gain":0.0,"max_hp_loss":0.0,"gold_gain":0.0,"event_name":"Dead Adventurer","player_choice":"Searched \u00271\u0027 times","floor":11.0,"gold_loss":0.0,"damage_taken":0.0,"relics_obtained":["Pen Nib"]},{"damage_healed":0,"gold_gain":0,"player_choice":"Ignored","damage_taken":0,"max_hp_gain":0,"max_hp_loss":0,"event_name":"Beggar","floor":19,"gold_loss":0},{"damage_healed":0,"gold_gain":0,"player_choice":"Fight","damage_taken":0,"max_hp_gain":0,"max_hp_loss":0,"event_name":"Colosseum","floor":29,"gold_loss":0},{"damage_healed":0,"gold_gain":0,"player_choice":"Fought Nobs","damage_taken":0,"max_hp_gain":0,"max_hp_loss":0,"event_name":"Colosseum","floor":29,"gold_loss":0},{"damage_healed":0,"gold_gain":0,"player_choice":"Ignored","damage_taken":0,"max_hp_gain":0,"max_hp_loss":0,"event_name":"Vampires","floor":30,"gold_loss":0},{"damage_healed":0,"gold_gain":0,"player_choice":"Max HP","damage_taken":0,"max_hp_gain":0,"max_hp_loss":6,"event_name":"Winding Halls","floor":36,"gold_loss":0},{"damage_healed":0,"gold_gain":0,"player_choice":"Memory 1","damage_taken":0,"max_hp_gain":0,"max_hp_loss":0,"event_name":"SensoryStone","floor":38,"gold_loss":0},{"damage_healed":0,"gold_gain":0,"player_choice":"Trade","damage_taken":0,"relics_obtained":["GremlinMask"],"max_hp_gain":0,"max_hp_loss":0,"event_name":"FaceTrader","floor":41,"gold_loss":0}],"is_beta":false,"boss_relics":[{"not_picked":["Astrolabe","Orrery"],"picked":"Pandora\u0027s Box"},{"not_picked":["Eternal Feather","Philosopher\u0027s Stone"],"picked":"Runic Cube"}],"items_purged_floors":[13],"is_endless":false,"potions_floor_spawned":[4,12,16,18,23,27,29,42,47,48],"killed_by":"Time Eater","ascension_level":20}