{"gold_per_floor":[119,137,153,169,188,213,213,313,313,327,327,327,327,355,355,458,458,469,479,498,275,287,287,212,212,261,176,176,191,191,206,206,309,309,324,339,339,350,350,350,369,54,54,67,67,17,17,27,27,27],"floor_reached":51,"playtime":3076,"items_purged":["Strike_B","Strike_B","Doubt"],"score":661,"play_id":"49e1ab88-5887-47ef-b027-c349f1e2e925","local_time":"20190525211035","is_ascension_mode":false,"campfire_choices":[{"floor":7,"key":"REST"},{"floor":11,"key":"REST"},{"data":"Zap","floor":13,"key":"SMITH"},{"data":"Redo","floor":15,"key":"SMITH"},{"floor":23,"key":"REST"},{"floor":25,"key":"REST"},{"floor":28,"key":"REST"},{"floor":32,"key":"REST"},{"data":"Consume","floor":40,"key":"SMITH"},{"data":"Consume","floor":47,"key":"SMITH"},{"floor":49,"key":"REST"}],"neow_cost":"NONE","seed_source_timestamp":0,"circlet_count":0,"master_deck":["Defend_B","Defend_B","Defend_B","Defend_B","Zap+1","Dualcast","Conserve Battery","Aggregate","Redo+1","Leap","Coolheaded","FTL+1","White Noise","Streamline+1","Electrodynamics","Consume+1","Turbo","BootSequence","Hologram","Coolheaded","Hologram","Steam Power","Cold Snap+1","Barrage+1","Tempest+1","Hologram","Consume+1","FTL+1","Storm","Turbo","Reinforced Body+1"],"special_seed":0,"relics":["Cracked Core","Molten Egg 2","Smiling Mask","Potion Belt","Darkstone Periapt","Inserter","Happy Flower","Bronze Scales","Matryoshka","Eternal Feather","Strawberry","Kunai"],"potions_floor_usage":[22,33,44,44,44,44,50,50,50,50],"damage_taken":[{"damage":0,"enemies":"Cultist","floor":1,"turns":4},{"damage":0,"enemies":"2 Louse","floor":2,"turns":3},{"damage":0,"enemies":"Small Slimes","floor":3,"turns":3},{"damage":0,"enemies":"Blue Slaver","floor":4,"turns":3},{"damage":7,"enemies":"Large Slime","floor":5,"turns":7},{"damage":23,"enemies":"3 Sentries","floor":6,"turns":9},{"damage":23,"enemies":"Exordium Wildlife","floor":10,"turns":7},{"damage":8,"enemies":"Lagavulin","floor":14,"turns":10},{"damage":27,"enemies":"The Guardian","floor":16,"turns":12},{"damage":23,"enemies":"2 Thieves","floor":18,"turns":3},{"damage":4,"enemies":"Shell Parasite","floor":19,"turns":8},{"damage":36,"enemies":"3 Cultists","floor":20,"turns":4},{"damage":8,"enemies":"Snake Plant","floor":22,"turns":3},{"damage":7,"enemies":"Snecko","floor":29,"turns":4},{"damage":0,"enemies":"3 Cultists","floor":31,"turns":2},{"damage":53,"enemies":"Collector","floor":33,"turns":12},{"damage":27,"enemies":"3 Darklings","floor":35,"turns":3},{"damage":2,"enemies":"3 Shapes","floor":36,"turns":3},{"damage":15,"enemies":"3 Darklings","floor":38,"turns":4},{"damage":17,"enemies":"Maw","floor":41,"turns":7},{"damage":33,"enemies":"Spire Growth","floor":44,"turns":6},{"damage":37,"enemies":"Jaw Worm Horde","floor":48,"turns":6},{"damage":56,"enemies":"Donu and Deca","floor":50,"turns":12}],"seed_played":"-7364333437690730590","potions_obtained":[{"floor":2,"key":"SpeedPotion"},{"floor":5,"key":"Explosive Potion"},{"floor":10,"key":"Dexterity Potion"},{"floor":14,"key":"EntropicBrew"},{"floor":19,"key":"Poison Potion"},{"floor":31,"key":"Dexterity Potion"},{"floor":38,"key":"Block Potion"},{"floor":44,"key":"Energy Potion"},{"floor":48,"key":"LiquidBronze"}],"is_trial":false,"path_per_floor":["M","M","M","M","M","E","R","?","T","M","R","?","R","E","R","B",null,"M","M","M","$","M","R","?","R","T","?","R","M","?","M","R","B",null,"M","M","?","M","?","R","M","$","T","M","?","$","R","M","R","B",null],"character_chosen":"DEFECT","items_purchased":["Hologram","Happy Flower","Consume","FTL+1","Storm","Turbo"],"campfire_rested":7,"item_purchase_floors":[21,21,42,42,42,42],"current_hp_per_floor":[75,75,75,75,68,45,67,67,67,44,66,63,63,55,55,28,75,52,48,12,12,4,26,26,48,48,48,70,63,49,49,73,20,80,53,51,51,36,36,51,34,34,41,8,93,93,93,56,93,37],"gold":27,"neow_bonus":"REMOVE_CARD","is_prod":false,"is_daily":false,"chose_seed":false,"campfire_upgraded":4,"win_rate":0.0,"timestamp":1558833035,"path_taken":["M","M","M","M","M","E","R","?","T","?","R","?","R","E","R","BOSS","M","M","M","$","M","R","?","R","T","?","R","M","?","M","R","BOSS","M","M","?","M","?","R","M","?","T","?","?","$","R","M","R","BOSS"],"build_version":"2019-01-23","purchased_purges":3,"victory":true,"max_hp_per_floor":[75,75,75,75,75,75,75,75,75,75,75,75,75,75,75,75,75,75,75,75,75,75,75,75,75,75,75,75,75,80,80,80,80,80,80,80,80,80,80,80,80,80,87,87,93,93,93,93,93,93],"card_choices":[{"not_picked":["Heatsinks","Leap"],"picked":"Conserve Battery","floor":1},{"not_picked":["Gash","Rip and Tear"],"picked":"Aggregate","floor":2},{"not_picked":["Streamline","Thunder Strike"],"picked":"Redo","floor":3},{"not_picked":["Static Discharge","Rebound"],"picked":"Leap","floor":4},{"not_picked":["Scrape","Compile Driver"],"picked":"Coolheaded","floor":5},{"not_picked":["Redo","Barrage"],"picked":"FTL","floor":6},{"not_picked":["Sweeping Beam+1","Turbo"],"picked":"White Noise","floor":10},{"not_picked":["BootSequence","Force Field"],"picked":"Streamline+1","floor":14},{"not_picked":["Machine Learning","Hyperbeam+1"],"picked":"Electrodynamics","floor":16},{"not_picked":["Rebound+1","Barrage+1"],"picked":"Consume","floor":18},{"not_picked":["Melter+1","Stack"],"picked":"Turbo","floor":19},{"not_picked":["Rebound+1","Conserve Battery+1"],"picked":"BootSequence","floor":20},{"not_picked":["Tempest+1","Barrage+1"],"picked":"Coolheaded","floor":22},{"not_picked":["Steam","Stack"],"picked":"Hologram","floor":29},{"not_picked":["Steam+1","Force Field"],"picked":"Steam Power","floor":31},{"not_picked":["Hyperbeam+1","All For One+1"],"picked":"Electrodynamics","floor":33},{"not_picked":["Streamline+1","Turbo+1"],"picked":"Cold Snap+1","floor":35},{"not_picked":["Steam Power+1","Darkness+1"],"picked":"Barrage+1","floor":36},{"not_picked":["Capacitor","Cold Snap+1"],"picked":"Tempest+1","floor":38},{"not_picked":["Barrage+1","Sweeping Beam+1"],"picked":"Hologram","floor":41},{"not_picked":["Meteor Strike+1","Barrage+1","Sweeping Beam+1"],"picked":"SKIP","floor":44},{"not_picked":["Ball Lightning+1","Undo+1"],"picked":"Reinforced Body+1","floor":48}],"player_experience":37155,"relics_obtained":[{"floor":6,"key":"Molten Egg 2"},{"floor":9,"key":"Smiling Mask"},{"floor":14,"key":"Darkstone Periapt"},{"floor":26,"key":"Bronze Scales"},{"floor":43,"key":"Strawberry"},{"floor":43,"key":"Kunai"}],"event_choices":[{"damage_healed":0,"gold_gain":100,"player_choice":"Pray","damage_taken":0,"max_hp_gain":0,"max_hp_loss":0,"event_name":"Golden Shrine","floor":8,"gold_loss":0},{"damage_healed":0,"gold_gain":0,"player_choice":"Success","damage_taken":3,"relics_obtained":["Potion Belt"],"max_hp_gain":0,"max_hp_loss":0,"event_name":"Scrap Ooze","floor":12,"gold_loss":0},{"cards_removed":["Strike_B"],"damage_healed":0,"gold_gain":0,"player_choice":"Gave Gold","damage_taken":0,"max_hp_gain":0,"max_hp_loss":0,"event_name":"Beggar","floor":24,"gold_loss":75},{"damage_healed":0,"gold_gain":0,"player_choice":"Obtained Relic","damage_taken":0,"relics_obtained":["Matryoshka"],"max_hp_gain":0,"max_hp_loss":0,"event_name":"Addict","floor":27,"gold_loss":85},{"damage_healed":0,"gold_gain":0,"player_choice":"Shed Blood","damage_taken":19,"max_hp_gain":5,"max_hp_loss":0,"event_name":"Forgotten Altar","floor":30,"gold_loss":0},{"cards_removed":["Electrodynamics"],"damage_healed":0,"gold_gain":0,"player_choice":"Removed Power","damage_taken":0,"max_hp_gain":0,"max_hp_loss":0,"event_name":"Falling","floor":37,"gold_loss":0},{"damage_healed":0,"gold_gain":0,"player_choice":"Ignored","damage_taken":0,"max_hp_gain":0,"max_hp_loss":0,"event_name":"Tomb of Lord Red Mask","floor":39,"gold_loss":0},{"damage_healed":79,"gold_gain":0,"player_choice":"Heal","damage_taken":0,"max_hp_gain":0,"max_hp_loss":0,"event_name":"MindBloom","floor":45,"gold_loss":0,"cards_obtained":["Doubt"]}],"is_beta":false,"boss_relics":[{"not_picked":["Tiny House","Cursed Key"],"picked":"Inserter"},{"not_picked":["White Beast Statue","Busted Crown"],"picked":"Eternal Feather"}],"items_purged_floors":[21,42,46],"is_endless":false,"potions_floor_spawned":[2,5,10,14,19,31,38,41,44,48],"ascension_level":0}