{"gold_per_floor":[109,120,135,151,169,201,201,230,230,230,242,271,271,283,283,358,358,374,388,403,403,403,421,433,306,306,306,323,337,337,58,58,136,136,153,153,165,1,1],"floor_reached":39,"playtime":2481,"items_purged":["Strike_G"],"score":753,"play_id":"f47ee0d9-430e-439b-ae7e-de22aec500df","local_time":"20180820231622","is_ascension_mode":true,"campfire_choices":[{"data":"Noxious Fumes","floor":7.0,"key":"SMITH"},{"data":"Neutralize","floor":10.0,"key":"SMITH"},{"floor":13.0,"key":"REST"},{"data":"Well Laid Plans","floor":15.0,"key":"SMITH"},{"floor":27.0,"key":"REST"},{"floor":30.0,"key":"REST"},{"floor":32.0,"key":"REST"}],"neow_cost":"TEN_PERCENT_HP_LOSS","seed_source_timestamp":0,"circlet_count":0,"master_deck":["Defend_G","Defend_G","Defend_G","Defend_G","Strike_G","Strike_G","Strike_G","Survivor+1","Neutralize+1","AscendersBane","Noxious Fumes+1","Slice","PiercingWail","Well Laid Plans+1","Flying Knee","Backflip+1","Backflip+1","Dodge and Roll+1","Phantasmal Killer+1","Flying Knee","Terror+1","Dodge and Roll+1","Sucker Punch","All Out Attack","Venomology+1","Impatience+1","Flechettes","Night Terror+1","Dagger Spray"],"special_seed":0,"relics":["Ring of the Snake","Regal Pillow","Paper Crane","Toxic Egg 2","Bottled Tornado","Fusion Hammer","Mummified Hand","Anchor"],"potions_floor_usage":[],"damage_taken":[{"damage":3.0,"enemies":"Cultist","floor":1.0,"turns":5.0},{"damage":0.0,"enemies":"2 Louse","floor":2.0,"turns":2.0},{"damage":1.0,"enemies":"Small Slimes","floor":3.0,"turns":4.0},{"damage":3.0,"enemies":"Looter","floor":4.0,"turns":4.0},{"damage":2.0,"enemies":"3 Louse","floor":5.0,"turns":4.0},{"damage":11.0,"enemies":"3 Sentries","floor":6.0,"turns":9.0},{"damage":21.0,"enemies":"Lagavulin","floor":8.0,"turns":7.0},{"damage":0.0,"enemies":"Exordium Thugs","floor":11.0,"turns":4.0},{"damage":12.0,"enemies":"Gremlin Nob","floor":12.0,"turns":5.0},{"damage":0.0,"enemies":"Red Slaver","floor":14.0,"turns":4.0},{"damage":6.0,"enemies":"Hexaghost","floor":16.0,"turns":11.0},{"damage":14.0,"enemies":"Spheric Guardian","floor":18.0,"turns":7.0},{"damage":17.0,"enemies":"2 Thieves","floor":19.0,"turns":5.0},{"damage":11.0,"enemies":"3 Cultists","floor":20.0,"turns":6.0},{"damage":8.0,"enemies":"Centurion and Healer","floor":23.0,"turns":4.0},{"damage":18.0,"enemies":"Snecko","floor":24.0,"turns":7.0},{"damage":5.0,"enemies":"Shelled Parasite and Fungi","floor":28.0,"turns":6.0},{"damage":2.0,"enemies":"Centurion and Healer","floor":29.0,"turns":6.0},{"damage":27.0,"enemies":"Collector","floor":33.0,"turns":9.0},{"damage":19.0,"enemies":"Orb Walker","floor":35.0,"turns":5.0},{"damage":13.0,"enemies":"3 Darklings","floor":37.0,"turns":4.0},{"damage":25,"enemies":"Sphere and 2 Shapes","floor":39,"turns":2}],"seed_played":"8601913507451420303","potions_obtained":[{"floor":3.0,"key":"Energy Potion"},{"floor":4.0,"key":"Energy Potion"},{"floor":8.0,"key":"Dexterity Potion"},{"floor":16.0,"key":"Strength Potion"},{"floor":19.0,"key":"Weak Potion"},{"floor":23.0,"key":"FairyPotion"},{"floor":28.0,"key":"Strength Potion"},{"floor":29.0,"key":"Block Potion"}],"is_trial":false,"path_per_floor":["M","M","M","M","M","E","R","E","T","R","M","E","R","M","R","B",null,"M","M","M","?","?","M","M","$","T","R","M","M","R","$","R","B",null,"M","?","M","$"],"character_chosen":"THE_SILENT","items_purchased":["Sucker Punch","Venomology+1","Impatience+1","Flechettes","Anchor"],"campfire_rested":4,"item_purchase_floors":[25,31,31,31,38],"current_hp_per_floor":[56,56,55,52,50,39,39,18,18,18,18,6,39,39,39,33,53,39,22,11,11,11,3,1,1,1,34,29,27,60,60,60,33,53,34,34,21,21,0],"gold":1,"neow_bonus":"REMOVE_TWO","is_prod":false,"is_daily":false,"chose_seed":false,"campfire_upgraded":3,"win_rate":0,"timestamp":1534799782,"path_taken":["M","M","M","M","M","E","R","E","T","R","M","E","R","M","R","BOSS","M","?","M","?","?","M","M","$","T","R","M","M","R","$","R","BOSS","M","?","M","$","M"],"build_version":"2018-08-16","purchased_purges":1,"victory":false,"max_hp_per_floor":[60,60,60,60,60,60,60,60,60,60,60,60,60,60,60,60,60,60,60,60,60,60,60,60,60,60,60,60,60,60,60,60,60,60,60,60,60,60,60],"card_choices":[{"not_picked":["Sucker Punch","Prepared"],"picked":"Noxious Fumes","floor":1.0},{"not_picked":["Dagger Throw","Choke"],"picked":"Slice","floor":2.0},{"not_picked":["Deflect","Choke"],"picked":"PiercingWail","floor":3.0},{"not_picked":["Acrobatics","Eviscerate","Choke"],"picked":"SKIP","floor":4.0},{"not_picked":["Acrobatics","Flying Knee"],"picked":"Well Laid Plans","floor":5.0},{"not_picked":["Flechettes","Finisher"],"picked":"Flying Knee","floor":6.0},{"not_picked":["Acrobatics","Blade Dance","Flying Knee"],"picked":"SKIP","floor":8.0},{"not_picked":["Finisher","Dagger Throw"],"picked":"Backflip+1","floor":11.0},{"not_picked":["Die Die Die","Prepared+1"],"picked":"Backflip+1","floor":12.0},{"not_picked":["Acrobatics+1","Endless Agony"],"picked":"Dodge and Roll+1","floor":14.0},{"not_picked":["Envenom","Storm of Steel+1"],"picked":"Phantasmal Killer+1","floor":16.0},{"not_picked":["Dagger Throw","Riddle With Holes"],"picked":"Flying Knee","floor":18.0},{"not_picked":["Catalyst+1","Quick Slash+1"],"picked":"Terror+1","floor":19.0},{"not_picked":["Flechettes","Caltrops"],"picked":"Flying Knee","floor":20.0},{"not_picked":["Tactician+1","Poisoned Stab+1"],"picked":"Dodge and Roll+1","floor":23.0},{"not_picked":["Accuracy","Dagger Throw","Poisoned Stab"],"picked":"SKIP","floor":24.0},{"not_picked":["Quick Slash","Deflect+1","Bouncing Flask+1"],"picked":"SKIP","floor":28.0},{"not_picked":["Heel Hook","Expertise+1"],"picked":"All Out Attack","floor":29.0},{"not_picked":["Doppelganger+1","Storm of Steel+1"],"picked":"Night Terror+1","floor":33.0},{"not_picked":["Underhanded Strike","Poisoned Stab"],"picked":"Dagger Spray","floor":35.0},{"not_picked":["Outmaneuver+1","Concentrate+1","Deadly Poison+1"],"picked":"SKIP","floor":37.0}],"player_experience":915794,"relics_obtained":[{"floor":6.0,"key":"Regal Pillow"},{"floor":8.0,"key":"Paper Crane"},{"floor":9.0,"key":"Toxic Egg 2"},{"floor":12.0,"key":"Bottled Tornado"},{"floor":26.0,"key":"Mummified Hand"}],"event_choices":[{"event_name":"Drug Dealer","player_choice":"Ignored","floor":21.0,"damage_taken":0.0},{"event_name":"Upgrade Shrine","player_choice":"Upgraded","floor":22.0,"damage_taken":0.0},{"event_name":"Falling","player_choice":"Removed Attack","floor":36.0,"damage_taken":0.0}],"is_beta":true,"boss_relics":[{"not_picked":["Busted Crown","Calling Bell"],"picked":"Fusion Hammer"},{"not_picked":[]}],"items_purged_floors":[25],"is_endless":false,"potions_floor_spawned":[3,4,8,16,19,23,28,29,33],"killed_by":"Sphere and 2 Shapes","ascension_level":17}