{"gold_per_floor":[112,128,203,215,30,61,61,87,110,110,140,150,167,180,180,251,251,267,302,19,29,29,56,56,86,110,60,60,76,103,118,118,118],"floor_reached":33,"playtime":2602,"items_purged":[],"score":700,"play_id":"5e0310f9-2063-46ba-b2dd-9f37edcc594c","local_time":"20190216205518","is_ascension_mode":true,"campfire_choices":[{"floor":7.0,"key":"REST"},{"floor":10.0,"key":"REST"},{"data":"Sunder","floor":15.0,"key":"SMITH"},{"data":"Zap","floor":24.0,"key":"SMITH"},{"floor":28.0,"key":"REST"},{"floor":32.0,"key":"REST"}],"neow_cost":"PERCENT_DAMAGE","seed_source_timestamp":155022969654999,"circlet_count":0,"master_deck":["AscendersBane","Strike_B+1","Strike_B","Strike_B","Strike_B","Defend_B","Defend_B","Defend_B","Defend_B","Zap+1","Dualcast","Rebound+1","Rip and Tear","Loop","Hologram","Sunder+1","Tempest","Self Repair","Ball Lightning","Go for the Eyes","Conserve Battery","Biased Cognition","Coolheaded","Chill","Coolheaded","Beam Cell","Reinforced Body+1"],"special_seed":0,"relics":["Cracked Core","Peace Pipe","PreservedInsect","Bag of Marbles","Pen Nib","DataDisk","Bronze Scales","Runic Pyramid","Red Mask","Pear","Shuriken","Whetstone","Matryoshka"],"potions_floor_usage":[33,33],"damage_taken":[{"damage":2.0,"enemies":"Jaw Worm","floor":1.0,"turns":4.0},{"damage":3.0,"enemies":"Small Slimes","floor":2.0,"turns":3.0},{"damage":3.0,"enemies":"2 Louse","floor":4.0,"turns":2.0},{"damage":8.0,"enemies":"Gremlin Nob","floor":6.0,"turns":3.0},{"damage":18.0,"enemies":"3 Sentries","floor":8.0,"turns":6.0},{"damage":8.0,"enemies":"Gremlin Nob","floor":11.0,"turns":3.0},{"damage":9.0,"enemies":"Lots of Slimes","floor":12.0,"turns":3.0},{"damage":2.0,"enemies":"3 Louse","floor":13.0,"turns":2.0},{"damage":16.0,"enemies":"Exordium Thugs","floor":14.0,"turns":3.0},{"damage":22.0,"enemies":"Slime Boss","floor":16.0,"turns":6.0},{"damage":1.0,"enemies":"Spheric Guardian","floor":18.0,"turns":3.0},{"damage":4.0,"enemies":"Masked Bandits","floor":19.0,"turns":3.0},{"damage":0.0,"enemies":"3 Byrds","floor":21.0,"turns":2.0},{"damage":0.0,"enemies":"Slavers","floor":23.0,"turns":3.0},{"damage":31.0,"enemies":"Gremlin Leader","floor":25.0,"turns":6.0},{"damage":5.0,"enemies":"Snecko","floor":29.0,"turns":5.0},{"damage":22.0,"enemies":"Slavers","floor":30.0,"turns":4.0},{"damage":15.0,"enemies":"Snake Plant","floor":31.0,"turns":2.0},{"damage":80,"enemies":"Collector","floor":33,"turns":7}],"seed_played":"-7396458633823425957","potions_obtained":[{"floor":1.0,"key":"GamblersBrew"},{"floor":2.0,"key":"EssenceOfSteel"},{"floor":12.0,"key":"EssenceOfSteel"},{"floor":13.0,"key":"Poison Potion"},{"floor":19.0,"key":"Swift Potion"},{"floor":29.0,"key":"Regen Potion"},{"floor":30.0,"key":"Poison Potion"}],"is_trial":false,"path_per_floor":["M","M","?","M","$","E","R","E","T","R","E","M","M","M","R","B",null,"M","?","$","M","?","E","R","E","T","$","R","M","E","M","R","B"],"character_chosen":"DEFECT","items_purchased":["PreservedInsect","Hologram","Pear","Beam Cell"],"campfire_rested":4,"item_purchase_floors":[5,5,20,27],"current_hp_per_floor":[44,41,30,27,27,19,40,22,22,43,35,33,38,29,29,7,55,54,50,60,67,59,66,66,42,42,42,66,68,53,38,62,0],"gold":118,"neow_bonus":"ONE_RARE_RELIC","is_prod":false,"is_daily":false,"chose_seed":false,"campfire_upgraded":2,"win_rate":0,"timestamp":1550346918,"path_taken":["M","M","?","M","$","E","R","E","T","R","E","M","M","M","R","BOSS","M","?","$","M","?","E","R","E","T","$","R","M","E","?","R","BOSS"],"build_version":"2019-01-23","purchased_purges":0,"victory":false,"max_hp_per_floor":[71,71,71,71,71,71,71,71,71,71,71,71,71,71,71,71,71,71,71,81,81,81,81,81,81,81,81,81,81,81,81,81,81],"card_choices":[{"not_picked":["Blizzard","Turbo"],"picked":"Rebound","floor":1.0},{"not_picked":["Stack","Barrage"],"picked":"Rip and Tear","floor":2.0},{"not_picked":["Steam Power","Cold Snap"],"picked":"Loop","floor":4.0},{"not_picked":["Compile Driver","Self Repair"],"picked":"Sunder","floor":6.0},{"not_picked":["Recycle","Turbo"],"picked":"Tempest","floor":8.0},{"not_picked":["Hyperbeam","Barrage"],"picked":"Self Repair","floor":11.0},{"not_picked":["Glacier","Auto Shields"],"picked":"Ball Lightning","floor":12.0},{"not_picked":["Compile Driver","Fusion"],"picked":"Go for the Eyes","floor":13.0},{"not_picked":["Gash","Barrage"],"picked":"Conserve Battery","floor":14.0},{"not_picked":["Rainbow","Reboot"],"picked":"Biased Cognition","floor":16.0},{"not_picked":["Steam","Leap"],"picked":"Coolheaded","floor":18.0},{"not_picked":["Cold Snap","Thunder Strike"],"picked":"Chill","floor":19.0},{"not_picked":["Redo","Rebound","Go for the Eyes"],"picked":"SKIP","floor":21.0},{"not_picked":["Cold Snap","Reprogram"],"picked":"Coolheaded","floor":23.0},{"not_picked":["Steam","Compile Driver","Machine Learning"],"picked":"SKIP","floor":25.0},{"not_picked":["Turbo","Reprogram"],"picked":"Reinforced Body+1","floor":29.0},{"not_picked":["Auto Shields","Barrage","Compile Driver"],"picked":"SKIP","floor":30.0},{"not_picked":["Streamline+1","White Noise","Steam"],"picked":"SKIP","floor":31.0}],"player_experience":1700991,"relics_obtained":[{"floor":6.0,"key":"Bag of Marbles"},{"floor":8.0,"key":"Pen Nib"},{"floor":9.0,"key":"DataDisk"},{"floor":11.0,"key":"Bronze Scales"},{"floor":19.0,"key":"Red Mask"},{"floor":23.0,"key":"Shuriken"},{"floor":25.0,"key":"Whetstone"},{"floor":30.0,"key":"Matryoshka"}],"event_choices":[{"damage_healed":0.0,"max_hp_gain":0.0,"max_hp_loss":0.0,"gold_gain":75.0,"event_name":"World of Goop","player_choice":"Gather Gold","floor":3.0,"gold_loss":0.0,"damage_taken":11.0},{"damage_healed":0.0,"max_hp_gain":0.0,"max_hp_loss":0.0,"gold_gain":0.0,"event_name":"Masked Bandits","player_choice":"Fought Bandits","floor":19.0,"gold_loss":0.0,"damage_taken":0.0},{"damage_healed":0.0,"max_hp_gain":0.0,"max_hp_loss":0.0,"gold_gain":0.0,"event_name":"Knowing Skull","player_choice":"","floor":22.0,"potions_obtained":[],"gold_loss":0.0,"damage_taken":8.0,"cards_obtained":[]}],"is_beta":false,"boss_relics":[{"not_picked":["FrozenCore","Tiny House"],"picked":"Runic Pyramid"}],"items_purged_floors":[],"is_endless":false,"potions_floor_spawned":[1,2,12,13,19,29,30],"killed_by":"Collector","ascension_level":20}