{"gold_per_floor":[117,12,31,31,45,80,80,97,122,155,49,49,49,49,49,49],"floor_reached":16,"playtime":867,"items_purged":["Decay"],"score":270,"play_id":"b6fc1a33-48be-4587-8457-7f99d74b9fed","local_time":"20190228175854","is_ascension_mode":true,"campfire_choices":[{"floor":7.0,"key":"REST"},{"data":"Zap","floor":12.0,"key":"SMITH"},{"data":"Defragment","floor":15.0,"key":"SMITH"}],"neow_cost":"CURSE","seed_source_timestamp":763882026028107,"circlet_count":0,"master_deck":["AscendersBane","Strike_B","Strike_B","Strike_B","Strike_B","Defend_B","Defend_B","Defend_B","Defend_B","Zap+1","Dualcast","Streamline","Coolheaded","Auto Shields","Core Surge","Sweeping Beam","Defragment+1","Capacitor","Hologram"],"special_seed":0,"relics":["Cracked Core","Turnip","Lantern","PreservedInsect","Bronze Scales","Meat on the Bone","Pen Nib"],"potions_floor_usage":[16],"damage_taken":[{"damage":3.0,"enemies":"Cultist","floor":1.0,"turns":3.0},{"damage":9.0,"enemies":"Small Slimes","floor":3.0,"turns":3.0},{"damage":5.0,"enemies":"Jaw Worm","floor":5.0,"turns":2.0},{"damage":24.0,"enemies":"Lagavulin","floor":6.0,"turns":9.0},{"damage":6.0,"enemies":"3 Louse","floor":8.0,"turns":3.0},{"damage":0.0,"enemies":"3 Sentries","floor":10.0,"turns":4.0},{"damage":3.0,"enemies":"Gremlin Gang","floor":14.0,"turns":3.0},{"damage":40,"enemies":"Slime Boss","floor":16,"turns":9}],"seed_played":"-7700469980836983461","potions_obtained":[{"floor":3.0,"key":"Swift Potion"},{"floor":8.0,"key":"SmokeBomb"},{"floor":10.0,"key":"EntropicBrew"}],"is_trial":false,"path_per_floor":["M","$","M","?","M","E","R","M","T","E","$","R","?","M","R","B"],"character_chosen":"DEFECT","items_purchased":["Streamline","Capacitor","Hologram"],"campfire_rested":1,"item_purchase_floors":[2,11,11],"current_hp_per_floor":[61,61,52,52,47,23,44,38,38,38,38,38,27,36,36,0],"gold":49,"neow_bonus":"ONE_RARE_RELIC","is_prod":false,"is_daily":false,"chose_seed":false,"campfire_upgraded":2,"win_rate":0,"timestamp":1551373134,"path_taken":["M","?","M","?","?","E","R","M","T","E","$","R","?","M","R","BOSS"],"build_version":"2019-01-23","purchased_purges":1,"victory":false,"max_hp_per_floor":[71,71,71,71,71,71,71,71,71,71,71,71,71,71,71,71],"card_choices":[{"not_picked":["Recycle","Hologram","Blizzard"],"picked":"SKIP","floor":1.0},{"not_picked":["Gash","Barrage"],"picked":"Coolheaded","floor":3.0},{"not_picked":["Compile Driver","Barrage"],"picked":"Auto Shields","floor":5.0},{"not_picked":["Storm","Compile Driver"],"picked":"Core Surge","floor":6.0},{"not_picked":["Steam Power","Double Energy"],"picked":"Sweeping Beam","floor":8.0},{"not_picked":["Force Field","Coolheaded"],"picked":"Defragment","floor":10.0}],"player_experience":1753448,"relics_obtained":[{"floor":6.0,"key":"PreservedInsect"},{"floor":9.0,"key":"Bronze Scales"},{"floor":10.0,"key":"Meat on the Bone"}],"event_choices":[{"damage_healed":0.0,"max_hp_gain":0.0,"max_hp_loss":0.0,"gold_gain":0.0,"event_name":"WeMeetAgain","player_choice":"Gave Potion","floor":4.0,"gold_loss":0.0,"damage_taken":0.0,"relics_obtained":["Lantern"]},{"damage_healed":0.0,"max_hp_gain":0.0,"max_hp_loss":0.0,"gold_gain":0.0,"event_name":"Scrap Ooze","player_choice":"Success","floor":13.0,"gold_loss":0.0,"damage_taken":11.0,"relics_obtained":["Pen Nib"]}],"is_beta":false,"boss_relics":[],"items_purged_floors":[2],"is_endless":false,"potions_floor_spawned":[3,8,10,14],"killed_by":"Slime Boss","ascension_level":20}