{"gold_per_floor":[109,120,45,45,45,45,77,77,132,164,177,192,219,238,238,310,310,323,334,344,354,30,30,63,63,142,142,142,155,155,175,175,249,249,263,34,34,53,71,97,97,115,142,173,187,200,200,235,235,235,235,235,235,42,75,75],"floor_reached":57,"playtime":9338,"items_purged":["Strike_R","Shame"],"score":2918,"play_id":"f22e02a0-47c7-454f-92a8-4bdcedfacc81","local_time":"20190304211316","is_ascension_mode":true,"campfire_choices":[{"data":"Carnage","floor":6.0,"key":"SMITH"},{"data":"Bash","floor":8.0,"key":"SMITH"},{"data":"Uppercut","floor":15.0,"key":"SMITH"},{"floor":23.0,"key":"REST"},{"data":"Corruption","floor":30.0,"key":"SMITH"},{"data":"Whirlwind","floor":32.0,"key":"SMITH"},{"floor":41.0,"key":"RECALL"},{"data":"Feel No Pain","floor":47.0,"key":"SMITH"},{"data":"Battle Trance","floor":49.0,"key":"SMITH"},{"data":"Shockwave","floor":53.0,"key":"SMITH"}],"neow_cost":"NONE","seed_source_timestamp":1110875185106600,"circlet_count":0,"master_deck":["AscendersBane","Strike_R","Strike_R","Defend_R+1","Defend_R","Defend_R","Defend_R","Bash+1","Carnage+1","Spot Weakness","Disarm+1","Thunderclap","Shockwave+1","Headbutt","Twin Strike","Uppercut+1","Flame Barrier","Limit Break","Battle Trance+1","Intimidate","Flame Barrier+1","Corruption+1","Armaments+1","Whirlwind+1","Ghostly","Ghostly","Ghostly","Armaments+1","Feel No Pain+1","Entrench+1","Immolate","Battle Trance"],"special_seed":0,"relics":["Burning Blood","NeowsBlessing","Torii","Dream Catcher","Dead Branch","Strawberry","Mark of Pain","Red Skull","War Paint","Meat on the Bone","MutagenicStrength","Cursed Key","Medical Kit","Oddly Smooth Stone","Bottled Tornado","The Courier","Blood Vial"],"potions_floor_usage":[55,56],"damage_taken":[{"damage":0.0,"enemies":"Cultist","floor":1.0,"turns":1.0},{"damage":0.0,"enemies":"2 Louse","floor":2.0,"turns":1.0},{"damage":0.0,"enemies":"3 Sentries","floor":7.0,"turns":1.0},{"damage":26.0,"enemies":"Gremlin Nob","floor":10.0,"turns":4.0},{"damage":0.0,"enemies":"Small Slimes","floor":11.0,"turns":2.0},{"damage":5.0,"enemies":"Gremlin Gang","floor":12.0,"turns":5.0},{"damage":15.0,"enemies":"Lagavulin","floor":13.0,"turns":3.0},{"damage":7.0,"enemies":"Red Slaver","floor":14.0,"turns":3.0},{"damage":14.0,"enemies":"Slime Boss","floor":16.0,"turns":7.0},{"damage":21.0,"enemies":"3 Byrds","floor":18.0,"turns":4.0},{"damage":7.0,"enemies":"Chosen","floor":19.0,"turns":4.0},{"damage":13.0,"enemies":"Snake Plant","floor":20.0,"turns":3.0},{"damage":32.0,"enemies":"Chosen and Byrds","floor":21.0,"turns":5.0},{"damage":5.0,"enemies":"Book of Stabbing","floor":24.0,"turns":4.0},{"damage":4.0,"enemies":"Cultist and Chosen","floor":29.0,"turns":6.0},{"damage":1.0,"enemies":"Sentry and Sphere","floor":31.0,"turns":4.0},{"damage":1.0,"enemies":"Collector","floor":33.0,"turns":4.0},{"damage":28.0,"enemies":"3 Shapes","floor":35.0,"turns":1.0},{"damage":1.0,"enemies":"Orb Walker","floor":38.0,"turns":3.0},{"damage":0.0,"enemies":"3 Darklings","floor":39.0,"turns":3.0},{"damage":0.0,"enemies":"Giant Head","floor":40.0,"turns":7.0},{"damage":10.0,"enemies":"Spire Growth","floor":42.0,"turns":4.0},{"damage":3.0,"enemies":"Nemesis","floor":44.0,"turns":5.0},{"damage":1.0,"enemies":"Jaw Worm Horde","floor":45.0,"turns":2.0},{"damage":0.0,"enemies":"Writhing Mass","floor":46.0,"turns":2.0},{"damage":0.0,"enemies":"Reptomancer","floor":48.0,"turns":4.0},{"damage":12.0,"enemies":"Time Eater","floor":50.0,"turns":5.0},{"damage":6.0,"enemies":"Awakened One","floor":51.0,"turns":6.0},{"damage":16,"enemies":"Shield and Spear","floor":55,"turns":3},{"damage":2,"enemies":"The Heart","floor":56,"turns":8}],"seed_played":"-9042366184577153979","potions_obtained":[{"floor":7.0,"key":"FearPotion"},{"floor":11.0,"key":"AttackPotion"},{"floor":13.0,"key":"SkillPotion"},{"floor":24.0,"key":"Energy Potion"},{"floor":29.0,"key":"BloodPotion"},{"floor":38.0,"key":"Weak Potion"},{"floor":44.0,"key":"Block Potion"},{"floor":55,"key":"PowerPotion"}],"is_trial":false,"path_per_floor":["M","M","$","?","?","R","E","R","T","E","M","M","E","M","R","B",null,"M","M","M","M","$","R","E","$","T","?","?","M","R","M","R","B",null,"M","$","?","M","M","E","R","M","T","E","M","M","R","E","R","B","B",null,"R","$","E","B",null],"character_chosen":"IRONCLAD","items_purchased":["Disarm","Corruption","Red Skull","Medical Kit","Battle Trance","Block Potion"],"campfire_rested":1,"item_purchase_floors":[3,22,22,36,54,54],"current_hp_per_floor":[74,75,75,75,75,75,75,75,75,55,61,62,60,59,59,51,74,59,58,51,25,25,49,50,50,50,50,41,41,41,41,41,41,41,35,35,35,40,41,41,41,37,37,40,41,41,41,41,41,35,35,40,40,40,30,36],"gold":75,"neow_bonus":"THREE_ENEMY_KILL","is_prod":false,"is_daily":false,"chose_seed":false,"campfire_upgraded":8,"win_rate":0,"timestamp":1551730396,"path_taken":["M","M","?","?","?","R","E","R","T","E","M","M","E","M","R","BOSS","M","?","M","M","$","R","E","?","T","?","?","M","R","?","R","BOSS","M","$","?","M","M","E","R","M","T","E","M","M","R","E","R","BOSS","BOSS","R","$","E","BOSS"],"build_version":"2019-01-23","purchased_purges":2,"victory":true,"max_hp_per_floor":[75,75,75,75,75,75,75,75,75,75,75,75,82,82,82,82,82,82,82,82,82,82,82,82,82,82,82,41,41,41,41,41,41,41,41,41,41,41,41,41,41,41,41,41,41,41,41,41,41,41,41,41,41,41,41,41],"card_choices":[{"not_picked":["Armaments","Warcry"],"picked":"Carnage","floor":1.0},{"not_picked":["Headbutt","Pommel Strike"],"picked":"Spot Weakness","floor":2.0},{"not_picked":["Hemokinesis","Flex"],"picked":"Thunderclap","floor":7.0},{"not_picked":["Cleave","Rupture"],"picked":"Shockwave","floor":10.0},{"not_picked":["Pommel Strike","Fire Breathing"],"picked":"Headbutt","floor":11.0},{"not_picked":["Wild Strike","Pommel Strike"],"picked":"Twin Strike","floor":12.0},{"not_picked":["Power Through","Metallicize"],"picked":"Uppercut","floor":13.0},{"not_picked":["Entrench","Spot Weakness"],"picked":"Flame Barrier","floor":14.0},{"not_picked":["Double Tap","Bludgeon"],"picked":"Limit Break","floor":16.0},{"not_picked":["Armaments","Thunderclap"],"picked":"Battle Trance","floor":18.0},{"not_picked":["Heavy Blade","Clothesline"],"picked":"Intimidate","floor":19.0},{"not_picked":["Clothesline","Combust","Twin Strike"],"picked":"SKIP","floor":20.0},{"not_picked":["Impervious","Blood for Blood"],"picked":"Flame Barrier+1","floor":21.0},{"not_picked":["Pummel","Sentinel"],"picked":"Armaments+1","floor":23.0},{"not_picked":["Clothesline+1","Wild Strike"],"picked":"Whirlwind","floor":24.0},{"not_picked":["Pommel Strike","Twin Strike"],"picked":"Armaments+1","floor":29.0},{"not_picked":["Twin Strike","Armaments","Havoc"],"picked":"SKIP","floor":31.0},{"not_picked":["Searing Blow","Thunderclap"],"picked":"Feel No Pain","floor":35.0},{"not_picked":["True Grit","Perfected Strike","Wild Strike"],"picked":"SKIP","floor":38.0},{"not_picked":["Thunderclap","Rampage","Anger+1"],"picked":"SKIP","floor":39.0},{"not_picked":["Bloodletting+1","Twin Strike","Shrug It Off"],"picked":"SKIP","floor":40.0},{"not_picked":["Perfected Strike","Shockwave"],"picked":"Entrench+1","floor":42.0},{"not_picked":["Heavy Blade","Twin Strike","Carnage"],"picked":"SKIP","floor":44.0},{"not_picked":["Thunderclap","Headbutt","Clothesline+1"],"picked":"SKIP","floor":45.0},{"not_picked":["Clothesline","Armaments","Clash"],"picked":"SKIP","floor":46.0},{"not_picked":["Hemokinesis","Corruption+1"],"picked":"Immolate","floor":48.0},{"not_picked":["Metallicize","Searing Blow","Warcry"],"picked":"SKIP","floor":55}],"player_experience":1883246,"relics_obtained":[{"floor":7.0,"key":"Torii"},{"floor":9.0,"key":"Dream Catcher"},{"floor":10.0,"key":"Dead Branch"},{"floor":13.0,"key":"Strawberry"},{"floor":24.0,"key":"War Paint"},{"floor":26.0,"key":"Meat on the Bone"},{"floor":40.0,"key":"Oddly Smooth Stone"},{"floor":44.0,"key":"Bottled Tornado"},{"floor":48.0,"key":"The Courier"},{"floor":55,"key":"Blood Vial"}],"event_choices":[{"damage_healed":0.0,"max_hp_gain":0.0,"max_hp_loss":0.0,"gold_gain":0.0,"event_name":"Liars Game","player_choice":"Ignored","floor":4.0,"gold_loss":0.0,"damage_taken":0.0},{"cards_removed":["Strike_R"],"damage_healed":0.0,"max_hp_gain":0.0,"max_hp_loss":0.0,"gold_gain":0.0,"event_name":"Bonfire Elementals","player_choice":"Offered Basic","floor":5.0,"gold_loss":0.0,"damage_taken":0.0},{"damage_healed":0.0,"max_hp_gain":0.0,"max_hp_loss":0.0,"gold_gain":0.0,"event_name":"Drug Dealer","player_choice":"Inject Mutagens","floor":27.0,"gold_loss":0.0,"damage_taken":0.0,"relics_obtained":["MutagenicStrength"]},{"damage_healed":0.0,"max_hp_gain":0.0,"max_hp_loss":41.0,"gold_gain":0.0,"event_name":"Ghosts","player_choice":"Became a Ghost","floor":28.0,"gold_loss":0.0,"damage_taken":0.0,"cards_obtained":["Ghostly","Ghostly","Ghostly"]},{"cards_removed":["Strike_R"],"damage_healed":0.0,"max_hp_gain":0.0,"max_hp_loss":0.0,"gold_gain":0.0,"event_name":"Falling","player_choice":"Removed Attack","floor":37.0,"gold_loss":0.0,"damage_taken":0.0}],"is_beta":false,"boss_relics":[{"not_picked":["Sozu","Eternal Feather"],"picked":"Mark of Pain"},{"not_picked":["Empty Cage","Philosopher\u0027s Stone"],"picked":"Cursed Key"}],"items_purged_floors":[22,54],"is_endless":false,"potions_floor_spawned":[7,11,12,13,14,24,29,31,38,40,44,55],"ascension_level":20}