{"gold_per_floor":[11,29,48,13,25,50,50,70,119,119,133,133,153,188,188,188],"floor_reached":16,"playtime":822,"items_purged":[],"score":228,"play_id":"96677dd9-7cc9-4487-bd21-64bf50615806","local_time":"20190326214000","is_ascension_mode":true,"campfire_choices":[{"floor":7.0,"key":"REST"},{"floor":10.0,"key":"REST"},{"data":"Footwork","floor":15,"key":"SMITH"}],"neow_cost":"NO_GOLD","seed_source_timestamp":175326597822783,"circlet_count":0,"master_deck":["AscendersBane","Defend_G","Defend_G","Defend_G","Defend_G","Strike_G","Strike_G","Strike_G","Strike_G","Survivor","Neutralize","Poisoned Stab","Deadly Poison+1","Bane","Backstab","Footwork+1","Dagger Spray","Dodge and Roll"],"special_seed":0,"relics":["Ring of the Snake","Shuriken","Orichalcum","Blue Candle"],"potions_floor_usage":[16,16],"damage_taken":[{"damage":0.0,"enemies":"Small Slimes","floor":1.0,"turns":5.0},{"damage":0.0,"enemies":"2 Louse","floor":2.0,"turns":4.0},{"damage":0.0,"enemies":"Cultist","floor":3.0,"turns":4.0},{"damage":21.0,"enemies":"Exordium Wildlife","floor":5.0,"turns":4.0},{"damage":31.0,"enemies":"3 Sentries","floor":6.0,"turns":10.0},{"damage":0.0,"enemies":"Exordium Thugs","floor":8.0,"turns":3.0},{"damage":3.0,"enemies":"Looter","floor":11.0,"turns":3.0},{"damage":0,"enemies":"Lots of Slimes","floor":13,"turns":4},{"damage":22,"enemies":"Gremlin Nob","floor":14,"turns":4},{"damage":27,"enemies":"The Guardian","floor":16,"turns":11}],"seed_played":"-9201648486270518066","potions_obtained":[{"floor":2.0,"key":"LiquidBronze"},{"floor":6.0,"key":"SpeedPotion"},{"floor":8.0,"key":"Block Potion"}],"is_trial":false,"path_per_floor":["M","M","M","?","M","E","R","M","T","R","M","?","M","E","R","B"],"character_chosen":"THE_SILENT","items_purchased":[],"campfire_rested":2,"item_purchase_floors":[],"current_hp_per_floor":[59,59,59,66,45,14,33,33,33,52,49,49,49,27,27,0],"gold":188,"neow_bonus":"REMOVE_TWO","is_prod":false,"is_daily":false,"chose_seed":false,"campfire_upgraded":1,"win_rate":0,"timestamp":1553632800,"path_taken":["M","M","M","?","M","E","R","M","T","R","M","?","M","E","R","BOSS"],"build_version":"2019-01-23","purchased_purges":0,"victory":false,"max_hp_per_floor":[66,66,66,66,66,66,66,66,66,66,66,66,66,66,66,66],"card_choices":[{"not_picked":["Deadly Poison","Underhanded Strike"],"picked":"Poisoned Stab","floor":1.0},{"not_picked":["Poisoned Stab","Escape Plan"],"picked":"Deadly Poison","floor":2.0},{"not_picked":["Underhanded Strike","Finisher"],"picked":"Bane","floor":3.0},{"not_picked":["Slice","Deflect","Setup"],"picked":"SKIP","floor":5.0},{"not_picked":["Flying Knee","Accuracy"],"picked":"Backstab","floor":6.0},{"not_picked":["Endless Agony","Deflect"],"picked":"Footwork","floor":8.0},{"not_picked":["Eviscerate","Bane","Quick Slash"],"picked":"SKIP","floor":11.0},{"not_picked":["Tactician","Sucker Punch"],"picked":"Dagger Spray","floor":13},{"not_picked":["Expertise","Finisher"],"picked":"Dodge and Roll","floor":14}],"player_experience":2213992,"relics_obtained":[{"floor":6.0,"key":"Shuriken"},{"floor":9.0,"key":"Orichalcum"},{"floor":14,"key":"Blue Candle"}],"event_choices":[{"damage_healed":16.0,"max_hp_gain":0.0,"max_hp_loss":0.0,"gold_gain":0.0,"event_name":"The Cleric","player_choice":"Healed","floor":4.0,"gold_loss":35.0,"damage_taken":0.0},{"damage_healed":0.0,"max_hp_gain":0.0,"max_hp_loss":0.0,"gold_gain":0.0,"event_name":"Living Wall","player_choice":"Grow","floor":12.0,"gold_loss":0.0,"damage_taken":0.0,"cards_upgraded":["Deadly Poison"]}],"is_beta":false,"boss_relics":[],"items_purged_floors":[],"is_endless":false,"potions_floor_spawned":[2,6,8,13],"killed_by":"The Guardian","ascension_level":20}