{"gold_per_floor":[114,189,189,189,189,189,220,220,220,264,285,303,344,29,29,122,122,145,145,170,150,75,118,118,151,175,188,188],"floor_reached":28,"playtime":1253,"items_purged":["Strike_B"],"score":794,"play_id":"1e167836-f2ee-4b31-aa63-0cbf128e7bd9","local_time":"20190116223137","is_ascension_mode":true,"campfire_choices":[{"floor":6,"key":"REST"},{"data":"Creative AI","floor":8,"key":"SMITH"},{"data":"Coolheaded","floor":15,"key":"SMITH"},{"floor":24,"key":"REST"}],"neow_cost":"NONE","seed_source_timestamp":597984709233828,"circlet_count":0,"master_deck":["AscendersBane","Strike_B","Strike_B+1","Defend_B","Defend_B+1","Defend_B","Defend_B","Zap","Dualcast","Ball Lightning","Creative AI+1","Rip and Tear","Ball Lightning","Machine Learning","Coolheaded+1","Biased Cognition","Coolheaded+1","Biased Cognition","Self Repair"],"relics":["Cracked Core","NeowsBlessing","Golden Idol","Letter Opener","FossilizedHelix","Regal Pillow","Juzu Bracelet","Mercury Hourglass","Nuclear Battery","PreservedInsect","Pantograph","Anchor"],"potions_floor_usage":[23,23],"damage_taken":[{"damage":0,"enemies":"Cultist","floor":1,"turns":1},{"damage":0,"enemies":"Gremlin Nob","floor":7,"turns":1},{"damage":0,"enemies":"3 Sentries","floor":10,"turns":2},{"damage":0,"enemies":"2 Louse","floor":11,"turns":2},{"damage":0,"enemies":"Small Slimes","floor":12,"turns":2},{"damage":0,"enemies":"Gremlin Nob","floor":13,"turns":5},{"damage":0,"enemies":"Slime Boss","floor":16,"turns":6},{"damage":0,"enemies":"Spheric Guardian","floor":18,"turns":3},{"damage":12,"enemies":"Shell Parasite","floor":20,"turns":4},{"damage":60,"enemies":"Gremlin Leader","floor":23,"turns":6},{"damage":32,"enemies":"Slavers","floor":25,"turns":4},{"damage":0,"enemies":"Snecko","floor":27,"turns":7},{"damage":8,"enemies":"Snake Plant","floor":28,"turns":2}],"seed_played":"2014458692767613486","potions_obtained":[{"floor":12,"key":"Explosive Potion"},{"floor":16,"key":"SkillPotion"},{"floor":20,"key":"Regen Potion"},{"floor":27,"key":"SkillPotion"}],"is_trial":false,"path_per_floor":["M","?","?","?","?","R","E","R","T","E","M","M","E","$","R","B",null,"M","?","M","?","$","E","R","E","T","M","M"],"character_chosen":"DEFECT","items_purchased":["Mercury Hourglass","Coolheaded"],"campfire_rested":2,"item_purchase_floors":[14,14],"current_hp_per_floor":[64,53,53,46,27,46,46,46,46,46,46,46,46,46,46,46,60,60,60,48,48,48,3,37,5,5,5,0],"gold":188,"neow_bonus":"THREE_ENEMY_KILL","is_prod":false,"is_daily":false,"chose_seed":false,"campfire_upgraded":2,"win_rate":0,"timestamp":1547674297,"path_taken":["M","?","?","?","?","R","E","R","T","E","M","M","E","$","R","BOSS","M","?","M","?","?","E","R","E","T","M","M"],"build_version":"2019-01-10","purchased_purges":1,"victory":false,"max_hp_per_floor":[71,71,64,64,64,64,64,64,64,64,64,64,64,64,64,64,64,64,64,64,64,64,64,64,64,64,64,64],"card_choices":[{"not_picked":["Streamline","Darkness"],"picked":"Ball Lightning","floor":1},{"not_picked":["Rebound","Self Repair"],"picked":"Creative AI","floor":7},{"not_picked":["Multi-Cast","Steam"],"picked":"Rip and Tear","floor":10},{"not_picked":["Beam Cell","Streamline","Compile Driver"],"picked":"SKIP","floor":11},{"not_picked":["Sweeping Beam","Skim"],"picked":"Ball Lightning","floor":12},{"not_picked":["Streamline","FTL"],"picked":"Machine Learning","floor":13},{"not_picked":["Hyperbeam","All For One"],"picked":"Biased Cognition","floor":16},{"not_picked":["Leap","Compile Driver","Lockon"],"picked":"SKIP","floor":18},{"not_picked":["Go for the Eyes","Conserve Battery"],"picked":"Coolheaded+1","floor":20},{"not_picked":["Rebound","Sweeping Beam"],"picked":"Biased Cognition","floor":23},{"not_picked":["Ball Lightning","Fission","Streamline+1"],"picked":"SKIP","floor":25},{"not_picked":["Go for the Eyes","Ball Lightning"],"picked":"Self Repair","floor":27}],"player_experience":1559839,"relics_obtained":[{"floor":7,"key":"Letter Opener"},{"floor":9,"key":"FossilizedHelix"},{"floor":10,"key":"Regal Pillow"},{"floor":13,"key":"Juzu Bracelet"},{"floor":23,"key":"PreservedInsect"},{"floor":25,"key":"Pantograph"},{"floor":26,"key":"Anchor"}],"event_choices":[{"damage_healed":0,"gold_gain":75,"player_choice":"Gather Gold","damage_taken":11,"max_hp_gain":0,"max_hp_loss":0,"event_name":"World of Goop","floor":2,"gold_loss":0},{"damage_healed":0,"gold_gain":0,"player_choice":"Lose Max HP","damage_taken":0,"relics_obtained":["Golden Idol"],"max_hp_gain":0,"max_hp_loss":7,"event_name":"Golden Idol","floor":3,"gold_loss":0},{"cards_removed":["Strike_B"],"damage_healed":0,"gold_gain":0,"player_choice":"Card Removal","damage_taken":7,"max_hp_gain":0,"max_hp_loss":0,"event_name":"Golden Wing","floor":4,"gold_loss":0},{"damage_healed":0,"gold_gain":0,"player_choice":"Entered Light","damage_taken":19,"max_hp_gain":0,"max_hp_loss":0,"event_name":"Shining Light","floor":5,"gold_loss":0,"cards_upgraded":["Defend_B","Strike_B"]},{"damage_healed":0,"gold_gain":0,"player_choice":"Ignored","damage_taken":0,"max_hp_gain":0,"max_hp_loss":0,"event_name":"N\u0027loth","floor":19,"gold_loss":0},{"damage_healed":0,"gold_gain":0,"player_choice":"Bought 1 Potion","damage_taken":0,"max_hp_gain":0,"max_hp_loss":0,"event_name":"The Woman in Blue","floor":21,"gold_loss":0}],"is_beta":false,"boss_relics":[{"not_picked":["Philosopher\u0027s Stone","Runic Pyramid"],"picked":"Nuclear Battery"}],"items_purged_floors":[22],"is_endless":false,"potions_floor_spawned":[12,16,18,20,27],"killed_by":"Snake Plant","ascension_level":20}