{"gold_per_floor":[117,117,267,63,63,63,104,104,104,145,145,39,58,99,99,190,190,210,210,210,36,61,61],"floor_reached":23,"playtime":1154,"items_purged":["Doubt","Heel Hook"],"score":506,"play_id":"e9afd749-eff3-4f05-b15f-4d913c9f270f","local_time":"20190420212604","is_ascension_mode":true,"campfire_choices":[{"floor":6,"key":"REST"},{"data":"Predator","floor":8,"key":"SMITH"},{"floor":11,"key":"REST"},{"data":"Neutralize","floor":15,"key":"SMITH"}],"neow_cost":"NONE","seed_source_timestamp":951011014879603,"circlet_count":0,"master_deck":["AscendersBane","Survivor","Neutralize+1","Well Laid Plans","Predator+1","Dagger Spray","Dash","Sucker Punch","Well Laid Plans","Terror","Malaise","Distraction","Predator","Corpse Explosion","Noxious Fumes","Predator","Distraction","Acrobatics","PiercingWail","Deadly Poison","Burst","Leg Sweep","PiercingWail"],"relics":["Ring of the Snake","NeowsBlessing","PreservedInsect","Golden Idol","Oddly Smooth Stone","Paper Crane","Bird Faced Urn","Pen Nib","Pandora\u0027s Box"],"potions_floor_usage":[14,16,22,23],"damage_taken":[{"damage":0,"enemies":"2 Louse","floor":1,"turns":1},{"damage":0,"enemies":"Gremlin Nob","floor":7,"turns":1},{"damage":0,"enemies":"3 Sentries","floor":10,"turns":1},{"damage":0,"enemies":"Small Slimes","floor":13,"turns":2},{"damage":24,"enemies":"Gremlin Nob","floor":14,"turns":4},{"damage":25,"enemies":"Hexaghost","floor":16,"turns":11},{"damage":22,"enemies":"2 Thieves","floor":18,"turns":2},{"damage":18,"enemies":"3 Byrds","floor":22,"turns":2},{"damage":13,"enemies":"Gremlin Leader","floor":23,"turns":2}],"seed_played":"3599793708939807757","potions_obtained":[{"floor":10,"key":"GamblersBrew"},{"floor":13,"key":"Dexterity Potion"},{"floor":16,"key":"AttackPotion"},{"floor":22,"key":"Block Potion"}],"is_trial":false,"path_per_floor":["M","?","?","$","?","R","E","R","T","E","R","$","M","E","R","B",null,"M","?","?","$","M","E"],"character_chosen":"THE_SILENT","items_purchased":["Well Laid Plans","Predator","Sucker Punch","Well Laid Plans","Leg Sweep"],"campfire_rested":2,"item_purchase_floors":[4,4,12,12,21],"current_hp_per_floor":[59,24,24,24,1,20,20,20,20,20,39,39,43,23,23,2,50,28,28,28,28,10,0],"gold":61,"neow_bonus":"THREE_ENEMY_KILL","is_prod":false,"is_daily":false,"chose_seed":false,"campfire_upgraded":2,"win_rate":0,"timestamp":1555788364,"path_taken":["M","?","?","?","?","R","E","R","T","E","R","$","?","E","R","BOSS","M","?","?","$","M","E"],"build_version":"2019-01-23","purchased_purges":2,"victory":false,"max_hp_per_floor":[66,66,66,66,66,66,66,66,66,66,66,66,66,66,66,66,66,66,66,66,66,66,66],"card_choices":[{"not_picked":["Setup","Accuracy"],"picked":"Quick Slash","floor":1},{"not_picked":["Heel Hook","Finisher"],"picked":"Dagger Spray","floor":7},{"not_picked":["Tools of the Trade","Underhanded Strike"],"picked":"Dash","floor":10},{"not_picked":["Underhanded Strike","Dagger Throw","Expertise"],"picked":"SKIP","floor":13},{"not_picked":["Flying Knee","Acrobatics"],"picked":"Terror","floor":14},{"not_picked":["Burst","Venomology"],"picked":"Malaise","floor":16},{"not_picked":["Dagger Throw+1","Riddle With Holes"],"picked":"Deadly Poison","floor":18},{"not_picked":["Dagger Spray","Distraction"],"picked":"PiercingWail","floor":22}],"player_experience":2538901,"relics_obtained":[{"floor":7,"key":"Oddly Smooth Stone"},{"floor":9,"key":"Paper Crane"},{"floor":10,"key":"Bird Faced Urn"},{"floor":14,"key":"Pen Nib"}],"event_choices":[{"damage_healed":0,"gold_gain":0,"player_choice":"Success","damage_taken":35,"relics_obtained":["PreservedInsect"],"max_hp_gain":0,"max_hp_loss":0,"event_name":"Scrap Ooze","floor":2,"gold_loss":0},{"damage_healed":0,"gold_gain":150,"player_choice":"AGREE","damage_taken":0,"max_hp_gain":0,"max_hp_loss":0,"event_name":"Liars Game","floor":3,"gold_loss":0,"cards_obtained":["Doubt"]},{"damage_healed":0,"gold_gain":0,"player_choice":"Take Damage","damage_taken":23,"relics_obtained":["Golden Idol"],"max_hp_gain":0,"max_hp_loss":0,"event_name":"Golden Idol","floor":5,"gold_loss":0},{"cards_removed":["Choke"],"damage_healed":0,"gold_gain":0,"player_choice":"Elegance","damage_taken":0,"max_hp_gain":0,"max_hp_loss":0,"event_name":"Back to Basics","floor":19,"gold_loss":0},{"damage_healed":0,"gold_gain":0,"cards_transformed":["Quick Slash"],"player_choice":"Transformed","damage_taken":0,"max_hp_gain":0,"max_hp_loss":0,"event_name":"Transmorgrifier","floor":20,"gold_loss":0,"cards_obtained":["Burst"]}],"is_beta":false,"boss_relics":[{"not_picked":["Ectoplasm","HoveringKite"],"picked":"Pandora\u0027s Box"}],"items_purged_floors":[4,21],"is_endless":false,"potions_floor_spawned":[10,13,16,22],"killed_by":"Gremlin Leader","ascension_level":20}