{"gold_per_floor":[119,135,28,44,63,95,95,95,95,75,90,120,136,153,153,228,228,241,241,166,182,122,148,148,148,171,204,219,233,59,77,77,156,156,166,1165,619,619,0,35,49,68,68,78,78,94,106,138,138,138,138],"floor_reached":51,"playtime":9188,"items_purged":["Strike_R","Normality","Normality"],"score":1522,"play_id":"04e320cd-5050-4f64-8809-00cc3e3cf15e","local_time":"20190318224539","is_ascension_mode":true,"campfire_choices":[{"floor":8,"key":"REST"},{"floor":15,"key":"REST"},{"floor":25,"key":"REST"},{"floor":32,"key":"REST"},{"floor":45,"key":"RECALL"},{"data":"Shockwave","floor":49,"key":"SMITH"}],"neow_cost":"NONE","seed_source_timestamp":260175133060196,"circlet_count":0,"master_deck":["AscendersBane","Bash","Rampage+1","Anger","Flex","Disarm","Carnage","Berserk","Pommel Strike","Headbutt","Clothesline+1","Reaper","Shockwave+1","Whirlwind","Blood for Blood","True Grit+1","Corruption","Bludgeon","Metallicize","Corruption","Seeing Red","Sentinel","Iron Wave","Rampage","Searing Blow","Sentinel","PanicButton","Master of Strategy","Spot Weakness","Ghostly Armor","Evolve","Rage+1","Warcry+1","Limit Break","Heavy Blade+1"],"relics":["Burning Blood","NeowsBlessing","Centennial Puzzle","Sundial","Darkstone Periapt","Self Forming Clay","The Courier","Snecko Eye","Whetstone","Bronze Scales","Ancient Tea Set","ClockworkSouvenir","Pandora\u0027s Box","Pen Nib","Bottled Tornado","Anchor","Bag of Preparation","Pantograph","Paper Frog"],"potions_floor_usage":[12,13,23,33,33,44,48,51,51],"damage_taken":[{"damage":0,"enemies":"Cultist","floor":1,"turns":1},{"damage":0,"enemies":"Jaw Worm","floor":2,"turns":1},{"damage":0,"enemies":"2 Louse","floor":4,"turns":1},{"damage":22,"enemies":"Gremlin Gang","floor":5,"turns":5},{"damage":36,"enemies":"Lagavulin","floor":6,"turns":6},{"damage":27,"enemies":"Exordium Thugs","floor":11,"turns":5},{"damage":12,"enemies":"Gremlin Nob","floor":12,"turns":3},{"damage":4,"enemies":"Large Slime","floor":13,"turns":4},{"damage":3,"enemies":"3 Louse","floor":14,"turns":3},{"damage":48,"enemies":"Slime Boss","floor":16,"turns":12},{"damage":22,"enemies":"3 Byrds","floor":18,"turns":5},{"damage":1,"enemies":"Spheric Guardian","floor":21,"turns":3},{"damage":49,"enemies":"Gremlin Leader","floor":23,"turns":6},{"damage":12,"enemies":"Book of Stabbing","floor":27,"turns":4},{"damage":22,"enemies":"Shelled Parasite and Fungi","floor":28,"turns":2},{"damage":7,"enemies":"Snecko","floor":29,"turns":3},{"damage":4,"enemies":"Cultist and Chosen","floor":31,"turns":6},{"damage":55,"enemies":"Automaton","floor":33,"turns":9},{"damage":26,"enemies":"3 Shapes","floor":35,"turns":4},{"damage":35,"enemies":"Giant Head","floor":40,"turns":6},{"damage":0,"enemies":"3 Darklings","floor":41,"turns":2},{"damage":0,"enemies":"Transient","floor":42,"turns":6},{"damage":26,"enemies":"Sphere and 2 Shapes","floor":44,"turns":5},{"damage":0,"enemies":"Spire Growth","floor":46,"turns":4},{"damage":35,"enemies":"Transient","floor":47,"turns":6},{"damage":43,"enemies":"Reptomancer","floor":48,"turns":4},{"damage":56,"enemies":"Time Eater","floor":50,"turns":7},{"damage":67,"enemies":"Awakened One","floor":51,"turns":3}],"seed_played":"-768667686853113029","potions_obtained":[{"floor":6,"key":"PowerPotion"},{"floor":10,"key":"SpeedPotion"},{"floor":16,"key":"EssenceOfSteel"},{"floor":18,"key":"Weak Potion"},{"floor":29,"key":"Strength Potion"},{"floor":42,"key":"PowerPotion"},{"floor":47,"key":"SpeedPotion"},{"floor":48,"key":"Strength Potion"}],"is_trial":false,"path_per_floor":["M","M","?","M","M","E","T","R","T","?","M","E","M","M","R","B",null,"M","?","?","M","$","E","?","R","T","E","M","M","$","M","R","B",null,"M","?","$","?","$","E","M","M","T","M","R","M","M","E","R","B","B"],"character_chosen":"IRONCLAD","items_purchased":["ClockworkSouvenir","Sentinel","PanicButton","Pen Nib","Bottled Tornado","Spot Weakness","Ghostly Armor","Anchor","Bag of Preparation","Swift Potion","Evolve","Dexterity Potion"],"campfire_rested":4,"item_purchase_floors":[30,37,37,37,37,39,39,39,39,39,39,39],"current_hp_per_floor":[74,75,75,75,59,29,29,51,51,51,30,24,26,29,51,9,59,53,53,53,58,58,27,6,30,30,24,18,26,26,35,59,16,64,49,61,61,51,51,28,46,65,65,57,57,63,47,44,44,24,0],"gold":138,"neow_bonus":"THREE_ENEMY_KILL","is_prod":false,"is_daily":false,"chose_seed":false,"campfire_upgraded":1,"win_rate":0,"timestamp":1552945539,"path_taken":["M","?","?","?","M","E","?","R","T","?","M","E","?","M","R","BOSS","M","?","?","M","$","E","?","R","T","E","?","M","$","M","R","BOSS","M","?","$","?","$","E","M","M","T","M","R","?","M","E","R","BOSS","BOSS"],"build_version":"2019-01-23","purchased_purges":3,"victory":false,"max_hp_per_floor":[75,75,75,75,75,75,75,75,75,75,75,75,75,75,75,75,75,75,75,75,75,75,75,80,80,80,80,80,80,80,80,80,80,80,80,92,92,92,92,92,92,92,92,92,92,92,92,92,92,92,92],"card_choices":[{"not_picked":["Sword Boomerang","True Grit"],"picked":"Rampage","floor":1},{"not_picked":["Ghostly Armor","Flex"],"picked":"Anger","floor":2},{"not_picked":["True Grit","Clash"],"picked":"Flex","floor":4},{"not_picked":["Iron Wave","Burning Pact"],"picked":"Disarm","floor":5},{"not_picked":["Perfected Strike","Clash"],"picked":"Carnage","floor":6},{"not_picked":["Iron Wave","Sever Soul"],"picked":"Berserk","floor":11},{"not_picked":["Armaments","Pummel"],"picked":"Pommel Strike","floor":12},{"not_picked":["Warcry","Sword Boomerang"],"picked":"Headbutt","floor":13},{"not_picked":["Sword Boomerang","True Grit"],"picked":"Clothesline","floor":14},{"not_picked":["Juggernaut","Double Tap"],"picked":"Reaper","floor":16},{"not_picked":["Rampage","Perfected Strike","Iron Wave"],"picked":"SKIP","floor":18},{"not_picked":["Heavy Blade","Havoc","Rupture+1"],"picked":"SKIP","floor":21},{"not_picked":["Second Wind+1","Fire Breathing"],"picked":"Whirlwind","floor":23},{"not_picked":["Burning Pact","Wild Strike","Whirlwind"],"picked":"SKIP","floor":27},{"not_picked":["True Grit","Flex"],"picked":"Blood for Blood","floor":28},{"not_picked":["Warcry","Wild Strike"],"picked":"True Grit+1","floor":29},{"not_picked":["Warcry","Armaments"],"picked":"Corruption","floor":31},{"not_picked":["Juggernaut","Feed"],"picked":"Bludgeon","floor":33},{"not_picked":["Body Slam","Carnage","Anger"],"picked":"SKIP","floor":35},{"not_picked":["Jack Of All Trades","Blind"],"picked":"Master of Strategy","floor":38},{"not_picked":["Sword Boomerang","Immolate"],"picked":"Rage+1","floor":40},{"not_picked":["Headbutt+1","Pommel Strike","Clothesline"],"picked":"SKIP","floor":41},{"not_picked":["Pommel Strike+1","Anger"],"picked":"Warcry+1","floor":42},{"not_picked":["Perfected Strike","Clash+1","Iron Wave"],"picked":"SKIP","floor":44},{"not_picked":["Heavy Blade","Havoc"],"picked":"Limit Break","floor":46},{"not_picked":["Cleave+1","Headbutt+1"],"picked":"Heavy Blade+1","floor":47},{"not_picked":["Clothesline","Sword Boomerang","True Grit"],"picked":"SKIP","floor":48}],"player_experience":2107758,"relics_obtained":[{"floor":6,"key":"Sundial"},{"floor":7,"key":"Darkstone Periapt"},{"floor":9,"key":"Self Forming Clay"},{"floor":12,"key":"The Courier"},{"floor":23,"key":"Whetstone"},{"floor":26,"key":"Bronze Scales"},{"floor":27,"key":"Ancient Tea Set"},{"floor":40,"key":"Pantograph"},{"floor":48,"key":"Paper Frog"}],"event_choices":[{"damage_healed":0,"gold_gain":0,"player_choice":"Paid Gold","damage_taken":0,"relics_obtained":["Centennial Puzzle"],"max_hp_gain":0,"max_hp_loss":0,"event_name":"WeMeetAgain","floor":3,"gold_loss":107},{"damage_healed":0,"gold_gain":0,"player_choice":"Bought 1 Potion","damage_taken":0,"max_hp_gain":0,"max_hp_loss":0,"event_name":"The Woman in Blue","floor":10,"gold_loss":0},{"damage_healed":0,"gold_gain":0,"player_choice":"Read","damage_taken":0,"max_hp_gain":0,"max_hp_loss":0,"event_name":"The Library","floor":19,"gold_loss":0,"cards_obtained":["Shockwave"]},{"cards_removed":["Strike_R"],"damage_healed":0,"gold_gain":0,"player_choice":"Gave Gold","damage_taken":0,"max_hp_gain":0,"max_hp_loss":0,"event_name":"Beggar","floor":20,"gold_loss":75},{"damage_healed":0,"gold_gain":0,"player_choice":"Shed Blood","damage_taken":26,"max_hp_gain":5,"max_hp_loss":0,"event_name":"Forgotten Altar","floor":24,"gold_loss":0},{"damage_healed":0,"gold_gain":999,"player_choice":"Gold","damage_taken":0,"max_hp_gain":0,"max_hp_loss":0,"event_name":"MindBloom","floor":36,"gold_loss":0,"cards_obtained":["Normality","Normality"]},{"damage_healed":0,"gold_gain":0,"player_choice":"Memory 3","damage_taken":10,"max_hp_gain":0,"max_hp_loss":0,"event_name":"SensoryStone","floor":38,"gold_loss":0}],"is_beta":false,"boss_relics":[{"not_picked":["Orrery","Runic Cube"],"picked":"Snecko Eye"},{"not_picked":["Sozu","Black Blood"],"picked":"Pandora\u0027s Box"}],"items_purged_floors":[22,37,39],"is_endless":false,"potions_floor_spawned":[6,11,16,18,21,29,41,42,47,48],"killed_by":"Awakened One","ascension_level":20}