{"gold_per_floor":[117,117,128,144,27,53,53,78,78,78,97,97,116,131,131,131],"floor_reached":16,"playtime":572,"items_purged":[],"score":224,"play_id":"9a0efce1-48e7-4dd1-a128-27f88af4f99e","local_time":"20190303211556","is_ascension_mode":true,"campfire_choices":[{"floor":7,"key":"REST"},{"floor":10,"key":"REST"},{"floor":12,"key":"REST"},{"data":"1","floor":15,"key":"LIFT"}],"neow_cost":"NONE","seed_source_timestamp":1035357157959785,"circlet_count":0,"master_deck":["AscendersBane","Strike_R","Strike_R","Strike_R","Strike_R","Defend_R","Defend_R","Defend_R","Defend_R","Bash","Pommel Strike","Fire Breathing","Whirlwind","Intimidate","Fire Breathing","Sword Boomerang","Bludgeon","Disarm","Ghostly Armor","Shrug It Off"],"relics":["Burning Blood","NeowsBlessing","Girya","Letter Opener","Self Forming Clay"],"potions_floor_usage":[6,8,14],"damage_taken":[{"damage":0,"enemies":"Jaw Worm","floor":1,"turns":1},{"damage":0,"enemies":"Cultist","floor":3,"turns":1},{"damage":0,"enemies":"2 Louse","floor":4,"turns":1},{"damage":56,"enemies":"Gremlin Nob","floor":6,"turns":5},{"damage":45,"enemies":"Lagavulin","floor":8,"turns":7},{"damage":19,"enemies":"Gremlin Gang","floor":11,"turns":4},{"damage":22,"enemies":"Exordium Thugs","floor":13,"turns":6},{"damage":8,"enemies":"Exordium Wildlife","floor":14,"turns":2},{"damage":34,"enemies":"The Guardian","floor":16,"turns":2}],"seed_played":"-405333734171821732","potions_obtained":[{"floor":3,"key":"FearPotion"},{"floor":6,"key":"FearPotion"},{"floor":8,"key":"Energy Potion"},{"floor":13,"key":"SpeedPotion"}],"is_trial":false,"path_per_floor":["M","?","M","M","$","E","R","E","T","R","M","R","M","M","R","B"],"character_chosen":"IRONCLAD","items_purchased":["Intimidate","Fire Breathing"],"campfire_rested":3,"item_purchase_floors":[5,5],"current_hp_per_floor":[74,74,75,75,75,25,47,8,8,30,17,39,23,21,21,0],"gold":131,"neow_bonus":"THREE_ENEMY_KILL","is_prod":false,"is_daily":false,"chose_seed":false,"campfire_upgraded":0,"win_rate":0,"timestamp":1551644156,"path_taken":["M","?","?","M","?","E","R","E","T","R","M","R","?","M","R","BOSS"],"build_version":"2019-01-23","purchased_purges":0,"victory":false,"max_hp_per_floor":[75,75,75,75,75,75,75,75,75,75,75,75,75,75,75,75],"card_choices":[{"not_picked":["Body Slam","Havoc"],"picked":"Pommel Strike","floor":1},{"not_picked":["Wild Strike","Entrench"],"picked":"Fire Breathing","floor":3},{"not_picked":["Thunderclap","Disarm"],"picked":"Whirlwind","floor":4},{"not_picked":["Metallicize","Clash"],"picked":"Sword Boomerang","floor":6},{"not_picked":["Flex","Pommel Strike"],"picked":"Bludgeon","floor":8},{"not_picked":["Heavy Blade","True Grit"],"picked":"Disarm","floor":11},{"not_picked":["Heavy Blade","Power Through"],"picked":"Ghostly Armor","floor":13},{"not_picked":["Pummel","Corruption"],"picked":"Shrug It Off","floor":14}],"player_experience":1880647,"relics_obtained":[{"floor":6,"key":"Girya"},{"floor":8,"key":"Letter Opener"},{"floor":9,"key":"Self Forming Clay"}],"event_choices":[{"cards_removed":["Strike_R"],"damage_healed":0,"gold_gain":0,"player_choice":"Offered Basic","damage_taken":0,"max_hp_gain":0,"max_hp_loss":0,"event_name":"Bonfire Elementals","floor":2,"gold_loss":0}],"is_beta":false,"boss_relics":[],"items_purged_floors":[],"is_endless":false,"potions_floor_spawned":[3,6,8,13],"killed_by":"The Guardian","ascension_level":20}