{"gold_per_floor":[13,27,27,37,52,83,99,99,149,149,176,196,224,235,235,310,310,329,346,359,359,372,372,402,402,447,447,447,458,458,95,95,174,174,188,15,29,0,999,999,1009,1009,1089,1089,515,525,525,551,551,551],"floor_reached":50,"playtime":2992,"items_purged":["Normality"],"score":1099,"play_id":"6fec530f-60a9-4258-8549-1e9444652d74","local_time":"20190413223550","is_ascension_mode":true,"campfire_choices":[{"data":"Armaments","floor":8.0,"key":"SMITH"},{"data":"Immolate","floor":15.0,"key":"SMITH"},{"floor":23.0,"key":"REST"},{"data":"Heavy Blade","floor":27.0,"key":"SMITH"},{"data":"Shockwave","floor":30.0,"key":"SMITH"},{"floor":32.0,"key":"REST"},{"floor":40.0,"key":"RECALL"},{"floor":42.0,"key":"REST"},{"floor":47.0,"key":"REST"},{"floor":49.0,"key":"REST"}],"neow_cost":"NO_GOLD","seed_source_timestamp":348425527619738,"circlet_count":0,"master_deck":["AscendersBane","Defend_R+1","Defend_R","Defend_R+1","Defend_R","Bash","Twin Strike","Spot Weakness","Anger","Armaments+1","Battle Trance","Evolve","Immolate+1","Heavy Blade+1","Limit Break","Reckless Charge+1","Bludgeon+1","Seeing Red+1","Shockwave+1","Fiend Fire","Double Tap","Immolate","Intimidate+1","Normality","Master of Strategy","Feel No Pain"],"special_seed":0,"relics":["Burning Blood","Du-Vu Doll","Strawberry","Red Skull","Meat on the Bone","Regal Pillow","Astrolabe","Ornamental Fan","Vajra","ClockworkSouvenir","Fusion Hammer","Lantern","Red Mask","Blue Candle","Dodecahedron"],"potions_floor_usage":[50],"damage_taken":[{"damage":4.0,"enemies":"Small Slimes","floor":1.0,"turns":4.0},{"damage":12.0,"enemies":"Jaw Worm","floor":2.0,"turns":2.0},{"damage":0.0,"enemies":"Cultist","floor":4.0,"turns":3.0},{"damage":3.0,"enemies":"2 Fungi Beasts","floor":5.0,"turns":3.0},{"damage":8.0,"enemies":"Gremlin Nob","floor":6.0,"turns":3.0},{"damage":5.0,"enemies":"Blue Slaver","floor":7.0,"turns":2.0},{"damage":12.0,"enemies":"3 Sentries","floor":11.0,"turns":5.0},{"damage":1.0,"enemies":"Large Slime","floor":12.0,"turns":5.0},{"damage":28.0,"enemies":"Gremlin Nob","floor":13.0,"turns":4.0},{"damage":6.0,"enemies":"Exordium Wildlife","floor":14.0,"turns":3.0},{"damage":18.0,"enemies":"Slime Boss","floor":16.0,"turns":9.0},{"damage":0.0,"enemies":"Chosen","floor":18.0,"turns":3.0},{"damage":43.0,"enemies":"Shell Parasite","floor":19.0,"turns":5.0},{"damage":27.0,"enemies":"Centurion and Healer","floor":20.0,"turns":4.0},{"damage":1.0,"enemies":"Snecko","floor":22.0,"turns":2.0},{"damage":54.0,"enemies":"Gremlin Leader","floor":24.0,"turns":5.0},{"damage":13.0,"enemies":"Chosen and Byrds","floor":29.0,"turns":4.0},{"damage":34.0,"enemies":"Champ","floor":33.0,"turns":7.0},{"damage":13.0,"enemies":"3 Darklings","floor":35.0,"turns":2.0},{"damage":16.0,"enemies":"Orb Walker","floor":37.0,"turns":2.0},{"damage":40.0,"enemies":"Writhing Mass","floor":41.0,"turns":4.0},{"damage":11.0,"enemies":"4 Shapes","floor":46.0,"turns":4.0},{"damage":65.0,"enemies":"Giant Head","floor":48.0,"turns":7.0},{"damage":125,"enemies":"Awakened One","floor":50,"turns":7}],"seed_played":"-5982912524530346397","potions_obtained":[{"floor":2.0,"key":"GamblersBrew"},{"floor":5.0,"key":"SteroidPotion"},{"floor":7.0,"key":"SpeedPotion"},{"floor":14.0,"key":"Weak Potion"},{"floor":18.0,"key":"EssenceOfSteel"},{"floor":19.0,"key":"SpeedPotion"},{"floor":37.0,"key":"FearPotion"},{"floor":41.0,"key":"Fruit Juice"}],"is_trial":false,"path_per_floor":["M","M","?","M","M","E","M","R","T","?","E","M","E","M","R","B",null,"M","M","M","?","M","R","E","?","T","R","?","M","R","$","R","B",null,"M","$","M","?","?","R","M","R","T","?","$","M","R","E","R","B"],"character_chosen":"IRONCLAD","items_purchased":["ClockworkSouvenir","Double Tap","Lantern","Blue Candle","Master of Strategy","Feel No Pain"],"campfire_rested":5,"item_purchase_floors":[31,31,36,45,45,45],"current_hp_per_floor":[70,64,41,47,50,55,56,56,56,56,50,55,45,57,57,57,76,82,57,48,24,41,82,46,46,46,46,46,51,51,51,87,59,80,73,73,63,63,63,63,46,88,88,88,88,83,92,45,87,0],"gold":551,"neow_bonus":"ONE_RARE_RELIC","is_prod":false,"is_daily":false,"chose_seed":false,"campfire_upgraded":4,"win_rate":0,"timestamp":1555187750,"path_taken":["M","M","?","M","M","E","M","R","T","?","E","?","E","M","R","BOSS","M","M","M","?","M","R","E","?","T","R","?","?","R","$","R","BOSS","M","$","M","?","?","R","M","R","T","?","$","M","R","E","R","BOSS"],"build_version":"2019-01-23","purchased_purges":1,"victory":false,"max_hp_per_floor":[75,75,75,75,75,82,82,82,82,82,82,82,82,82,82,82,82,82,82,82,87,87,87,87,87,87,87,87,87,87,87,87,87,87,87,87,87,87,87,87,92,92,92,92,92,92,92,92,92,92],"card_choices":[{"not_picked":["Perfected Strike","Thunderclap"],"picked":"Twin Strike","floor":1.0},{"not_picked":["True Grit","Warcry","Perfected Strike"],"picked":"SKIP","floor":2.0},{"not_picked":["Clothesline","Ghostly Armor"],"picked":"Spot Weakness","floor":4.0},{"not_picked":["Flex","Bludgeon"],"picked":"Anger","floor":5.0},{"not_picked":["Body Slam","Cleave","Dual Wield"],"picked":"SKIP","floor":6.0},{"not_picked":["Clash","Clothesline"],"picked":"Armaments","floor":7.0},{"not_picked":["Clothesline","Dropkick"],"picked":"Battle Trance","floor":11.0},{"not_picked":["Dual Wield","Heavy Blade"],"picked":"Evolve","floor":12.0},{"not_picked":["Bloodletting","True Grit"],"picked":"Immolate","floor":13.0},{"not_picked":["Anger","Warcry"],"picked":"Heavy Blade","floor":14.0},{"not_picked":["Immolate","Exhume"],"picked":"Limit Break","floor":16.0},{"not_picked":["Warcry","Hemokinesis","Body Slam"],"picked":"SKIP","floor":18.0},{"not_picked":["Heavy Blade+1","True Grit"],"picked":"Seeing Red+1","floor":19.0},{"not_picked":["Corruption","Rage"],"picked":"Shockwave","floor":20.0},{"not_picked":["True Grit","Clash","Body Slam"],"picked":"SKIP","floor":22.0},{"not_picked":["Second Wind","Combust"],"picked":"Fiend Fire","floor":24.0},{"not_picked":["Wild Strike","Cleave","Warcry"],"picked":"SKIP","floor":29.0},{"not_picked":["Brutality","Dark Embrace"],"picked":"Immolate","floor":33.0},{"not_picked":["Rage","Anger","Iron Wave+1"],"picked":"SKIP","floor":35.0},{"not_picked":["Searing Blow","Pummel"],"picked":"Intimidate+1","floor":37.0},{"not_picked":["Armaments","Rupture","Inflame"],"picked":"SKIP","floor":41.0},{"not_picked":["Dropkick+1","Anger","Thunderclap"],"picked":"SKIP","floor":46.0},{"not_picked":["Power Through","Havoc+1","True Grit"],"picked":"SKIP","floor":48.0}],"player_experience":2483309,"relics_obtained":[{"floor":6.0,"key":"Strawberry"},{"floor":9.0,"key":"Red Skull"},{"floor":11.0,"key":"Meat on the Bone"},{"floor":13.0,"key":"Regal Pillow"},{"floor":24.0,"key":"Ornamental Fan"},{"floor":26.0,"key":"Vajra"},{"floor":48.0,"key":"Dodecahedron"}],"event_choices":[{"damage_healed":0.0,"max_hp_gain":0.0,"max_hp_loss":0.0,"gold_gain":0.0,"event_name":"Shining Light","player_choice":"Entered Light","floor":3.0,"gold_loss":0.0,"damage_taken":23.0,"cards_upgraded":["Defend_R","Defend_R"]},{"cards_removed":["Strike_R"],"damage_healed":0.0,"max_hp_gain":0.0,"max_hp_loss":0.0,"gold_gain":0.0,"event_name":"Bonfire Elementals","player_choice":"Offered Basic","floor":10.0,"gold_loss":0.0,"damage_taken":0.0},{"damage_healed":0.0,"max_hp_gain":5.0,"max_hp_loss":0.0,"gold_gain":0.0,"event_name":"Forgotten Altar","player_choice":"Shed Blood","floor":21.0,"gold_loss":0.0,"damage_taken":29.0},{"damage_healed":0.0,"max_hp_gain":0.0,"max_hp_loss":0.0,"gold_gain":0.0,"event_name":"Vampires","player_choice":"Ignored","floor":25.0,"gold_loss":0.0,"damage_taken":0.0},{"cards_removed":["Strike_R"],"damage_healed":0.0,"max_hp_gain":0.0,"max_hp_loss":0.0,"gold_gain":0.0,"event_name":"Back to Basics","player_choice":"Elegance","floor":28.0,"gold_loss":0.0,"damage_taken":0.0},{"damage_healed":0.0,"max_hp_gain":0.0,"max_hp_loss":0.0,"gold_gain":0.0,"event_name":"Tomb of Lord Red Mask","player_choice":"Paid","floor":38.0,"gold_loss":29.0,"damage_taken":0.0,"relics_obtained":["Red Mask"]},{"damage_healed":0.0,"max_hp_gain":0.0,"max_hp_loss":0.0,"gold_gain":999.0,"event_name":"MindBloom","player_choice":"Gold","floor":39.0,"gold_loss":0.0,"damage_taken":0.0,"cards_obtained":["Normality","Normality"]},{"cards_removed":["Combust"],"damage_healed":0.0,"max_hp_gain":0.0,"max_hp_loss":0.0,"gold_gain":0.0,"event_name":"Falling","player_choice":"Removed Power","floor":44.0,"gold_loss":0.0,"damage_taken":0.0}],"is_beta":false,"boss_relics":[{"not_picked":["Tiny House","Velvet Choker"],"picked":"Astrolabe"},{"not_picked":["White Beast Statue","Calling Bell"],"picked":"Fusion Hammer"}],"items_purged_floors":[45],"is_endless":false,"potions_floor_spawned":[2,5,7,14,18,19,29,37,41],"killed_by":"Awakened One","ascension_level":20}