{"gold_per_floor":[117,132,144,64,64,64,97,22,22,22,22,54,25,59,59,59],"floor_reached":16,"playtime":699,"items_purged":[],"score":232,"play_id":"519a525f-a43b-451b-95cc-d4692d17f117","local_time":"20190512160845","is_ascension_mode":true,"campfire_choices":[{"data":"Uppercut","floor":6,"key":"SMITH"},{"floor":11,"key":"DIG"},{"data":"Whirlwind","floor":15,"key":"SMITH"}],"neow_cost":"NONE","seed_source_timestamp":99710617512382,"circlet_count":0,"master_deck":["AscendersBane","Strike_R","Strike_R","Strike_R","Strike_R","Defend_R","Defend_R","Defend_R","Defend_R+1","Bash","Thunderclap","Pommel Strike","Shrug It Off","Uppercut+1","Inflame","Armaments+1","Cleave","Whirlwind+1"],"relics":["Burning Blood","Shovel","Charon\u0027s Ashes","Dream Catcher","War Paint","Juzu Bracelet"],"potions_floor_usage":[7,12,12],"damage_taken":[{"damage":5,"enemies":"2 Louse","floor":1,"turns":3},{"damage":11,"enemies":"Jaw Worm","floor":2,"turns":4},{"damage":2,"enemies":"Cultist","floor":3,"turns":4},{"damage":19,"enemies":"Gremlin Nob","floor":7,"turns":4},{"damage":27,"enemies":"Lagavulin","floor":12,"turns":5},{"damage":19,"enemies":"3 Sentries","floor":14,"turns":6},{"damage":35,"enemies":"The Guardian","floor":16,"turns":12}],"seed_played":"-4329604111872785761","potions_obtained":[{"floor":0,"key":"AttackPotion"},{"floor":0,"key":"Regen Potion"},{"floor":1,"key":"FearPotion"},{"floor":7,"key":"BloodPotion"}],"is_trial":false,"path_per_floor":["M","M","M","$","?","R","E","?","T","$","R","E","$","E","R","B"],"character_chosen":"IRONCLAD","items_purchased":["Uppercut","Cleave"],"campfire_rested":0,"item_purchase_floors":[4,13],"current_hp_per_floor":[69,64,68,68,73,73,60,60,60,60,60,47,47,34,34,0],"gold":59,"neow_bonus":"THREE_SMALL_POTIONS","is_prod":false,"is_daily":false,"chose_seed":false,"campfire_upgraded":2,"win_rate":0,"timestamp":1557670125,"path_taken":["M","M","M","$","?","R","E","?","T","?","R","E","$","E","R","BOSS"],"build_version":"2019-01-23","purchased_purges":0,"victory":false,"max_hp_per_floor":[75,75,75,75,80,80,80,80,80,80,80,80,80,80,80,80],"card_choices":[{"not_picked":["Headbutt","Entrench"],"picked":"Thunderclap","floor":1},{"not_picked":["Infernal Blade","Havoc"],"picked":"Pommel Strike","floor":2},{"not_picked":["Blood for Blood","Headbutt"],"picked":"Shrug It Off","floor":3},{"not_picked":["Flame Barrier","True Grit"],"picked":"Inflame","floor":7},{"not_picked":["Perfected Strike","Body Slam"],"picked":"Armaments","floor":12},{"not_picked":["Anger","Armaments"],"picked":"Whirlwind","floor":14}],"player_experience":2665710,"relics_obtained":[{"floor":7,"key":"Shovel"},{"floor":9,"key":"Charon\u0027s Ashes"},{"floor":11,"key":"Dream Catcher"},{"floor":12,"key":"War Paint"},{"floor":14,"key":"Juzu Bracelet"}],"event_choices":[{"damage_healed":0,"gold_gain":0,"player_choice":"Donut","damage_taken":0,"max_hp_gain":5,"max_hp_loss":0,"event_name":"Big Fish","floor":5,"gold_loss":0},{"cards_removed":["Strike_R"],"damage_healed":0,"gold_gain":0,"player_choice":"Card Removal","damage_taken":0,"max_hp_gain":0,"max_hp_loss":0,"event_name":"The Cleric","floor":8,"gold_loss":75}],"is_beta":false,"boss_relics":[],"items_purged_floors":[],"is_endless":false,"potions_floor_spawned":[1,7],"killed_by":"The Guardian","ascension_level":20}