{"gold_per_floor":[109,109,34,34,4,38,38,113,113,0,31,51,51,61,61,135,135,155,70,70,70,85,85,114,114,114,144,144,144,144,144,144,223,223,233,245,1,13,31,60,60,60,86,86,0,28,48,59,59,59,59,59,59,2,2],"floor_reached":55,"playtime":6414,"items_purged":["Strike_G"],"score":2059,"play_id":"8c3ab615-46cd-4ba6-baed-995fc9e314a5","local_time":"20190310215600","is_ascension_mode":true,"campfire_choices":[{"data":"After Image","floor":7.0,"key":"SMITH"},{"data":"Noxious Fumes","floor":13.0,"key":"SMITH"},{"data":"Neutralize","floor":15.0,"key":"SMITH"},{"data":"Envenom","floor":23.0,"key":"SMITH"},{"floor":25.0,"key":"REST"},{"data":"Well Laid Plans","floor":28.0,"key":"SMITH"},{"floor":30.0,"key":"RECALL"},{"floor":32.0,"key":"REST"},{"data":"Caltrops","floor":41.0,"key":"SMITH"},{"data":"Survivor","floor":44.0,"key":"SMITH"},{"data":"Footwork","floor":49.0,"key":"SMITH"},{"data":"Defend_G","floor":53.0,"key":"SMITH"}],"neow_cost":"NONE","seed_source_timestamp":0,"circlet_count":0,"master_deck":["AscendersBane","Defend_G","Defend_G","Defend_G","Defend_G+1","Defend_G","Strike_G","Strike_G","Strike_G","Survivor+1","Neutralize+1","All Out Attack","Dagger Spray","After Image+1","Well Laid Plans+1","Dagger Spray","Noxious Fumes+1","Cloak And Dagger+1","Caltrops+1","Envenom+1","Backstab","Ghostly+1","Ghostly+1","Ghostly+1","Prepared+1","Corpse Explosion+1","Acrobatics+1","Night Terror+1","Cloak And Dagger+1","Blade Dance+1","Night Terror+1","Cloak And Dagger+1","PiercingWail+1","Dodge and Roll+1","Footwork+1","Calculated Gamble+1"],"special_seed":0,"relics":["Ring of the Serpent","NeowsBlessing","Happy Flower","Dream Catcher","Kunai","Toxic Egg 2","Black Star","Strawberry","Meat on the Bone","Nunchaku","Potion Belt","Snake Skull","Omamori","Blood Vial","PreservedInsect","Mercury Hourglass","Oddly Smooth Stone","Red Mask","Bag of Marbles","Blue Candle"],"potions_floor_usage":[55,55,55],"damage_taken":[{"damage":0.0,"enemies":"Small Slimes","floor":1.0,"turns":1.0},{"damage":0.0,"enemies":"3 Sentries","floor":6.0,"turns":1.0},{"damage":0.0,"enemies":"Lagavulin","floor":11.0,"turns":1.0},{"damage":0.0,"enemies":"Jaw Worm","floor":12.0,"turns":3.0},{"damage":0.0,"enemies":"2 Louse","floor":14.0,"turns":3.0},{"damage":11.0,"enemies":"Hexaghost","floor":16.0,"turns":9.0},{"damage":14.0,"enemies":"Shell Parasite","floor":18.0,"turns":6.0},{"damage":19.0,"enemies":"3 Byrds","floor":22.0,"turns":5.0},{"damage":26.0,"enemies":"Slavers","floor":24.0,"turns":4.0},{"damage":4.0,"enemies":"Gremlin Leader","floor":27.0,"turns":7.0},{"damage":1.0,"enemies":"Champ","floor":33.0,"turns":16.0},{"damage":14.0,"enemies":"3 Shapes","floor":35.0,"turns":4.0},{"damage":0.0,"enemies":"Orb Walker","floor":36.0,"turns":4.0},{"damage":8.0,"enemies":"Sphere and 2 Shapes","floor":38.0,"turns":6.0},{"damage":2.0,"enemies":"Writhing Mass","floor":39.0,"turns":11.0},{"damage":0.0,"enemies":"Giant Head","floor":40.0,"turns":12.0},{"damage":1.0,"enemies":"Reptomancer","floor":46.0,"turns":8.0},{"damage":0.0,"enemies":"3 Darklings","floor":47.0,"turns":2.0},{"damage":0.0,"enemies":"Maw","floor":48.0,"turns":7.0},{"damage":8.0,"enemies":"Awakened One","floor":50.0,"turns":19.0},{"damage":8.0,"enemies":"Donu and Deca","floor":51.0,"turns":10.0},{"damage":44,"enemies":"Shield and Spear","floor":55,"turns":2}],"seed_played":"-7789557727202320601","potions_obtained":[{"floor":1.0,"key":"Poison Potion"},{"floor":11.0,"key":"SteroidPotion"},{"floor":14.0,"key":"LiquidBronze"},{"floor":27.0,"key":"Ancient Potion"},{"floor":33.0,"key":"Energy Potion"},{"floor":35.0,"key":"PowerPotion"},{"floor":38.0,"key":"Explosive Potion"},{"floor":47.0,"key":"Poison Potion"},{"floor":48.0,"key":"Block Potion"}],"is_trial":false,"path_per_floor":["M","?","?","?","$","E","R","?","T","$","E","M","R","M","R","B",null,"M","?","?","T","M","R","E","R","T","E","R","?","R","?","R","B",null,"M","M","$","M","M","E","R","?","T","R","?","E","M","M","R","B","B",null,"R","$","E"],"character_chosen":"THE_SILENT","items_purchased":["Dagger Spray","Well Laid Plans","Dagger Spray","PreservedInsect","Dexterity Potion"],"campfire_rested":2,"item_purchase_floors":[5,10,10,37,54],"current_hp_per_floor":[59,59,59,52,52,52,52,41,41,41,41,41,41,41,41,30,57,43,50,36,36,29,29,15,25,25,21,21,21,21,15,25,26,34,22,24,24,30,30,32,32,32,32,32,32,33,34,34,34,26,20,31,31,31,0],"gold":2,"neow_bonus":"THREE_ENEMY_KILL","is_prod":false,"is_daily":false,"chose_seed":false,"campfire_upgraded":9,"win_rate":0,"timestamp":1552251360,"path_taken":["M","?","?","?","$","E","R","?","T","$","E","M","R","M","R","BOSS","M","?","?","?","M","R","E","R","T","E","R","?","R","?","R","BOSS","M","M","$","M","?","E","R","?","T","R","?","E","M","M","R","BOSS","BOSS","R","$","E"],"build_version":"2019-01-23","purchased_purges":1,"victory":false,"max_hp_per_floor":[66,66,66,66,66,66,66,66,66,66,66,66,66,66,66,66,66,66,73,36,36,36,36,36,36,36,36,36,36,36,36,36,36,36,36,36,36,36,36,36,36,34,34,34,34,34,34,34,34,34,34,34,34,34,34],"card_choices":[{"not_picked":["Bane","Flying Knee"],"picked":"All Out Attack","floor":1.0},{"not_picked":["Terror","Blade Dance"],"picked":"After Image","floor":6.0},{"not_picked":["Masterful Stab","Endless Agony"],"picked":"Noxious Fumes","floor":11.0},{"not_picked":["Terror+1","Caltrops"],"picked":"Cloak And Dagger+1","floor":12.0},{"not_picked":["Setup+1","Underhanded Strike"],"picked":"Caltrops","floor":14.0},{"not_picked":["A Thousand Cuts","Grand Finale"],"picked":"Envenom","floor":16.0},{"not_picked":["Slice","Flying Knee"],"picked":"Backstab","floor":18.0},{"not_picked":["Underhanded Strike","Concentrate+1"],"picked":"Prepared+1","floor":22.0},{"not_picked":["Quick Slash+1","Acrobatics+1"],"picked":"Corpse Explosion+1","floor":24.0},{"not_picked":["Poisoned Stab","All Out Attack"],"picked":"Acrobatics+1","floor":25.0},{"not_picked":["Riddle With Holes","Slice"],"picked":"Night Terror+1","floor":27.0},{"not_picked":["Flying Knee+1","Bane"],"picked":"Blade Dance+1","floor":32.0},{"not_picked":["Tools of the Trade","Glass Knife"],"picked":"Night Terror+1","floor":33.0},{"not_picked":["Deadly Poison+1","Flechettes+1"],"picked":"Cloak And Dagger+1","floor":35.0},{"not_picked":["Choke","All Out Attack"],"picked":"PiercingWail+1","floor":36.0},{"not_picked":["Dash","Expertise+1"],"picked":"Dodge and Roll+1","floor":38.0},{"not_picked":["Sucker Punch","Deflect+1","Prepared+1"],"picked":"SKIP","floor":39.0},{"not_picked":["All Out Attack","Eviscerate","Quick Slash"],"picked":"SKIP","floor":40.0},{"not_picked":["Quick Slash","Masterful Stab+1","Poisoned Stab"],"picked":"SKIP","floor":46.0},{"not_picked":["Eviscerate","Riddle With Holes"],"picked":"Footwork","floor":47.0},{"not_picked":["Poisoned Stab+1","Backflip+1"],"picked":"Calculated Gamble+1","floor":48.0}],"player_experience":1984979,"relics_obtained":[{"floor":6.0,"key":"Dream Catcher"},{"floor":9.0,"key":"Kunai"},{"floor":11.0,"key":"Toxic Egg 2"},{"floor":21.0,"key":"Meat on the Bone"},{"floor":24.0,"key":"Nunchaku"},{"floor":24.0,"key":"Potion Belt"},{"floor":26.0,"key":"Snake Skull"},{"floor":27.0,"key":"Omamori"},{"floor":27.0,"key":"Blood Vial"},{"floor":40.0,"key":"Mercury Hourglass"},{"floor":40.0,"key":"Oddly Smooth Stone"},{"floor":46.0,"key":"Bag of Marbles"},{"floor":46.0,"key":"Blue Candle"}],"event_choices":[{"damage_healed":0.0,"max_hp_gain":0.0,"max_hp_loss":0.0,"gold_gain":0.0,"event_name":"Big Fish","player_choice":"Box","floor":2.0,"gold_loss":0.0,"damage_taken":0.0,"relics_obtained":["Happy Flower"],"cards_obtained":["Regret"]},{"cards_removed":["Regret"],"damage_healed":0.0,"max_hp_gain":0.0,"max_hp_loss":0.0,"gold_gain":0.0,"event_name":"The Cleric","player_choice":"Card Removal","floor":3.0,"gold_loss":75.0,"damage_taken":0.0},{"cards_removed":["Strike_G"],"damage_healed":0.0,"max_hp_gain":0.0,"max_hp_loss":0.0,"gold_gain":0.0,"event_name":"Golden Wing","player_choice":"Card Removal","floor":4.0,"gold_loss":0.0,"damage_taken":7.0},{"damage_healed":0.0,"max_hp_gain":0.0,"max_hp_loss":0.0,"gold_gain":75.0,"event_name":"World of Goop","player_choice":"Gather Gold","floor":8.0,"gold_loss":0.0,"damage_taken":11.0},{"damage_healed":0.0,"max_hp_gain":0.0,"max_hp_loss":0.0,"gold_gain":0.0,"event_name":"Addict","player_choice":"Obtained Relic","floor":19.0,"gold_loss":85.0,"damage_taken":0.0,"relics_obtained":["Strawberry"]},{"damage_healed":0.0,"max_hp_gain":0.0,"max_hp_loss":37.0,"gold_gain":0.0,"event_name":"Ghosts","player_choice":"Became a Ghost","floor":20.0,"gold_loss":0.0,"damage_taken":0.0,"cards_obtained":["Ghostly","Ghostly","Ghostly"]},{"damage_healed":0.0,"max_hp_gain":0.0,"max_hp_loss":0.0,"gold_gain":0.0,"event_name":"The Library","player_choice":"Read","floor":29.0,"gold_loss":0.0,"damage_taken":0.0,"cards_obtained":["Cloak And Dagger"]},{"damage_healed":0.0,"max_hp_gain":0.0,"max_hp_loss":0.0,"gold_gain":0.0,"event_name":"Knowing Skull","player_choice":"","floor":31.0,"potions_obtained":[],"gold_loss":0.0,"damage_taken":6.0,"cards_obtained":[]},{"damage_healed":0.0,"max_hp_gain":0.0,"max_hp_loss":2.0,"gold_gain":0.0,"event_name":"Winding Halls","player_choice":"Max HP","floor":42.0,"gold_loss":0.0,"damage_taken":0.0},{"damage_healed":0.0,"max_hp_gain":0.0,"max_hp_loss":0.0,"gold_gain":0.0,"event_name":"Tomb of Lord Red Mask","player_choice":"Paid","floor":45.0,"gold_loss":86.0,"damage_taken":0.0,"relics_obtained":["Red Mask"]}],"is_beta":false,"boss_relics":[{"not_picked":["Tiny House","HoveringKite"],"picked":"Black Star"},{"not_picked":["WristBlade","Runic Dome"],"picked":"Ring of the Serpent"}],"items_purged_floors":[37],"is_endless":false,"potions_floor_spawned":[1,11,14,27,33,35,38,47,48],"killed_by":"Shield and Spear","ascension_level":20}