{"gold_per_floor":[117,130,146,162,177,177,187,220,247,260,291,291,291,325,325,397,397,413,432,442,22,35,35,51,51,51,51,86,96,96,107,107,182,182,198,34,34,34,82,82,92,17,17,17,17,36,54,72,72,72],"floor_reached":51,"playtime":2231,"items_purged":["Deflect"],"score":1574,"play_id":"7b178ac0-e621-4ebe-aa22-0218b48c5389","local_time":"20180823234302","is_ascension_mode":true,"campfire_choices":[{"data":"Neutralize","floor":6.0,"key":"SMITH"},{"data":"Cloak And Dagger","floor":12.0,"key":"SMITH"},{"data":"Terror","floor":15.0,"key":"SMITH"},{"data":"Cloak And Dagger","floor":23.0,"key":"SMITH"},{"data":"Calculated Gamble","floor":25.0,"key":"SMITH"},{"data":"Malaise","floor":27.0,"key":"SMITH"},{"data":"Noxious Fumes","floor":30.0,"key":"SMITH"},{"data":"Sucker Punch","floor":32.0,"key":"SMITH"},{"data":"A Thousand Cuts","floor":40.0,"key":"SMITH"},{"data":"Footwork","floor":45.0,"key":"SMITH"},{"floor":49.0,"key":"REST"}],"neow_cost":"NONE","seed_source_timestamp":0,"circlet_count":0,"master_deck":["Survivor","Neutralize+1","AscendersBane","All Out Attack","Backstab","Terror+1","Cloak And Dagger+1","Backstab","Backstab","All Out Attack","Backstab","Malaise+1","Quick Slash","Bane","Bane","Backflip","Underhanded Strike","Dash","Dagger Spray","Sucker Punch+1","Escape Plan","Distraction+1","Calculated Gamble+1","Cloak And Dagger+1","Noxious Fumes+1","Backflip","Glass Knife","Backflip","Poisoned Stab","Corpse Explosion","Footwork+1","A Thousand Cuts+1","Magnetism","Magnetism","Backflip","Bouncing Flask+1","Writhe","Footwork+1","Catalyst+1"],"special_seed":0,"relics":["Ring of the Snake","Whetstone","Bag of Marbles","Snake Skull","Question Card","Bag of Preparation","Pandora\u0027s Box","Du-Vu Doll","Pear","Art of War","Snecko Eye","Shovel","Thread and Needle"],"potions_floor_usage":[50,50],"damage_taken":[{"damage":1.0,"enemies":"2 Louse","floor":1.0,"turns":3.0},{"damage":1.0,"enemies":"Jaw Worm","floor":2.0,"turns":3.0},{"damage":1.0,"enemies":"Cultist","floor":3.0,"turns":3.0},{"damage":0.0,"enemies":"Gremlin Gang","floor":4.0,"turns":2.0},{"damage":3.0,"enemies":"Blue Slaver","floor":5.0,"turns":4.0},{"damage":3.0,"enemies":"Looter","floor":7.0,"turns":3.0},{"damage":0.0,"enemies":"Lagavulin","floor":8.0,"turns":2.0},{"damage":0.0,"enemies":"3 Louse","floor":10.0,"turns":1.0},{"damage":0.0,"enemies":"Gremlin Nob","floor":11.0,"turns":2.0},{"damage":5.0,"enemies":"Lagavulin","floor":14.0,"turns":3.0},{"damage":20.0,"enemies":"The Guardian","floor":16.0,"turns":12.0},{"damage":0.0,"enemies":"Chosen","floor":18.0,"turns":2.0},{"damage":0.0,"enemies":"3 Byrds","floor":19.0,"turns":4.0},{"damage":0.0,"enemies":"Centurion and Healer","floor":20.0,"turns":3.0},{"damage":0.0,"enemies":"3 Cultists","floor":22.0,"turns":2.0},{"damage":0.0,"enemies":"Chosen and Byrds","floor":24.0,"turns":3.0},{"damage":0.0,"enemies":"Gremlin Leader","floor":28.0,"turns":2.0},{"damage":0.0,"enemies":"Snake Plant","floor":29.0,"turns":1.0},{"damage":0.0,"enemies":"Snecko","floor":31.0,"turns":2.0},{"damage":34.0,"enemies":"Champ","floor":33.0,"turns":10.0},{"damage":12.0,"enemies":"3 Shapes","floor":35.0,"turns":4.0},{"damage":5.0,"enemies":"Mysterious Sphere","floor":39.0,"turns":2.0},{"damage":0.0,"enemies":"3 Darklings","floor":41.0,"turns":2.0},{"damage":0.0,"enemies":"4 Shapes","floor":46.0,"turns":1.0},{"damage":28.0,"enemies":"Transient","floor":47.0,"turns":6.0},{"damage":0.0,"enemies":"Spire Growth","floor":48.0,"turns":3.0},{"damage":45,"enemies":"Time Eater","floor":50,"turns":7}],"seed_played":"-7674091932989465058","potions_obtained":[{"floor":3.0,"key":"Explosive Potion"},{"floor":5.0,"key":"SteroidPotion"},{"floor":7.0,"key":"Swift Potion"},{"floor":10.0,"key":"SkillPotion"},{"floor":11.0,"key":"Fire Potion"},{"floor":18.0,"key":"Fire Potion"},{"floor":19.0,"key":"GhostInAJar"},{"floor":31.0,"key":"SkillPotion"},{"floor":33.0,"key":"Dexterity Potion"},{"floor":35.0,"key":"PowerPotion"}],"is_trial":false,"path_per_floor":["M","M","M","M","M","R","M","E","T","M","E","R","?","E","R","B",null,"M","M","M","$","M","R","M","R","T","R","E","M","R","M","R","B",null,"M","$","?","$","?","R","M","$","T","?","R","M","M","M","R","B"],"character_chosen":"THE_SILENT","items_purchased":["Du-Vu Doll","Noxious Fumes","A Thousand Cuts"],"campfire_rested":1,"item_purchase_floors":[21,21,36],"current_hp_per_floor":[58,57,56,56,53,53,50,50,50,50,50,50,50,45,45,25,56,56,56,56,56,56,56,56,56,66,66,66,66,66,66,66,32,65,53,53,48,48,43,43,43,43,43,58,58,58,30,30,52,7],"gold":72,"neow_bonus":"RANDOM_COMMON_RELIC","is_prod":false,"is_daily":false,"chose_seed":false,"campfire_upgraded":10,"win_rate":0,"timestamp":1535060582,"path_taken":["M","M","M","M","M","R","M","E","T","M","E","R","?","E","R","BOSS","M","M","?","$","M","R","M","R","T","R","E","M","R","M","R","BOSS","M","$","?","$","?","R","?","?","T","?","R","M","M","M","R","BOSS"],"build_version":"2018-08-23","purchased_purges":1,"victory":true,"max_hp_per_floor":[66,66,66,66,66,66,66,66,66,66,66,66,66,66,66,66,66,66,66,66,66,66,66,66,66,76,76,76,76,76,76,76,76,76,76,76,76,76,76,76,76,76,76,76,76,76,76,76,76,76],"card_choices":[{"not_picked":["Acrobatics","Caltrops","Prepared"],"picked":"SKIP","floor":1.0},{"not_picked":["Finisher","Dagger Throw"],"picked":"All Out Attack","floor":2.0},{"not_picked":["Backflip","Caltrops"],"picked":"Backstab","floor":3.0},{"not_picked":["Slice","Quick Slash"],"picked":"Terror","floor":4.0},{"not_picked":["Caltrops","Tactician"],"picked":"Cloak And Dagger","floor":5.0},{"not_picked":["Setup","Storm of Steel"],"picked":"Backstab","floor":7.0},{"not_picked":["Heel Hook","Expertise"],"picked":"Backstab","floor":8.0},{"not_picked":["Deflect","Cloak And Dagger"],"picked":"All Out Attack","floor":10.0},{"not_picked":["Eviscerate","Poisoned Stab","Quick Slash"],"picked":"SKIP","floor":11.0},{"not_picked":["Reflex","Deadly Poison","Deflect"],"picked":"Backstab","floor":14.0},{"not_picked":["Tools of the Trade","Bullet Time","Adrenaline"],"picked":"Malaise","floor":16.0},{"not_picked":["Finisher","Dagger Throw","Bane"],"picked":"Distraction+1","floor":18.0},{"not_picked":["Blur","Dodge and Roll","Expertise"],"picked":"Calculated Gamble","floor":19.0},{"not_picked":["PiercingWail","Dagger Throw","Endless Agony"],"picked":"Cloak And Dagger","floor":20.0},{"not_picked":["Sucker Punch","Underhanded Strike","Dagger Spray"],"picked":"Backflip","floor":22.0},{"not_picked":["Deadly Poison","Dagger Spray","Cloak And Dagger"],"picked":"Glass Knife","floor":24.0},{"not_picked":["Accuracy","Dagger Throw","Crippling Poison"],"picked":"Backflip","floor":28.0},{"not_picked":["Prepared","Outmaneuver","Quick Slash","Flying Knee"],"picked":"SKIP","floor":29.0},{"not_picked":["PiercingWail","Underhanded Strike","Blade Dance"],"picked":"Poisoned Stab","floor":31.0},{"not_picked":["Malaise","Tools of the Trade","Phantasmal Killer"],"picked":"Corpse Explosion","floor":33.0},{"not_picked":["Backflip","Predator+1","Concentrate"],"picked":"Footwork","floor":35.0},{"not_picked":["Discovery","Secret Technique","Flash of Steel"],"picked":"Magnetism","floor":37.0},{"not_picked":["Madness","Master of Strategy","Dramatic Entrance"],"picked":"Magnetism","floor":37.0},{"not_picked":["Cloak And Dagger+1","Poisoned Stab","Flying Knee+1"],"picked":"Backflip","floor":39.0},{"not_picked":["Caltrops+1","Sucker Punch","Outmaneuver"],"picked":"Bouncing Flask+1","floor":41.0},{"not_picked":["Backflip+1","Eviscerate","Reflex+1"],"picked":"Footwork+1","floor":46.0},{"not_picked":["Prepared","Masterful Stab","Slice+1","Glass Knife"],"picked":"SKIP","floor":47.0},{"not_picked":["Deflect+1","Deadly Poison","All Out Attack+1"],"picked":"Catalyst+1","floor":48.0}],"player_experience":927070,"relics_obtained":[{"floor":8.0,"key":"Bag of Marbles"},{"floor":9.0,"key":"Snake Skull"},{"floor":11.0,"key":"Question Card"},{"floor":14.0,"key":"Bag of Preparation"},{"floor":26.0,"key":"Pear"},{"floor":28.0,"key":"Art of War"},{"floor":39.0,"key":"Shovel"},{"floor":43.0,"key":"Thread and Needle"}],"event_choices":[{"event_name":"Liars Game","player_choice":"disagreed","floor":13.0,"damage_taken":0.0},{"event_name":"SensoryStone","player_choice":"Memory 2","floor":37.0,"damage_taken":0.0},{"event_name":"Mysterious Sphere","player_choice":"Fight","floor":39.0,"damage_taken":0.0},{"event_name":"Winding Halls","player_choice":"Writhe","floor":44.0,"damage_taken":0.0}],"is_beta":true,"boss_relics":[{"not_picked":["Eternal Feather","Black Star"],"picked":"Pandora\u0027s Box"},{"not_picked":["Velvet Choker","Runic Pyramid"],"picked":"Snecko Eye"}],"items_purged_floors":[42],"is_endless":false,"potions_floor_spawned":[3,5,7,10,11,18,19,31,33,35,39,46,48],"ascension_level":19}