{"gold_per_floor":[114,127,147,72,92,120,132,92],"floor_reached":8,"playtime":516,"items_purged":[],"score":120,"play_id":"c60f453a-c9ea-44ac-bbef-7aec9edcab73","local_time":"20190310223634","is_ascension_mode":true,"campfire_choices":[],"neow_cost":"NONE","seed_source_timestamp":107306398675259,"circlet_count":0,"master_deck":["AscendersBane","Defend_G","Defend_G","Defend_G","Defend_G","Defend_G","Strike_G","Strike_G","Strike_G","Strike_G","Survivor","Neutralize","Poisoned Stab","PiercingWail","Quick Slash","Skewer"],"relics":["Ring of the Snake","NeowsBlessing","Bronze Scales"],"potions_floor_usage":[6,6,6],"damage_taken":[{"damage":0,"enemies":"Cultist","floor":1,"turns":1},{"damage":0,"enemies":"Small Slimes","floor":2,"turns":1},{"damage":0,"enemies":"2 Louse","floor":3,"turns":1},{"damage":4,"enemies":"2 Fungi Beasts","floor":5,"turns":5},{"damage":48,"enemies":"3 Sentries","floor":6,"turns":15},{"damage":0,"enemies":"Blue Slaver","floor":7,"turns":5},{"damage":15,"enemies":"Exordium Thugs","floor":8,"turns":4}],"seed_played":"-7433589813318214794","potions_obtained":[{"floor":2,"key":"GamblersBrew"},{"floor":3,"key":"Weak Potion"},{"floor":6,"key":"Fruit Juice"}],"is_trial":false,"path_per_floor":["M","M","M","?","M","E","M","M"],"character_chosen":"THE_SILENT","items_purchased":[],"campfire_rested":0,"item_purchase_floors":[],"current_hp_per_floor":[59,59,59,59,55,12,12,0],"gold":92,"neow_bonus":"THREE_ENEMY_KILL","is_prod":false,"is_daily":false,"chose_seed":false,"campfire_upgraded":0,"win_rate":0,"timestamp":1552253794,"path_taken":["M","M","?","?","M","E","M","M"],"build_version":"2019-01-23","purchased_purges":0,"victory":false,"max_hp_per_floor":[66,66,66,66,66,71,71,71],"card_choices":[{"not_picked":["Backflip","Slice","Cloak And Dagger"],"picked":"SKIP","floor":1},{"not_picked":["Finisher","Endless Agony"],"picked":"Poisoned Stab","floor":2},{"not_picked":["Deflect","Cloak And Dagger"],"picked":"PiercingWail","floor":3},{"not_picked":["Choke","Sucker Punch"],"picked":"Quick Slash","floor":5},{"not_picked":["Acrobatics","Distraction","Quick Slash"],"picked":"SKIP","floor":6},{"not_picked":["Backflip","Acrobatics"],"picked":"Skewer","floor":7}],"player_experience":1992735,"relics_obtained":[{"floor":6,"key":"Bronze Scales"}],"event_choices":[{"cards_removed":["Strike_G"],"damage_healed":0,"gold_gain":0,"player_choice":"Card Removal","damage_taken":0,"max_hp_gain":0,"max_hp_loss":0,"event_name":"The Cleric","floor":4,"gold_loss":75}],"is_beta":false,"boss_relics":[],"items_purged_floors":[],"is_endless":false,"potions_floor_spawned":[2,3,6],"killed_by":"Exordium Thugs","ascension_level":20}