{"gold_per_floor":[113,113,113,133,283,316,13,28,28,91,107,107,148,169,169,265,265,285,200,200],"floor_reached":20,"playtime":1013,"items_purged":["Doubt"],"score":464,"play_id":"228b6c10-2d96-4247-8e70-c278148c9bf9","local_time":"20190408195413","is_ascension_mode":true,"campfire_choices":[{"floor":12,"key":"REST"},{"data":"Apotheosis","floor":15,"key":"SMITH"}],"neow_cost":"NONE","seed_source_timestamp":430720590761838,"circlet_count":0,"master_deck":["AscendersBane","Strike_B","Strike_B","Strike_B","Strike_B","Defend_B","Defend_B","Defend_B+1","Defend_B+1","Zap","Dualcast","Melter","Ball Lightning","Darkness","Apotheosis+1","Coolheaded","Reinforced Body","Glacier","Coolheaded","Reboot","Go for the Eyes"],"relics":["Cracked Core","NeowsBlessing","Golden Idol","StoneCalendar","Bottled Flame","Matryoshka","Busted Crown","Calipers"],"potions_floor_usage":[20,20],"damage_taken":[{"damage":0,"enemies":"Small Slimes","floor":1,"turns":1},{"damage":0,"enemies":"Jaw Worm","floor":4,"turns":1},{"damage":0,"enemies":"3 Sentries","floor":6,"turns":1},{"damage":7,"enemies":"2 Louse","floor":8,"turns":2},{"damage":0,"enemies":"Large Slime","floor":11,"turns":3},{"damage":0,"enemies":"Lagavulin","floor":13,"turns":6},{"damage":0,"enemies":"Exordium Wildlife","floor":14,"turns":2},{"damage":24,"enemies":"The Guardian","floor":16,"turns":11},{"damage":15,"enemies":"Chosen","floor":18,"turns":6},{"damage":60,"enemies":"Masked Bandits","floor":20,"turns":3}],"seed_played":"-4870760745089365953","potions_obtained":[{"floor":6,"key":"Ancient Potion"},{"floor":8,"key":"FearPotion"},{"floor":18,"key":"Block Potion"}],"is_trial":false,"path_per_floor":["M","?","?","M","?","E","$","M","T","?","M","R","E","M","R","B",null,"M","?","?"],"character_chosen":"DEFECT","items_purchased":["Apotheosis","Coolheaded"],"campfire_rested":1,"item_purchase_floors":[7,7],"current_hp_per_floor":[64,40,19,19,19,19,19,12,12,12,12,33,33,33,33,9,56,41,41,0],"gold":200,"neow_bonus":"THREE_ENEMY_KILL","is_prod":false,"is_daily":false,"chose_seed":false,"campfire_upgraded":1,"win_rate":0,"timestamp":1554746053,"path_taken":["M","?","?","M","?","E","$","M","T","?","?","R","E","M","R","BOSS","M","?","?"],"build_version":"2019-01-23","purchased_purges":1,"victory":false,"max_hp_per_floor":[71,71,71,71,71,71,71,71,71,71,71,71,71,71,71,71,71,71,71,71],"card_choices":[{"not_picked":["Stack","Darkness"],"picked":"Melter","floor":1},{"not_picked":["Streamline","Barrage"],"picked":"Ball Lightning","floor":4},{"not_picked":["Redo","Scrape"],"picked":"Darkness","floor":6},{"not_picked":["Stack","Compile Driver"],"picked":"Reinforced Body","floor":8},{"not_picked":["Leap","Stack"],"picked":"Glacier","floor":11},{"not_picked":["Doom and Gloom","BootSequence"],"picked":"Coolheaded","floor":13},{"not_picked":["Beam Cell","Hologram","Meteor Strike"],"picked":"SKIP","floor":14},{"not_picked":["Amplify","All For One"],"picked":"Reboot","floor":16},{"not_picked":[],"picked":"Go for the Eyes","floor":18}],"player_experience":2451782,"relics_obtained":[{"floor":6,"key":"StoneCalendar"},{"floor":9,"key":"Bottled Flame"},{"floor":13,"key":"Matryoshka"}],"event_choices":[{"damage_healed":0,"gold_gain":0,"player_choice":"Take Damage","damage_taken":24,"relics_obtained":["Golden Idol"],"max_hp_gain":0,"max_hp_loss":0,"event_name":"Golden Idol","floor":2,"gold_loss":0},{"damage_healed":0,"gold_gain":0,"player_choice":"Entered Light","damage_taken":21,"max_hp_gain":0,"max_hp_loss":0,"event_name":"Shining Light","floor":3,"gold_loss":0,"cards_upgraded":["Defend_B","Defend_B"]},{"damage_healed":0,"gold_gain":150,"player_choice":"AGREE","damage_taken":0,"max_hp_gain":0,"max_hp_loss":0,"event_name":"Liars Game","floor":5,"gold_loss":0,"cards_obtained":["Doubt"]},{"damage_healed":0,"gold_gain":63,"player_choice":"Gained Gold","damage_taken":0,"max_hp_gain":0,"max_hp_loss":0,"event_name":"Golden Wing","floor":10,"gold_loss":0},{"damage_healed":0,"gold_gain":0,"player_choice":"Obtained Relic","damage_taken":0,"relics_obtained":["Calipers"],"max_hp_gain":0,"max_hp_loss":0,"event_name":"Addict","floor":19,"gold_loss":85},{"damage_healed":0,"gold_gain":0,"player_choice":"Fought Bandits","damage_taken":0,"max_hp_gain":0,"max_hp_loss":0,"event_name":"Masked Bandits","floor":20,"gold_loss":0}],"is_beta":false,"boss_relics":[{"not_picked":["Empty Cage","FrozenCore"],"picked":"Busted Crown"}],"items_purged_floors":[7],"is_endless":false,"potions_floor_spawned":[6,8,14,18],"killed_by":"Masked Bandits","ascension_level":20}