{"gold_per_floor":[118,133,150,168,185,214,214,139,188,188,198,198,217,117,117,189,189,202,1,1,12,26,26,26,26,26,26,26,38,57,57,57,135,135,146,57,57,71,171,197,211,211,211,230,264,264,54,73,73,73,73,73,73,73,107,107],"floor_reached":57,"playtime":6285,"items_purged":["Strike_G","Strike_G","Deflect"],"score":3263,"play_id":"4f181c14-cf4c-4324-9cac-1eff991a265f","local_time":"20181126081055","is_ascension_mode":true,"campfire_choices":[{"data":"Neutralize","floor":7.0,"key":"SMITH"},{"data":"Footwork","floor":10.0,"key":"SMITH"},{"data":"Footwork","floor":12.0,"key":"SMITH"},{"data":"Wraith Form v2","floor":15.0,"key":"SMITH"},{"data":"Backflip","floor":24.0,"key":"SMITH"},{"floor":27.0,"key":"REST"},{"data":"Backflip","floor":32.0,"key":"SMITH"},{"floor":42.0,"key":"RECALL"},{"data":"Sucker Punch","floor":46.0,"key":"SMITH"},{"floor":49.0,"key":"REST"},{"data":"Dash","floor":53.0,"key":"SMITH"}],"neow_cost":"NONE","seed_source_timestamp":0,"circlet_count":0,"master_deck":["AscendersBane","Survivor","Neutralize+1","Quick Slash","All Out Attack","Flying Knee","Footwork+1","Wraith Form v2+1","Underhanded Strike","Footwork+1","Underhanded Strike","Night Terror","Backflip+1","Dash","Storm of Steel","Necronomicurse","Backflip+1","Bullet Time","Dodge and Roll","Sucker Punch+1","Backstab","Dodge and Roll","Dagger Spray","Backflip","Predator","Backflip","Dash+1","Predator","Predator","Well Laid Plans","Terror"],"special_seed":0,"relics":["White Beast Statue","Bottled Flame","Snecko Eye","Bag of Marbles","Necronomicon","Meat on the Bone","Pandora\u0027s Box","FossilizedHelix","Singing Bowl","Paper Crane","Art of War","Blue Candle"],"potions_floor_usage":[56,56,56,56],"damage_taken":[{"damage":7.0,"enemies":"Cultist","floor":1.0,"turns":5.0},{"damage":4.0,"enemies":"Jaw Worm","floor":2.0,"turns":4.0},{"damage":9.0,"enemies":"2 Louse","floor":3.0,"turns":2.0},{"damage":1.0,"enemies":"2 Fungi Beasts","floor":4.0,"turns":4.0},{"damage":6.0,"enemies":"Blue Slaver","floor":5.0,"turns":4.0},{"damage":11.0,"enemies":"3 Sentries","floor":6.0,"turns":8.0},{"damage":6.0,"enemies":"Large Slime","floor":11.0,"turns":7.0},{"damage":3.0,"enemies":"Exordium Wildlife","floor":13.0,"turns":4.0},{"damage":20.0,"enemies":"The Guardian","floor":16.0,"turns":15.0},{"damage":2.0,"enemies":"Chosen","floor":18.0,"turns":9.0},{"damage":11.0,"enemies":"Shell Parasite","floor":21.0,"turns":3.0},{"damage":7.0,"enemies":"Snecko","floor":22.0,"turns":6.0},{"damage":0.0,"enemies":"Cultist and Chosen","floor":29.0,"turns":6.0},{"damage":11.0,"enemies":"Snake Plant","floor":30.0,"turns":7.0},{"damage":32.0,"enemies":"Automaton","floor":33.0,"turns":18.0},{"damage":0.0,"enemies":"Orb Walker","floor":35.0,"turns":5.0},{"damage":2.0,"enemies":"3 Darklings","floor":38.0,"turns":4.0},{"damage":0.0,"enemies":"Mind Bloom Boss Battle","floor":39.0,"turns":6.0},{"damage":26.0,"enemies":"Reptomancer","floor":40.0,"turns":9.0},{"damage":0.0,"enemies":"Writhing Mass","floor":41.0,"turns":9.0},{"damage":0.0,"enemies":"Sphere and 2 Shapes","floor":44.0,"turns":4.0},{"damage":0.0,"enemies":"Nemesis","floor":45.0,"turns":9.0},{"damage":0.0,"enemies":"Jaw Worm Horde","floor":48.0,"turns":2.0},{"damage":24.0,"enemies":"Donu and Deca","floor":50.0,"turns":15.0},{"damage":23.0,"enemies":"Awakened One","floor":51.0,"turns":28.0},{"damage":35.0,"enemies":"Shield and Spear","floor":55.0,"turns":7.0},{"damage":31,"enemies":"The Heart","floor":56,"turns":11}],"seed_played":"-4160981441759038360","potions_obtained":[{"floor":1.0,"key":"SmokeBomb"},{"floor":2.0,"key":"LiquidBronze"},{"floor":3.0,"key":"SteroidPotion"},{"floor":4.0,"key":"Poison Potion"},{"floor":6.0,"key":"Poison Potion"},{"floor":11.0,"key":"Regen Potion"},{"floor":13.0,"key":"Fire Potion"},{"floor":16.0,"key":"PowerPotion"},{"floor":18.0,"key":"Explosive Potion"},{"floor":21.0,"key":"Dexterity Potion"},{"floor":29.0,"key":"Weak Potion"},{"floor":33.0,"key":"Strength Potion"},{"floor":35.0,"key":"PowerPotion"},{"floor":38.0,"key":"Dexterity Potion"},{"floor":39.0,"key":"Strength Potion"},{"floor":40.0,"key":"Dexterity Potion"},{"floor":45.0,"key":"SteroidPotion"},{"floor":48.0,"key":"Strength Potion"},{"floor":55.0,"key":"EntropicBrew"}],"is_trial":false,"path_per_floor":["M","M","M","M","M","E","R","$","T","R","M","R","M","$","R","B",null,"M","$","?","M","M","?","R","?","T","R","$","M","M","?","R","B",null,"M","$","?","M","?","E","M","R","T","M","E","R","$","M","R","B","B",null,"R","$","E","B",null],"character_chosen":"THE_SILENT","items_purchased":["Dash","Bag of Marbles","Predator","Predator"],"campfire_rested":2,"item_purchase_floors":[19,19,36,47],"current_hp_per_floor":[52,48,39,38,32,21,21,21,21,21,15,15,12,12,12,7,51,49,49,49,38,31,31,31,10,10,29,29,41,42,42,42,22,55,55,55,55,53,53,39,41,41,41,43,45,45,45,45,66,42,31,62,62,62,39,20],"gold":107,"neow_bonus":"BOSS_RELIC","is_prod":false,"is_daily":false,"chose_seed":false,"campfire_upgraded":8,"win_rate":0,"timestamp":1543216255,"path_taken":["M","M","?","M","M","E","R","$","T","R","M","R","M","$","R","BOSS","M","$","?","M","M","?","R","?","T","R","?","?","M","?","R","BOSS","M","$","?","M","?","E","M","R","T","M","E","R","?","?","R","BOSS","BOSS","R","$","E","BOSS"],"build_version":"2018-11-15","purchased_purges":3,"victory":true,"max_hp_per_floor":[66,66,66,66,66,66,66,66,66,66,66,66,66,66,66,66,66,66,66,66,66,66,66,66,66,66,66,66,66,66,66,66,66,66,66,66,66,66,66,66,68,68,68,70,72,72,72,72,72,72,72,72,72,72,72,72],"card_choices":[{"not_picked":["Dagger Throw","Blade Dance"],"picked":"Quick Slash","floor":1.0},{"not_picked":["Calculated Gamble","Backflip"],"picked":"All Out Attack","floor":2.0},{"not_picked":["Bane","Acrobatics"],"picked":"Flying Knee","floor":3.0},{"not_picked":["Backstab","Underhanded Strike"],"picked":"Footwork","floor":4.0},{"not_picked":["Deflect","Flying Knee"],"picked":"Wraith Form v2","floor":5.0},{"not_picked":["Prepared","Slice"],"picked":"Underhanded Strike","floor":6.0},{"not_picked":["Well Laid Plans","Venomology"],"picked":"Footwork","floor":11.0},{"not_picked":["Flying Knee","Noxious Fumes"],"picked":"Underhanded Strike","floor":13.0},{"not_picked":["Tools of the Trade","Malaise"],"picked":"Night Terror","floor":16.0},{"not_picked":["Infinite Blades","Dagger Throw+1"],"picked":"Backflip","floor":18.0},{"not_picked":["Dodge and Roll","Concentrate","Accuracy"],"picked":"SKIP","floor":21.0},{"not_picked":["Dagger Throw","Endless Agony","Outmaneuver"],"picked":"SKIP","floor":22.0},{"not_picked":["Dagger Spray","Masterful Stab","Blade Dance"],"picked":"SKIP","floor":29.0},{"not_picked":["PiercingWail","Deflect"],"picked":"Backflip","floor":30.0},{"not_picked":["A Thousand Cuts","Grand Finale"],"picked":"Bullet Time","floor":33.0},{"not_picked":["Distraction","Flying Knee+1"],"picked":"Backflip","floor":35.0},{"not_picked":["Dodge and Roll","Outmaneuver"],"picked":"Backflip","floor":38.0},{"not_picked":["Bouncing Flask","Blade Dance+1"],"picked":"Dash","floor":39.0},{"not_picked":["Masterful Stab","Distraction"],"picked":"Predator","floor":40.0},{"not_picked":["Acrobatics","Deflect","Slice"],"picked":"Singing Bowl","floor":41.0},{"not_picked":["Endless Agony","Dagger Spray","Prepared"],"picked":"Singing Bowl","floor":44.0},{"not_picked":["Dagger Throw","Outmaneuver","Cloak And Dagger"],"picked":"Singing Bowl","floor":45.0},{"not_picked":["Flying Knee","Storm of Steel"],"picked":"Well Laid Plans","floor":48.0},{"not_picked":["Predator","Blade Dance"],"picked":"Terror","floor":55.0}],"player_experience":1105871,"relics_obtained":[{"floor":6.0,"key":"Bottled Flame"},{"floor":25.0,"key":"Necronomicon"},{"floor":26.0,"key":"Meat on the Bone"},{"floor":39.0,"key":"FossilizedHelix"},{"floor":40.0,"key":"Singing Bowl"},{"floor":43.0,"key":"Paper Crane"},{"floor":45.0,"key":"Art of War"},{"floor":55.0,"key":"Blue Candle"}],"event_choices":[{"damage_healed":0.0,"max_hp_gain":0.0,"max_hp_loss":0.0,"gold_gain":0.0,"cards_transformed":["Strike_G","Strike_G"],"event_name":"Drug Dealer","player_choice":"Became Test Subject","floor":20.0,"gold_loss":0.0,"damage_taken":0.0,"cards_obtained":["Storm of Steel","Heel Hook"]},{"damage_healed":0.0,"max_hp_gain":0.0,"max_hp_loss":0.0,"gold_gain":0.0,"event_name":"Vampires","player_choice":"Ignored","floor":23.0,"gold_loss":0.0,"damage_taken":0.0},{"damage_healed":0.0,"max_hp_gain":0.0,"max_hp_loss":0.0,"gold_gain":0.0,"event_name":"Cursed Tome","player_choice":"Obtained Book","floor":25.0,"gold_loss":0.0,"damage_taken":21.0},{"cards_removed":["Heel Hook"],"damage_healed":0.0,"max_hp_gain":0.0,"max_hp_loss":0.0,"gold_gain":0.0,"event_name":"Falling","player_choice":"Removed Attack","floor":37.0,"gold_loss":0.0,"damage_taken":0.0},{"damage_healed":0.0,"max_hp_gain":0.0,"max_hp_loss":0.0,"gold_gain":0.0,"event_name":"MindBloom","player_choice":"Fight","floor":39.0,"gold_loss":0.0,"damage_taken":0.0}],"is_beta":true,"boss_relics":[{"not_picked":["Runic Dome","Empty Cage"],"picked":"Snecko Eye"},{"not_picked":["Orrery","Black Star"],"picked":"Pandora\u0027s Box"}],"items_purged_floors":[8,14,47],"is_endless":false,"potions_floor_spawned":[1,2,3,4,5,6,11,13,16,18,21,22,29,30,33,35,38,39,40,41,44,45,48,55],"ascension_level":20}