{"gold_per_floor":[115,48,64,77,90,121,121,121,121,150,150,75,88,101,101,179,179,199,199,149,49,64,64,13,13,37,69,89,103,129,149,149,223,223,238,251,271,67,167,194,194,220,243,243],"floor_reached":44,"playtime":3366,"items_purged":["Pain","Strike_B","Defend_B"],"score":1061,"play_id":"2814758f-28ee-4343-a95e-dd3d12f92862","local_time":"20190217154947","is_ascension_mode":true,"campfire_choices":[{"floor":8.0,"key":"REST"},{"data":"Zap","floor":11.0,"key":"SMITH"},{"data":"Dualcast","floor":15.0,"key":"SMITH"},{"floor":23.0,"key":"REST"},{"data":"Defragment","floor":25.0,"key":"SMITH"},{"floor":32.0,"key":"REST"},{"floor":41.0,"key":"RECALL"}],"neow_cost":"NONE","seed_source_timestamp":222167439430566,"circlet_count":0,"master_deck":["AscendersBane","Defend_B","Defend_B","Defend_B","Zap+1","Dualcast+1","Genetic Algorithm","Ball Lightning","Ball Lightning+1","Genetic Algorithm","BootSequence","Self Repair","Ball Lightning","Core Surge+1","Coolheaded+1","Blizzard+1","Turbo+1","Defragment+1","Hologram","Chill","Capacitor","Ball Lightning+1","Biased Cognition","Static Discharge+1","Coolheaded","Glacier","Go for the Eyes+1"],"special_seed":0,"relics":["Cracked Core","NeowsBlessing","Turnip","Letter Opener","WarpedTongs","Torii","Astrolabe","Regal Pillow","Molten Egg 2","Question Card","Coffee Dripper","WingedGreaves","Matryoshka","Oddly Smooth Stone","Symbiotic Virus","Whetstone"],"potions_floor_usage":[],"damage_taken":[{"damage":0.0,"enemies":"Small Slimes","floor":1.0,"turns":1.0},{"damage":0.0,"enemies":"Cultist","floor":3.0,"turns":1.0},{"damage":0.0,"enemies":"2 Louse","floor":4.0,"turns":1.0},{"damage":0.0,"enemies":"Gremlin Gang","floor":5.0,"turns":2.0},{"damage":23.0,"enemies":"Lagavulin","floor":6.0,"turns":7.0},{"damage":21.0,"enemies":"3 Sentries","floor":10.0,"turns":6.0},{"damage":1.0,"enemies":"Lots of Slimes","floor":13.0,"turns":3.0},{"damage":1.0,"enemies":"Large Slime","floor":14.0,"turns":4.0},{"damage":48.0,"enemies":"Hexaghost","floor":16.0,"turns":10.0},{"damage":10.0,"enemies":"Chosen","floor":18.0,"turns":5.0},{"damage":1.0,"enemies":"2 Thieves","floor":22.0,"turns":4.0},{"damage":10.0,"enemies":"Slavers","floor":27.0,"turns":5.0},{"damage":0.0,"enemies":"3 Cultists","floor":28.0,"turns":5.0},{"damage":19.0,"enemies":"Cultist and Chosen","floor":29.0,"turns":7.0},{"damage":31.0,"enemies":"Book of Stabbing","floor":30.0,"turns":6.0},{"damage":1.0,"enemies":"Chosen and Byrds","floor":31.0,"turns":5.0},{"damage":36.0,"enemies":"Automaton","floor":33.0,"turns":12.0},{"damage":1.0,"enemies":"3 Darklings","floor":35.0,"turns":5.0},{"damage":1.0,"enemies":"3 Shapes","floor":36.0,"turns":5.0},{"damage":11.0,"enemies":"Jaw Worm Horde","floor":37.0,"turns":5.0},{"damage":0.0,"enemies":"Mind Bloom Boss Battle","floor":39.0,"turns":7.0},{"damage":19.0,"enemies":"Reptomancer","floor":40.0,"turns":7.0},{"damage":46.0,"enemies":"Giant Head","floor":42.0,"turns":8.0},{"damage":44,"enemies":"Reptomancer","floor":44,"turns":3}],"seed_played":"-1547737606492048016","potions_obtained":[{"floor":4.0,"key":"PowerPotion"},{"floor":14.0,"key":"Regen Potion"},{"floor":16.0,"key":"Poison Potion"},{"floor":28.0,"key":"FocusPotion"},{"floor":30.0,"key":"PowerPotion"},{"floor":33.0,"key":"SkillPotion"},{"floor":37.0,"key":"SteroidPotion"}],"is_trial":false,"path_per_floor":["M","?","M","M","M","E","?","R","T","E","R","$","M","M","R","B",null,"M","?","?","$","M","R","$","R","T","E","M","M","E","M","R","B",null,"M","M","M","$","?","E","R","E","T","E"],"character_chosen":"DEFECT","items_purchased":["Hologram","LiquidBronze"],"campfire_rested":3,"item_purchase_floors":[24,38],"current_hp_per_floor":[64,64,64,64,64,41,41,62,62,41,41,41,40,49,49,11,56,53,33,33,33,39,61,61,61,61,65,72,60,29,35,72,46,69,75,76,75,75,75,66,66,27,27,0],"gold":243,"neow_bonus":"THREE_ENEMY_KILL","is_prod":false,"is_daily":false,"chose_seed":false,"campfire_upgraded":3,"win_rate":0,"timestamp":1550414987,"path_taken":["M","?","?","M","M","E","?","R","T","E","R","$","M","M","R","BOSS","M","?","?","$","M","R","$","R","T","E","M","M","E","?","R","BOSS","M","?","?","$","?","E","R","E","T","E"],"build_version":"2019-01-23","purchased_purges":3,"victory":false,"max_hp_per_floor":[71,71,71,71,71,71,71,71,71,71,71,71,71,71,71,71,71,71,76,76,76,76,76,76,76,76,76,76,76,76,76,76,76,76,76,76,76,76,76,76,76,76,76,76],"card_choices":[{"not_picked":["Stack","Tempest"],"picked":"Genetic Algorithm","floor":1.0},{"not_picked":["Recycle","Redo"],"picked":"Ball Lightning","floor":3.0},{"not_picked":["Compile Driver","Go for the Eyes"],"picked":"Ball Lightning","floor":4.0},{"not_picked":["Aggregate","Rip and Tear"],"picked":"Genetic Algorithm","floor":5.0},{"not_picked":["Redo","Stack"],"picked":"BootSequence","floor":6.0},{"not_picked":["Turbo","Thunder Strike"],"picked":"Self Repair","floor":10.0},{"not_picked":["Conserve Battery","Compile Driver"],"picked":"Ball Lightning","floor":13.0},{"not_picked":["Rebound","Gash","Blizzard"],"picked":"SKIP","floor":14.0},{"not_picked":["Machine Learning","All For One"],"picked":"Core Surge","floor":16.0},{"not_picked":["Rebound","Genetic Algorithm","Sunder"],"picked":"SKIP","floor":18.0},{"not_picked":["Chill","Glacier"],"picked":"Defragment","floor":22.0},{"not_picked":["Go for the Eyes","FTL"],"picked":"Chill","floor":27.0},{"not_picked":["Aggregate","Cold Snap+1"],"picked":"Capacitor","floor":28.0},{"not_picked":["Conserve Battery","FTL+1","Reinforced Body"],"picked":"SKIP","floor":29.0},{"not_picked":["Darkness","Streamline+1"],"picked":"Ball Lightning+1","floor":30.0},{"not_picked":["Barrage+1","Blizzard+1","Stack","Lockon+1"],"picked":"SKIP","floor":31.0},{"not_picked":["Creative AI","Rainbow","Core Surge+1"],"picked":"Biased Cognition","floor":33.0},{"not_picked":["Steam+1","Sunder+1","Auto Shields"],"picked":"Static Discharge+1","floor":35.0},{"not_picked":["Consume","Barrage+1","Leap","Cold Snap+1"],"picked":"SKIP","floor":36.0},{"not_picked":["Steam","Go for the Eyes+1","Turbo"],"picked":"Coolheaded","floor":37.0},{"not_picked":["Doom and Gloom+1","Turbo","Self Repair"],"picked":"Glacier","floor":39.0},{"not_picked":["Conserve Battery","Leap","Thunder Strike+1"],"picked":"Go for the Eyes+1","floor":40.0},{"not_picked":["Sunder+1","Chill","Cold Snap+1","Redo"],"picked":"SKIP","floor":42.0}],"player_experience":1709336,"relics_obtained":[{"floor":6.0,"key":"Letter Opener"},{"floor":10.0,"key":"Torii"},{"floor":26.0,"key":"Regal Pillow"},{"floor":27.0,"key":"Molten Egg 2"},{"floor":30.0,"key":"Question Card"},{"floor":39.0,"key":"WingedGreaves"},{"floor":40.0,"key":"Matryoshka"},{"floor":42.0,"key":"Oddly Smooth Stone"},{"floor":43.0,"key":"Symbiotic Virus"},{"floor":43.0,"key":"Whetstone"}],"event_choices":[{"damage_healed":0.0,"max_hp_gain":0.0,"max_hp_loss":0.0,"gold_gain":0.0,"event_name":"WeMeetAgain","player_choice":"Paid Gold","floor":2.0,"gold_loss":67.0,"damage_taken":0.0,"relics_obtained":["Turnip"]},{"damage_healed":0.0,"max_hp_gain":0.0,"max_hp_loss":0.0,"gold_gain":0.0,"event_name":"Accursed Blacksmith","player_choice":"Rummage","floor":7.0,"gold_loss":0.0,"damage_taken":0.0,"relics_obtained":["WarpedTongs"],"cards_obtained":["Pain"]},{"damage_healed":0.0,"max_hp_gain":5.0,"max_hp_loss":0.0,"gold_gain":0.0,"event_name":"Forgotten Altar","player_choice":"Shed Blood","floor":19.0,"gold_loss":0.0,"damage_taken":25.0},{"damage_healed":0.0,"max_hp_gain":0.0,"max_hp_loss":0.0,"gold_gain":0.0,"event_name":"The Joust","player_choice":"Bet on Murderer","floor":20.0,"gold_loss":50.0,"damage_taken":0.0},{"damage_healed":0.0,"max_hp_gain":0.0,"max_hp_loss":0.0,"gold_gain":0.0,"event_name":"MindBloom","player_choice":"Fight","floor":39.0,"gold_loss":0.0,"damage_taken":0.0}],"is_beta":false,"boss_relics":[{"not_picked":["Cursed Key","Calling Bell"],"picked":"Astrolabe"},{"not_picked":["Philosopher\u0027s Stone","Tiny House"],"picked":"Coffee Dripper"}],"items_purged_floors":[12,21,38],"is_endless":false,"potions_floor_spawned":[4,14,16,18,28,30,33,37,42],"killed_by":"Reptomancer","ascension_level":20}