{"gold_per_floor":[112,262,262,20,32,32,67,67,91,119,144,170,182,193,193,267,267,277,277,99,119,130,161,173,173,196,221,232,12,26,26,26,103,103,114,114,12,23,23],"floor_reached":39,"playtime":2527,"items_purged":["Doubt","Strike_G"],"score":928,"play_id":"0c9cb36c-ffc3-46e7-891f-88b796d26bbe","local_time":"20190401225720","is_ascension_mode":true,"campfire_choices":[{"data":"Bouncing Flask","floor":6.0,"key":"SMITH"},{"floor":15.0,"key":"DIG"},{"floor":25,"key":"REST"},{"floor":32,"key":"REST"}],"neow_cost":"NONE","seed_source_timestamp":693043736845123,"circlet_count":0,"master_deck":["AscendersBane","Survivor","Neutralize","Crippling Poison+1","Bouncing Flask+1","Bane","Noxious Fumes","Acrobatics","Glass Knife","Backflip","Leg Sweep","Bouncing Flask+1","Noxious Fumes+1","PiercingWail","Night Terror","After Image","Backstab","Flechettes","Crippling Poison","Poisoned Stab","Noxious Fumes","Tools of the Trade","Flechettes","Predator","Secret Weapon","Panacea","PanicButton","PiercingWail"],"special_seed":0,"relics":["Ring of the Snake","NeowsBlessing","PreservedInsect","Shovel","Oddly Smooth Stone","Turnip","Pen Nib","Regal Pillow","Strawberry","Velvet Choker","Bag of Marbles","Juzu Bracelet","Anchor","War Paint","Art of War","Pandora\u0027s Box"],"potions_floor_usage":[33],"damage_taken":[{"damage":0.0,"enemies":"2 Louse","floor":1.0,"turns":1.0},{"damage":0.0,"enemies":"Jaw Worm","floor":5.0,"turns":1.0},{"damage":0.0,"enemies":"Lagavulin","floor":7.0,"turns":1.0},{"damage":8.0,"enemies":"Gremlin Nob","floor":10.0,"turns":3.0},{"damage":5.0,"enemies":"3 Sentries","floor":12.0,"turns":5.0},{"damage":0.0,"enemies":"Cultist","floor":13.0,"turns":4.0},{"damage":5.0,"enemies":"Exordium Wildlife","floor":14.0,"turns":4.0},{"damage":35.0,"enemies":"Slime Boss","floor":16.0,"turns":12.0},{"damage":11.0,"enemies":"Shell Parasite","floor":18.0,"turns":4.0},{"damage":0.0,"enemies":"Chosen","floor":21.0,"turns":3.0},{"damage":6.0,"enemies":"Snake Plant","floor":22.0,"turns":4.0},{"damage":15,"enemies":"Slavers","floor":23,"turns":5},{"damage":1,"enemies":"Centurion and Healer","floor":24,"turns":6},{"damage":18,"enemies":"Gremlin Leader","floor":27,"turns":5},{"damage":0,"enemies":"Cultist and Chosen","floor":28,"turns":5},{"damage":0,"enemies":"Snecko","floor":30,"turns":4},{"damage":32,"enemies":"Champ","floor":33,"turns":13},{"damage":6,"enemies":"3 Shapes","floor":35,"turns":4},{"damage":24,"enemies":"3 Darklings","floor":38,"turns":5},{"damage":33,"enemies":"Transient","floor":39,"turns":5}],"seed_played":"-2998523559372557784","potions_obtained":[{"floor":5.0,"key":"Weak Potion"},{"floor":10.0,"key":"Fire Potion"},{"floor":12.0,"key":"Ancient Potion"},{"floor":13.0,"key":"FearPotion"},{"floor":24,"key":"GamblersBrew"},{"floor":38,"key":"Dexterity Potion"}],"is_trial":false,"path_per_floor":["M","?","?","$","M","R","E","?","T","E","T","E","M","M","R","B",null,"M","?","$","M","M","E","M","R","T","E","M","$","M","?","R","B",null,"M","?","$","M","M"],"character_chosen":"THE_SILENT","items_purchased":["PreservedInsect","Leg Sweep","Art of War","PiercingWail","PanicButton"],"campfire_rested":2,"item_purchase_floors":[4,20,29,29,37],"current_hp_per_floor":[59,59,59,59,59,59,59,59,59,51,51,46,46,41,48,13,58,47,47,47,47,41,26,25,61,61,43,43,43,43,43,73,41,65,59,54,54,30,0],"gold":23,"neow_bonus":"THREE_ENEMY_KILL","is_prod":false,"is_daily":false,"chose_seed":false,"campfire_upgraded":1,"win_rate":0,"timestamp":1554152240,"path_taken":["M","?","?","$","?","R","E","?","T","E","?","E","M","M","R","BOSS","M","?","$","M","?","E","M","R","T","E","M","$","M","?","R","BOSS","M","?","$","M","M"],"build_version":"2019-01-23","purchased_purges":2,"victory":false,"max_hp_per_floor":[66,66,66,66,66,66,66,66,66,66,66,66,66,66,73,73,73,73,73,73,73,73,73,73,73,73,73,73,73,73,73,73,73,73,73,73,73,73,73],"card_choices":[{"not_picked":["Flying Knee","Blur"],"picked":"Crippling Poison","floor":1.0},{"not_picked":["Backstab","Flying Knee"],"picked":"Bouncing Flask","floor":5.0},{"not_picked":["Underhanded Strike","Accuracy"],"picked":"Bane","floor":7.0},{"not_picked":["Slice","Deflect","Prepared"],"picked":"SKIP","floor":10.0},{"not_picked":["Tactician","Terror"],"picked":"Noxious Fumes","floor":12.0},{"not_picked":["Distraction","Expertise"],"picked":"Acrobatics","floor":13.0},{"not_picked":["Prepared","Deadly Poison","Underhanded Strike"],"picked":"SKIP","floor":14.0},{"not_picked":["Tools of the Trade","Venomology"],"picked":"Glass Knife","floor":16.0},{"not_picked":["Poisoned Stab","Flechettes"],"picked":"Backflip","floor":18.0},{"not_picked":["Choke","Setup"],"picked":"Bouncing Flask+1","floor":21.0},{"not_picked":["Underhanded Strike","Dagger Throw","Expertise"],"picked":"SKIP","floor":22.0},{"not_picked":["Flying Knee","Skewer","Deflect"],"picked":"SKIP","floor":23},{"not_picked":["Outmaneuver","Backflip"],"picked":"Noxious Fumes+1","floor":24},{"not_picked":["Quick Slash","Dagger Throw","Dash"],"picked":"SKIP","floor":27},{"not_picked":["Tactician","Dash","Concentrate+1"],"picked":"SKIP","floor":28},{"not_picked":["Concentrate","Finisher","All Out Attack"],"picked":"SKIP","floor":30},{"not_picked":["Die Die Die","Phantasmal Killer"],"picked":"Night Terror","floor":33},{"not_picked":["Underhanded Strike","Quick Slash+1","Bane"],"picked":"SKIP","floor":35},{"not_picked":["Metamorphosis","Jack Of All Trades"],"picked":"Secret Weapon","floor":36},{"not_picked":["Blind","Madness"],"picked":"Panacea","floor":36},{"not_picked":["Deadly Poison","Quick Slash"],"picked":"PiercingWail","floor":38}],"player_experience":2322405,"relics_obtained":[{"floor":7.0,"key":"Shovel"},{"floor":9.0,"key":"Oddly Smooth Stone"},{"floor":10.0,"key":"Turnip"},{"floor":11.0,"key":"Pen Nib"},{"floor":12.0,"key":"Regal Pillow"},{"floor":15.0,"key":"Strawberry"},{"floor":19.0,"key":"Bag of Marbles"},{"floor":23,"key":"Juzu Bracelet"},{"floor":26,"key":"Anchor"},{"floor":27,"key":"War Paint"}],"event_choices":[{"damage_healed":0.0,"max_hp_gain":0.0,"max_hp_loss":0.0,"gold_gain":150.0,"event_name":"Liars Game","player_choice":"AGREE","floor":2.0,"gold_loss":0.0,"damage_taken":0.0,"cards_obtained":["Doubt"]},{"damage_healed":0.0,"max_hp_gain":0.0,"max_hp_loss":0.0,"gold_gain":0.0,"event_name":"Living Wall","player_choice":"Grow","floor":3.0,"gold_loss":0.0,"damage_taken":0.0,"cards_upgraded":["Crippling Poison"]},{"damage_healed":0.0,"max_hp_gain":0.0,"max_hp_loss":0.0,"gold_gain":0.0,"event_name":"The Cleric","player_choice":"Leave","floor":8.0,"gold_loss":0.0,"damage_taken":0.0},{"damage_healed":0.0,"max_hp_gain":0.0,"max_hp_loss":0.0,"gold_gain":0.0,"event_name":"Wheel of Change","player_choice":"Relic","floor":19.0,"gold_loss":0.0,"damage_taken":0.0},{"damage_healed":0,"gold_gain":0,"player_choice":"Ignored","damage_taken":0,"max_hp_gain":0,"max_hp_loss":0,"event_name":"Vampires","floor":31,"gold_loss":0},{"damage_healed":0,"gold_gain":0,"player_choice":"Memory 2","damage_taken":5,"max_hp_gain":0,"max_hp_loss":0,"event_name":"SensoryStone","floor":36,"gold_loss":0}],"is_beta":false,"boss_relics":[{"not_picked":["Tiny House","Ring of the Serpent"],"picked":"Velvet Choker"},{"not_picked":["Calling Bell","Eternal Feather"],"picked":"Pandora\u0027s Box"}],"items_purged_floors":[4,20],"is_endless":false,"potions_floor_spawned":[5,10,12,13,24,27,28,38],"killed_by":"Transient","ascension_level":20}