{"gold_per_floor":[110,128,9,24,24,55,55,69,95,120,120],"floor_reached":11,"playtime":1008,"items_purged":[],"score":166,"play_id":"eaf7cfed-dd62-432e-aa8b-5b4b701ce44a","local_time":"20190320204220","is_ascension_mode":true,"campfire_choices":[{"floor":7,"key":"REST"}],"neow_cost":"NONE","seed_source_timestamp":433761974847507,"circlet_count":0,"master_deck":["AscendersBane","Defend_G","Defend_G","Defend_G","Defend_G","Defend_G","Strike_G","Strike_G","Strike_G","Strike_G","Survivor","Neutralize","Dagger Spray","Dash","Footwork","Dash","Catalyst","Poisoned Stab","PiercingWail"],"relics":["Ring of the Snake","Happy Flower","Anchor","Art of War"],"potions_floor_usage":[6,10],"damage_taken":[{"damage":5,"enemies":"Cultist","floor":1,"turns":5},{"damage":0,"enemies":"Small Slimes","floor":2,"turns":4},{"damage":0,"enemies":"2 Louse","floor":4,"turns":3},{"damage":35,"enemies":"Gremlin Nob","floor":6,"turns":5},{"damage":8,"enemies":"Exordium Wildlife","floor":8,"turns":6},{"damage":28,"enemies":"Lagavulin","floor":10,"turns":10},{"damage":5,"enemies":"3 Louse","floor":11,"turns":2}],"seed_played":"8798602753843597989","potions_obtained":[{"floor":2,"key":"PowerPotion"},{"floor":6,"key":"SkillPotion"}],"is_trial":false,"path_per_floor":["M","M","$","M","?","E","R","M","T","E","M"],"character_chosen":"THE_SILENT","items_purchased":["Footwork","Dash"],"campfire_rested":1,"item_purchase_floors":[3,3],"current_hp_per_floor":[60,60,60,60,53,18,39,31,31,3,0],"gold":120,"neow_bonus":"TEN_PERCENT_HP_BONUS","is_prod":false,"is_daily":false,"chose_seed":false,"campfire_upgraded":0,"win_rate":0,"timestamp":1553110940,"path_taken":["M","M","?","M","?","E","R","M","T","E","M"],"build_version":"2019-01-23","purchased_purges":0,"victory":false,"max_hp_per_floor":[72,72,72,72,72,72,72,72,72,72,72],"card_choices":[{"not_picked":["Prepared","Acrobatics"],"picked":"Dagger Spray","floor":1},{"not_picked":["Outmaneuver","Tactician"],"picked":"Dash","floor":2},{"not_picked":["Acrobatics","Masterful Stab"],"picked":"Catalyst","floor":4},{"not_picked":["Deflect","Unload","Underhanded Strike"],"picked":"SKIP","floor":6},{"not_picked":["Underhanded Strike","Caltrops"],"picked":"Poisoned Stab","floor":8},{"not_picked":["Dodge and Roll","Backflip"],"picked":"PiercingWail","floor":10}],"player_experience":2154093,"relics_obtained":[{"floor":6,"key":"Happy Flower"},{"floor":9,"key":"Anchor"},{"floor":10,"key":"Art of War"}],"event_choices":[{"cards_removed":["Strike_G"],"damage_healed":0,"gold_gain":0,"player_choice":"Card Removal","damage_taken":7,"max_hp_gain":0,"max_hp_loss":0,"event_name":"Golden Wing","floor":5,"gold_loss":0}],"is_beta":false,"boss_relics":[],"items_purged_floors":[],"is_endless":false,"potions_floor_spawned":[2,6],"killed_by":"3 Louse","ascension_level":20}