{"gold_per_floor":[115,115,115,128,144,175,175,209,232,232,15,44,60,73,73,151,151,168,182,11,11,11,46,46,46],"floor_reached":25,"playtime":1994,"items_purged":["Strike_G"],"score":478,"play_id":"5822fe74-046c-498f-9335-c670234b0f6c","local_time":"20190316213553","is_ascension_mode":true,"campfire_choices":[{"data":"Die Die Die","floor":7,"key":"SMITH"},{"floor":10,"key":"REST"},{"data":"Bullet Time","floor":15,"key":"SMITH"},{"floor":24,"key":"REST"}],"neow_cost":"NONE","seed_source_timestamp":90382198243511,"circlet_count":0,"master_deck":["AscendersBane","Defend_G","Defend_G","Defend_G","Defend_G+1","Defend_G+1","Strike_G","Strike_G","Strike_G","Strike_G","Survivor","Neutralize","Die Die Die+1","Sucker Punch","Dagger Throw","Bullet Time+1","Noxious Fumes","Backflip","Die Die Die","PiercingWail","Dash","Envenom","Dash","Dagger Spray","RitualDagger","Catalyst+1"],"relics":["Ring of the Snake","Happy Flower","War Paint","Meat on the Bone","Bronze Scales","Shuriken","Black Star","Strawberry","Tough Bandages","Toxic Egg 2"],"potions_floor_usage":[6,6,16,16,19],"damage_taken":[{"damage":0,"enemies":"2 Louse","floor":1,"turns":4},{"damage":7,"enemies":"Jaw Worm","floor":4,"turns":6},{"damage":0,"enemies":"Small Slimes","floor":5,"turns":3},{"damage":6,"enemies":"Gremlin Nob","floor":6,"turns":3},{"damage":23,"enemies":"3 Sentries","floor":8,"turns":9},{"damage":15,"enemies":"Lagavulin","floor":12,"turns":7},{"damage":0,"enemies":"Exordium Wildlife","floor":13,"turns":3},{"damage":5,"enemies":"Large Slime","floor":14,"turns":5},{"damage":15,"enemies":"Hexaghost","floor":16,"turns":8},{"damage":11,"enemies":"Chosen","floor":18,"turns":5},{"damage":12,"enemies":"Shell Parasite","floor":19,"turns":4},{"damage":38,"enemies":"Book of Stabbing","floor":23,"turns":5},{"damage":39,"enemies":"Gremlin Leader","floor":25,"turns":5}],"seed_played":"-4080168952241578614","potions_obtained":[{"floor":0,"key":"FearPotion"},{"floor":0,"key":"AttackPotion"},{"floor":8,"key":"Strength Potion"},{"floor":12,"key":"Regen Potion"},{"floor":18,"key":"SkillPotion"}],"is_trial":false,"path_per_floor":["M","?","?","M","M","E","R","E","T","R","$","E","M","M","R","B",null,"M","M","$","?","?","E","R","E"],"character_chosen":"THE_SILENT","items_purchased":["Noxious Fumes","Backflip","Strawberry"],"campfire_rested":2,"item_purchase_floors":[11,11,20],"current_hp_per_floor":[59,64,59,52,52,46,46,23,23,44,44,41,41,36,36,36,62,51,39,46,40,40,14,37,0],"gold":46,"neow_bonus":"THREE_SMALL_POTIONS","is_prod":false,"is_daily":false,"chose_seed":false,"campfire_upgraded":2,"win_rate":0,"timestamp":1552768553,"path_taken":["M","?","?","M","M","E","R","E","T","R","$","E","M","M","R","BOSS","M","M","$","?","?","E","R","E"],"build_version":"2019-01-23","purchased_purges":1,"victory":false,"max_hp_per_floor":[66,71,71,71,71,71,71,71,71,71,71,71,71,71,71,71,71,71,71,78,78,78,78,78,78],"card_choices":[{"not_picked":["Dodge and Roll","Dagger Throw"],"picked":"Die Die Die","floor":1},{"not_picked":["Setup","Blade Dance"],"picked":"Sucker Punch","floor":4},{"not_picked":["Blade Dance","Catalyst"],"picked":"Dagger Throw","floor":5},{"not_picked":["Outmaneuver","Riddle With Holes","Flying Knee"],"picked":"SKIP","floor":6},{"not_picked":["Dodge and Roll","Underhanded Strike"],"picked":"Bullet Time","floor":8},{"not_picked":["Backflip","Setup"],"picked":"Die Die Die","floor":12},{"not_picked":["Deflect","Cloak And Dagger"],"picked":"PiercingWail","floor":13},{"not_picked":["Acrobatics","Footwork"],"picked":"Dash","floor":14},{"not_picked":["After Image","Venomology"],"picked":"Envenom","floor":16},{"not_picked":["Poisoned Stab","Dagger Spray"],"picked":"Dash","floor":18},{"not_picked":["Deflect","Cloak And Dagger"],"picked":"Dagger Spray","floor":19},{"not_picked":["Acrobatics","Choke"],"picked":"Catalyst","floor":23}],"player_experience":2076027,"relics_obtained":[{"floor":6,"key":"War Paint"},{"floor":8,"key":"Meat on the Bone"},{"floor":9,"key":"Bronze Scales"},{"floor":12,"key":"Shuriken"},{"floor":23,"key":"Tough Bandages"},{"floor":23,"key":"Toxic Egg 2"}],"event_choices":[{"damage_healed":0,"gold_gain":0,"player_choice":"Donut","damage_taken":0,"max_hp_gain":5,"max_hp_loss":0,"event_name":"Big Fish","floor":2,"gold_loss":0},{"damage_healed":0,"gold_gain":0,"player_choice":"Success","damage_taken":5,"relics_obtained":["Happy Flower"],"max_hp_gain":0,"max_hp_loss":0,"event_name":"Scrap Ooze","floor":3,"gold_loss":0},{"damage_healed":0,"gold_gain":0,"player_choice":"Joined the Cult","damage_taken":6,"max_hp_gain":0,"max_hp_loss":0,"event_name":"Nest","floor":21,"gold_loss":0,"cards_obtained":["RitualDagger"]},{"damage_healed":0,"gold_gain":0,"player_choice":"Ignored","damage_taken":0,"max_hp_gain":0,"max_hp_loss":0,"event_name":"Vampires","floor":22,"gold_loss":0}],"is_beta":false,"boss_relics":[{"not_picked":["White Beast Statue","Eternal Feather"],"picked":"Black Star"}],"items_purged_floors":[11],"is_endless":false,"potions_floor_spawned":[5,8,12,14,18],"killed_by":"Gremlin Leader","ascension_level":20}