{"gold_per_floor":[118,67,83,83,8,37,47,72,72,85,104,104,21,47,47,124,124,143,155,80,80,80,80,80],"floor_reached":24,"playtime":1493,"items_purged":[],"score":478,"play_id":"fe788d16-4a22-4d59-ab05-56155f2eee42","local_time":"20190126221703","is_ascension_mode":true,"campfire_choices":[{"floor":12,"key":"REST"},{"data":"Zap","floor":15,"key":"SMITH"},{"floor":23,"key":"REST"}],"neow_cost":"NONE","seed_source_timestamp":178526670896333,"circlet_count":0,"master_deck":["AscendersBane","Strike_B","Defend_B","Defend_B","Defend_B","Zap+1","Dualcast+1","Coolheaded","Hologram","Cold Snap","Ball Lightning","Glacier+1","Rip and Tear","Coolheaded","Self Repair","Glacier","Hyperbeam","Recycle","RitualDagger"],"relics":["Cracked Core","NeowsBlessing","DataDisk","Bird Faced Urn","PreservedInsect","Pear","War Paint","Empty Cage"],"potions_floor_usage":[16,16],"damage_taken":[{"damage":0,"enemies":"Jaw Worm","floor":1,"turns":1},{"damage":0,"enemies":"Cultist","floor":3,"turns":1},{"damage":0,"enemies":"Lagavulin","floor":6,"turns":1},{"damage":0,"enemies":"2 Louse","floor":7,"turns":3},{"damage":16,"enemies":"3 Sentries","floor":8,"turns":9},{"damage":4,"enemies":"2 Fungi Beasts","floor":10,"turns":3},{"damage":13,"enemies":"3 Louse","floor":11,"turns":3},{"damage":9,"enemies":"Gremlin Nob","floor":14,"turns":4},{"damage":12,"enemies":"The Guardian","floor":16,"turns":14},{"damage":2,"enemies":"Spheric Guardian","floor":18,"turns":5},{"damage":40,"enemies":"Chosen","floor":19,"turns":5},{"damage":77,"enemies":"Gremlin Leader","floor":24,"turns":8}],"seed_played":"3018944149649330830","potions_obtained":[{"floor":1,"key":"SpeedPotion"},{"floor":3,"key":"Dexterity Potion"},{"floor":11,"key":"PowerPotion"},{"floor":16,"key":"FocusPotion"},{"floor":19,"key":"SteroidPotion"}],"is_trial":false,"path_per_floor":["M","$","M","?","?","E","M","E","T","M","M","R","$","E","R","B",null,"M","M","?","?","?","R","E"],"character_chosen":"DEFECT","items_purchased":["Coolheaded","Self Repair"],"campfire_rested":2,"item_purchase_floors":[2,13],"current_hp_per_floor":[64,64,64,53,53,53,53,37,47,43,30,54,54,45,45,44,72,79,48,48,42,42,66,0],"gold":80,"neow_bonus":"THREE_ENEMY_KILL","is_prod":false,"is_daily":false,"chose_seed":false,"campfire_upgraded":1,"win_rate":0,"timestamp":1548537423,"path_taken":["M","$","M","?","?","E","M","E","T","?","M","R","?","E","R","BOSS","M","M","?","?","?","R","E"],"build_version":"2019-01-23","purchased_purges":0,"victory":false,"max_hp_per_floor":[71,71,71,71,71,71,71,71,81,81,81,81,81,81,81,81,81,81,81,81,81,81,81,81],"card_choices":[{"not_picked":["Consume","Redo","White Noise"],"picked":"SKIP","floor":1},{"not_picked":["Capacitor","Aggregate"],"picked":"Hologram","floor":3},{"not_picked":["Thunder Strike","Skim"],"picked":"Cold Snap","floor":6},{"not_picked":["Steam","Recycle"],"picked":"Ball Lightning","floor":7},{"not_picked":["Streamline","Turbo"],"picked":"Glacier","floor":8},{"not_picked":["Heatsinks","Barrage"],"picked":"Rip and Tear","floor":10},{"not_picked":["Reprogram","Steam"],"picked":"Coolheaded","floor":11},{"not_picked":["Genetic Algorithm","Turbo"],"picked":"Glacier","floor":14},{"not_picked":["Meteor Strike","All For One"],"picked":"Hyperbeam","floor":16},{"not_picked":["Cold Snap","Glacier"],"picked":"Recycle","floor":18},{"not_picked":["Darkness","Stack","Conserve Battery"],"picked":"SKIP","floor":19}],"player_experience":1596140,"relics_obtained":[{"floor":6,"key":"Bird Faced Urn"},{"floor":8,"key":"PreservedInsect"},{"floor":9,"key":"Pear"},{"floor":14,"key":"War Paint"}],"event_choices":[{"damage_healed":0,"gold_gain":0,"player_choice":"Success","damage_taken":11,"relics_obtained":["DataDisk"],"max_hp_gain":0,"max_hp_loss":0,"event_name":"Scrap Ooze","floor":4,"gold_loss":0},{"cards_removed":["Strike_B"],"damage_healed":0,"gold_gain":0,"player_choice":"Card Removal","damage_taken":0,"max_hp_gain":0,"max_hp_loss":0,"event_name":"The Cleric","floor":5,"gold_loss":75},{"cards_removed":["Strike_B"],"damage_healed":0,"gold_gain":0,"player_choice":"Gave Gold","damage_taken":0,"max_hp_gain":0,"max_hp_loss":0,"event_name":"Beggar","floor":20,"gold_loss":75},{"damage_healed":0,"gold_gain":0,"player_choice":"Joined the Cult","damage_taken":6,"max_hp_gain":0,"max_hp_loss":0,"event_name":"Nest","floor":21,"gold_loss":0,"cards_obtained":["RitualDagger"]},{"damage_healed":0,"gold_gain":0,"player_choice":"Ignored","damage_taken":0,"max_hp_gain":0,"max_hp_loss":0,"event_name":"The Mausoleum","floor":22,"gold_loss":0}],"is_beta":false,"boss_relics":[{"not_picked":["Coffee Dripper","Calling Bell"],"picked":"Empty Cage"}],"items_purged_floors":[],"is_endless":false,"potions_floor_spawned":[1,3,7,11,16,19],"killed_by":"Gremlin Leader","ascension_level":20}