{"gold_per_floor":[111,111,125,275,58,58,83,102,102,61,93,93,105,118,118,118],"floor_reached":16,"playtime":44254,"items_purged":["Doubt"],"score":270,"play_id":"a2004ad4-eef5-4120-afbb-a2c72d40e6a1","local_time":"20190330083037","is_ascension_mode":true,"campfire_choices":[{"data":"Fusion","floor":6,"key":"SMITH"},{"data":"Recycle","floor":15,"key":"SMITH"}],"neow_cost":"NONE","seed_source_timestamp":430058960457486,"circlet_count":0,"master_deck":["AscendersBane","Strike_B","Strike_B","Strike_B","Defend_B","Defend_B","Defend_B","Defend_B","Zap","Dualcast","Fusion+1","Go for the Eyes","Ball Lightning","Reinforced Body","Recycle+1","Doom and Gloom","Undo","Hologram"],"relics":["Cracked Core","NeowsBlessing","Dodecahedron","Bottled Lightning","Letter Opener"],"potions_floor_usage":[11,14],"damage_taken":[{"damage":0,"enemies":"Small Slimes","floor":1,"turns":1},{"damage":0,"enemies":"2 Louse","floor":3,"turns":1},{"damage":0,"enemies":"Lagavulin","floor":7,"turns":2},{"damage":0,"enemies":"Cultist","floor":8,"turns":3},{"damage":27,"enemies":"Gremlin Nob","floor":11,"turns":4},{"damage":3,"enemies":"Looter","floor":13,"turns":3},{"damage":0,"enemies":"Lots of Slimes","floor":14,"turns":1},{"damage":34,"enemies":"Hexaghost","floor":16,"turns":9}],"seed_played":"4205145651213418383","potions_obtained":[{"floor":1,"key":"Explosive Potion"},{"floor":8,"key":"Swift Potion"},{"floor":11,"key":"Poison Potion"},{"floor":13,"key":"SteroidPotion"}],"is_trial":false,"path_per_floor":["M","?","M","?","$","R","E","M","T","$","E","?","M","M","R","B"],"character_chosen":"DEFECT","items_purchased":["Ball Lightning","Reinforced Body","Doom and Gloom"],"campfire_rested":0,"item_purchase_floors":[5,5,10],"current_hp_per_floor":[64,57,57,57,57,57,57,57,57,57,30,35,32,32,32,0],"gold":118,"neow_bonus":"THREE_ENEMY_KILL","is_prod":false,"is_daily":false,"chose_seed":false,"campfire_upgraded":2,"win_rate":0,"timestamp":1553931037,"path_taken":["M","?","M","?","$","R","E","M","T","$","E","?","M","M","R","BOSS"],"build_version":"2019-01-23","purchased_purges":1,"victory":false,"max_hp_per_floor":[71,71,71,71,71,71,71,71,71,71,71,76,76,76,76,76],"card_choices":[{"not_picked":["Streamline","Stack"],"picked":"Fusion","floor":1},{"not_picked":["Turbo","Hologram"],"picked":"Go for the Eyes","floor":3},{"not_picked":["Steam","Hologram","Beam Cell"],"picked":"SKIP","floor":7},{"not_picked":["Hologram","Static Discharge"],"picked":"Recycle","floor":8},{"not_picked":["Doom and Gloom","Rebound","Double Energy"],"picked":"SKIP","floor":11},{"not_picked":["Rebound","Hologram"],"picked":"Undo","floor":13},{"not_picked":["Barrage","Cold Snap"],"picked":"Hologram","floor":14}],"player_experience":2225030,"relics_obtained":[{"floor":7,"key":"Dodecahedron"},{"floor":9,"key":"Bottled Lightning"},{"floor":11,"key":"Letter Opener"}],"event_choices":[{"cards_removed":["Strike_B"],"damage_healed":0,"gold_gain":0,"player_choice":"Card Removal","damage_taken":7,"max_hp_gain":0,"max_hp_loss":0,"event_name":"Golden Wing","floor":2,"gold_loss":0},{"damage_healed":0,"gold_gain":150,"player_choice":"AGREE","damage_taken":0,"max_hp_gain":0,"max_hp_loss":0,"event_name":"Liars Game","floor":4,"gold_loss":0,"cards_obtained":["Doubt"]},{"damage_healed":0,"gold_gain":0,"player_choice":"Donut","damage_taken":0,"max_hp_gain":5,"max_hp_loss":0,"event_name":"Big Fish","floor":12,"gold_loss":0}],"is_beta":false,"boss_relics":[],"items_purged_floors":[5],"is_endless":false,"potions_floor_spawned":[1,8,11,13],"killed_by":"Hexaghost","ascension_level":20}