{"gold_per_floor":[112,112,37,47,64,99,99,110,110,128,128],"floor_reached":11,"playtime":512,"items_purged":["Shame"],"score":150,"play_id":"601ff701-c76a-441d-94eb-d8b81cca2a6e","local_time":"20190517212325","is_ascension_mode":true,"campfire_choices":[{"floor":7,"key":"REST"}],"neow_cost":"CURSE","seed_source_timestamp":203114060302879,"circlet_count":0,"master_deck":["AscendersBane","Defend_G","Defend_G","Defend_G","Defend_G","Defend_G","Strike_G","Strike_G","Strike_G","Strike_G","Strike_G","Survivor","Neutralize","Dash","Noxious Fumes","Dagger Spray","Poisoned Stab","Catalyst"],"relics":["Ring of the Snake","Peace Pipe","Strawberry","Oddly Smooth Stone"],"potions_floor_usage":[8,10,10],"damage_taken":[{"damage":6,"enemies":"Jaw Worm","floor":1,"turns":5},{"damage":0,"enemies":"Cultist","floor":4,"turns":4},{"damage":0,"enemies":"Small Slimes","floor":5,"turns":4},{"damage":41,"enemies":"Lagavulin","floor":6,"turns":8},{"damage":0,"enemies":"Looter","floor":8,"turns":4},{"damage":0,"enemies":"Gremlin Gang","floor":10,"turns":3},{"damage":60,"enemies":"Gremlin Nob","floor":11,"turns":5}],"seed_played":"1460964521150911111","potions_obtained":[{"floor":1,"key":"FearPotion"},{"floor":2,"key":"Swift Potion"},{"floor":8,"key":"Poison Potion"}],"is_trial":false,"path_per_floor":["M","?","$","M","M","E","R","M","T","M","E"],"character_chosen":"THE_SILENT","items_purchased":[],"campfire_rested":1,"item_purchase_floors":[],"current_hp_per_floor":[53,53,53,53,53,19,40,40,40,40,0],"gold":128,"neow_bonus":"ONE_RARE_RELIC","is_prod":false,"is_daily":false,"chose_seed":false,"campfire_upgraded":0,"win_rate":0,"timestamp":1558121005,"path_taken":["M","?","$","?","M","E","R","M","T","M","E"],"build_version":"2019-01-23","purchased_purges":1,"victory":false,"max_hp_per_floor":[66,66,66,66,66,73,73,73,73,73,73],"card_choices":[{"not_picked":["Footwork","Underhanded Strike"],"picked":"Dash","floor":1},{"not_picked":["Dagger Throw","Dagger Spray"],"picked":"Noxious Fumes","floor":4},{"not_picked":["Predator","Dagger Throw"],"picked":"Dagger Spray","floor":5},{"not_picked":["Flying Knee","Slice"],"picked":"Poisoned Stab","floor":6},{"not_picked":["Setup","Dodge and Roll"],"picked":"Catalyst","floor":8},{"not_picked":["Accuracy","Sucker Punch","Dash"],"picked":"SKIP","floor":10}],"player_experience":2707169,"relics_obtained":[{"floor":6,"key":"Strawberry"},{"floor":9,"key":"Oddly Smooth Stone"}],"event_choices":[{"damage_healed":0,"gold_gain":0,"player_choice":"Got Potions","damage_taken":0,"max_hp_gain":0,"max_hp_loss":0,"event_name":"Lab","floor":2,"gold_loss":0}],"is_beta":false,"boss_relics":[],"items_purged_floors":[3],"is_endless":false,"potions_floor_spawned":[1,8],"killed_by":"Gremlin Nob","ascension_level":20}