{"gold_per_floor":[110,21,39,39,59,88,88,119,155,167,197,239,251,277,289,378,390,414,444,466,478,509,521],"floor_reached":23,"playtime":5501,"items_purged":[],"score":426,"play_id":"c63b6322-7639-4a45-bd48-c17f3deddf8b","local_time":"20190322215102","is_ascension_mode":true,"campfire_choices":[{"data":"Skewer","floor":7,"key":"SMITH"},{"floor":10,"key":"REST"},{"data":"Well Laid Plans","floor":15,"key":"SMITH"}],"neow_cost":"NONE","seed_source_timestamp":606189483777913,"circlet_count":0,"master_deck":["AscendersBane","Defend_G","Defend_G","Defend_G","Defend_G","Defend_G","Strike_G","Strike_G","Strike_G","Strike_G","Strike_G+1","Survivor","Neutralize","Well Laid Plans+1","Skewer+1","Bouncing Flask+1","Noxious Fumes","Dash+1","Backstab","Deadly Poison","Burst","Footwork","PiercingWail"],"relics":["Ring of the Snake","NeowsBlessing","Whetstone","MawBank","Snake Skull","Paper Crane","Sozu"],"potions_floor_usage":[8,11,14,16,23],"damage_taken":[{"damage":0,"enemies":"Small Slimes","floor":1,"turns":1},{"damage":0,"enemies":"Cultist","floor":3,"turns":1},{"damage":0,"enemies":"2 Louse","floor":5,"turns":1},{"damage":13,"enemies":"Lagavulin","floor":6,"turns":8},{"damage":37,"enemies":"Gremlin Nob","floor":8,"turns":5},{"damage":7,"enemies":"Lots of Slimes","floor":11,"turns":3},{"damage":10,"enemies":"Lagavulin","floor":12,"turns":5},{"damage":1,"enemies":"Gremlin Gang","floor":14,"turns":4},{"damage":2,"enemies":"Hexaghost","floor":16,"turns":8},{"damage":0,"enemies":"Chosen","floor":18,"turns":4},{"damage":13,"enemies":"2 Thieves","floor":19,"turns":4},{"damage":10,"enemies":"Centurion and Healer","floor":20,"turns":5},{"damage":6,"enemies":"Snecko","floor":22,"turns":5},{"damage":30,"enemies":"Slavers","floor":23,"turns":6}],"seed_played":"4422669582854742990","potions_obtained":[{"floor":6,"key":"GamblersBrew"},{"floor":8,"key":"Strength Potion"},{"floor":11,"key":"GhostInAJar"},{"floor":14,"key":"LiquidBronze"},{"floor":16,"key":"Block Potion"}],"is_trial":false,"path_per_floor":["M","$","M","?","M","E","R","E","T","R","M","E","?","M","R","B",null,"M","M","M","?","M","E"],"character_chosen":"THE_SILENT","items_purchased":["Skewer"],"campfire_rested":1,"item_purchase_floors":[2],"current_hp_per_floor":[59,59,59,59,59,46,46,9,9,28,21,11,11,10,10,8,52,52,39,29,29,23,0],"gold":521,"neow_bonus":"THREE_ENEMY_KILL","is_prod":false,"is_daily":false,"chose_seed":false,"campfire_upgraded":2,"win_rate":0,"timestamp":1553287862,"path_taken":["M","$","M","?","M","E","R","E","T","R","?","E","?","?","R","BOSS","M","?","M","?","M","E"],"build_version":"2019-01-23","purchased_purges":0,"victory":false,"max_hp_per_floor":[66,66,66,66,66,66,66,66,66,66,66,66,66,66,66,66,66,66,66,66,66,66,66],"card_choices":[{"not_picked":["Dodge and Roll","Dagger Throw"],"picked":"Well Laid Plans","floor":1},{"not_picked":["Expertise","Dagger Throw"],"picked":"Bouncing Flask","floor":3},{"not_picked":["Prepared","Infinite Blades"],"picked":"Noxious Fumes","floor":5},{"not_picked":["Expertise","Slice"],"picked":"Dash","floor":6},{"not_picked":["Masterful Stab","Flying Knee","Predator"],"picked":"SKIP","floor":8},{"not_picked":["Acrobatics","Blur","Prepared"],"picked":"SKIP","floor":11},{"not_picked":["Bane","Expertise"],"picked":"Backstab","floor":12},{"not_picked":["Slice","Dagger Throw"],"picked":"Deadly Poison","floor":14},{"not_picked":["A Thousand Cuts","Glass Knife"],"picked":"Burst","floor":16},{"not_picked":["Deflect+1","Dagger Throw"],"picked":"Footwork","floor":18},{"not_picked":["Deflect","Riddle With Holes"],"picked":"PiercingWail","floor":19},{"not_picked":["Caltrops+1","Deadly Poison","Slice"],"picked":"SKIP","floor":20},{"not_picked":["Well Laid Plans","Heel Hook","Sucker Punch"],"picked":"SKIP","floor":22}],"player_experience":2170862,"relics_obtained":[{"floor":6,"key":"Whetstone"},{"floor":8,"key":"MawBank"},{"floor":9,"key":"Snake Skull"},{"floor":12,"key":"Paper Crane"}],"event_choices":[{"damage_healed":0,"gold_gain":0,"player_choice":"Ignored","damage_taken":0,"max_hp_gain":0,"max_hp_loss":0,"event_name":"WeMeetAgain","floor":4,"gold_loss":0},{"damage_healed":0,"gold_gain":0,"player_choice":"Forge","damage_taken":0,"max_hp_gain":0,"max_hp_loss":0,"event_name":"Accursed Blacksmith","floor":13,"gold_loss":0,"cards_upgraded":["Bouncing Flask"]},{"damage_healed":0,"gold_gain":0,"player_choice":"Ignored","damage_taken":0,"max_hp_gain":0,"max_hp_loss":0,"event_name":"Cursed Tome","floor":21,"gold_loss":0}],"is_beta":false,"boss_relics":[{"not_picked":["Cursed Key","Empty Cage"],"picked":"Sozu"}],"items_purged_floors":[],"is_endless":false,"potions_floor_spawned":[6,8,11,14,16,18,19,20],"killed_by":"Slavers","ascension_level":20}