{"gold_per_floor":[109,109,109,130,153,153,192,192,492,516,7,31,31,31,31,120,120,145,159,159,183,108,139,139,139,139,182,182],"floor_reached":28,"playtime":1471,"items_purged":["Strike_G"],"score":552,"play_id":"630e6849-aeb0-402d-bec4-07c9d2f42568","local_time":"20190324221316","is_ascension_mode":true,"campfire_choices":[{"data":"Dagger Spray","floor":6,"key":"SMITH"},{"floor":8,"key":"REST"},{"data":"Noxious Fumes","floor":13,"key":"SMITH"},{"floor":15,"key":"REST"},{"floor":24,"key":"REST"}],"neow_cost":"NONE","seed_source_timestamp":3916989927150,"circlet_count":0,"master_deck":["AscendersBane","Defend_G","Defend_G","Defend_G","Defend_G","Defend_G","Strike_G+1","Strike_G","Strike_G","Survivor","Neutralize","Dagger Spray+1","Quick Slash","Bouncing Flask","Noxious Fumes+1","Crippling Poison+1","Corpse Explosion","Poisoned Stab","PiercingWail","Ghostly","Ghostly","Ghostly","Adrenaline"],"relics":["Ring of the Snake","NeowsBlessing","Golden Idol","Gambling Chip","Old Coin","Bottled Tornado","Lantern","Velvet Choker","Boot","Frozen Egg 2","Bronze Scales"],"potions_floor_usage":[7,16,18,21,25],"damage_taken":[{"damage":0,"enemies":"Jaw Worm","floor":1,"turns":1},{"damage":0,"enemies":"Small Slimes","floor":4,"turns":1},{"damage":0,"enemies":"Cultist","floor":5,"turns":1},{"damage":29,"enemies":"3 Sentries","floor":7,"turns":9},{"damage":0,"enemies":"2 Fungi Beasts","floor":10,"turns":3},{"damage":0,"enemies":"Large Slime","floor":12,"turns":4},{"damage":11,"enemies":"Hexaghost","floor":16,"turns":9},{"damage":14,"enemies":"2 Thieves","floor":18,"turns":2},{"damage":3,"enemies":"Spheric Guardian","floor":19,"turns":3},{"damage":10,"enemies":"Cultist and Chosen","floor":21,"turns":4},{"damage":20,"enemies":"Book of Stabbing","floor":23,"turns":5},{"damage":3,"enemies":"Gremlin Leader","floor":25,"turns":4},{"damage":3,"enemies":"Book of Stabbing","floor":27,"turns":6},{"damage":7,"enemies":"Chosen and Byrds","floor":28,"turns":3}],"seed_played":"-5047508727801823973","potions_obtained":[{"floor":5,"key":"Fire Potion"},{"floor":10,"key":"Explosive Potion"},{"floor":12,"key":"Block Potion"},{"floor":19,"key":"SkillPotion"},{"floor":21,"key":"SmokeBomb"}],"is_trial":false,"path_per_floor":["M","?","?","M","M","R","E","R","T","M","$","M","R","?","R","B",null,"M","M","?","M","?","E","R","E","T","E","M"],"character_chosen":"THE_SILENT","items_purchased":["Bottled Tornado","Lantern"],"campfire_rested":3,"item_purchase_floors":[11,11],"current_hp_per_floor":[59,36,36,36,36,36,7,26,26,26,26,26,26,6,25,14,53,39,36,33,23,23,3,12,9,9,6,0],"gold":182,"neow_bonus":"THREE_ENEMY_KILL","is_prod":false,"is_daily":false,"chose_seed":false,"campfire_upgraded":2,"win_rate":0,"timestamp":1553461996,"path_taken":["M","?","?","M","?","R","E","R","T","M","$","M","R","?","R","BOSS","M","M","?","M","?","E","R","E","T","E","M"],"build_version":"2019-01-23","purchased_purges":1,"victory":false,"max_hp_per_floor":[66,66,66,66,66,66,66,66,66,66,66,66,66,66,66,66,66,66,66,33,33,33,33,33,33,33,33,33],"card_choices":[{"not_picked":["PiercingWail","Dodge and Roll"],"picked":"Dagger Spray","floor":1},{"not_picked":["Dagger Throw","Blur"],"picked":"Quick Slash","floor":4},{"not_picked":["Quick Slash","Outmaneuver"],"picked":"Bouncing Flask","floor":5},{"not_picked":["Cloak And Dagger","Blade Dance","Underhanded Strike"],"picked":"SKIP","floor":7},{"not_picked":["Endless Agony","Quick Slash"],"picked":"Noxious Fumes","floor":10},{"not_picked":["Slice","Flying Knee"],"picked":"Crippling Poison","floor":12},{"not_picked":["Venomology","Burst"],"picked":"Corpse Explosion","floor":16},{"not_picked":["Cloak And Dagger","Accuracy"],"picked":"Poisoned Stab","floor":18},{"not_picked":["Poisoned Stab","Tactician"],"picked":"PiercingWail","floor":19},{"not_picked":["Envenom","Cloak And Dagger","Blur"],"picked":"SKIP","floor":21},{"not_picked":["Accuracy","Predator+1"],"picked":"Adrenaline","floor":23},{"not_picked":["Dagger Throw","Finisher","Outmaneuver"],"picked":"SKIP","floor":27}],"player_experience":2194886,"relics_obtained":[{"floor":7,"key":"Gambling Chip"},{"floor":9,"key":"Old Coin"},{"floor":23,"key":"Boot"},{"floor":26,"key":"Frozen Egg 2"},{"floor":27,"key":"Bronze Scales"}],"event_choices":[{"damage_healed":0,"gold_gain":0,"player_choice":"Take Damage","damage_taken":23,"relics_obtained":["Golden Idol"],"max_hp_gain":0,"max_hp_loss":0,"event_name":"Golden Idol","floor":2,"gold_loss":0},{"damage_healed":0,"gold_gain":0,"player_choice":"0 cards matched","damage_taken":0,"max_hp_gain":0,"max_hp_loss":0,"event_name":"Match and Keep!","floor":3,"gold_loss":0,"cards_obtained":[]},{"damage_healed":0,"gold_gain":0,"player_choice":"Entered Light","damage_taken":20,"max_hp_gain":0,"max_hp_loss":0,"event_name":"Shining Light","floor":14,"gold_loss":0,"cards_upgraded":["Crippling Poison","Strike_G"]},{"damage_healed":0,"gold_gain":0,"player_choice":"Became a Ghost","damage_taken":0,"max_hp_gain":0,"max_hp_loss":33,"event_name":"Ghosts","floor":20,"gold_loss":0,"cards_obtained":["Ghostly","Ghostly","Ghostly"]},{"cards_removed":["Strike_G"],"damage_healed":0,"gold_gain":0,"player_choice":"Gave Gold","damage_taken":0,"max_hp_gain":0,"max_hp_loss":0,"event_name":"Beggar","floor":22,"gold_loss":75}],"is_beta":false,"boss_relics":[{"not_picked":["Cursed Key","Runic Pyramid"],"picked":"Velvet Choker"}],"items_purged_floors":[11],"is_endless":false,"potions_floor_spawned":[5,10,12,19,21,25],"killed_by":"Chosen and Byrds","ascension_level":20}