{"gold_per_floor":[119,137,150,166,179,213,225,225,225,260,67,67,67,83,83,214,214,229,248,267,286,309,309],"floor_reached":23,"playtime":4973,"items_purged":[],"score":209,"play_id":"bb2cdb38-9691-48dc-b4a6-bb2ff5a594d7","local_time":"20190512200243","is_ascension_mode":false,"campfire_choices":[{"data":"Biased Cognition","floor":15.0,"key":"SMITH"}],"neow_cost":"NONE","seed_source_timestamp":0,"circlet_count":0,"master_deck":["Strike_B","Strike_B","Strike_B","Defend_B","Defend_B","Defend_B","Defend_B","Zap","Dualcast+1","Echo Form","Ball Lightning","Consume","Ball Lightning","Core Surge","Coolheaded","Biased Cognition+1","Chill","Multi-Cast","Echo Form","Tempest","Self Repair","Glacier"],"special_seed":0,"relics":["Cracked Core","Ancient Tea Set","Orichalcum","Kunai","ClockworkSouvenir","Golden Idol","Snecko Eye"],"potions_floor_usage":[22],"damage_taken":[{"damage":2.0,"enemies":"2 Louse","floor":1.0,"turns":3.0},{"damage":0.0,"enemies":"Cultist","floor":2.0,"turns":4.0},{"damage":2.0,"enemies":"Small Slimes","floor":3.0,"turns":2.0},{"damage":6.0,"enemies":"3 Louse","floor":4.0,"turns":3.0},{"damage":10.0,"enemies":"Looter","floor":5.0,"turns":3.0},{"damage":31.0,"enemies":"3 Sentries","floor":6.0,"turns":6.0},{"damage":4.0,"enemies":"Gremlin Gang","floor":7.0,"turns":2.0},{"damage":3.0,"enemies":"Lagavulin","floor":10.0,"turns":7.0},{"damage":8.0,"enemies":"Exordium Thugs","floor":14.0,"turns":4.0},{"damage":1.0,"enemies":"Hexaghost","floor":16.0,"turns":7.0},{"damage":30.0,"enemies":"2 Thieves","floor":18.0,"turns":4.0},{"damage":9.0,"enemies":"Chosen","floor":19.0,"turns":4.0},{"damage":0.0,"enemies":"Centurion and Healer","floor":20.0,"turns":5.0},{"damage":0,"enemies":"3 Cultists","floor":21,"turns":5},{"damage":19,"enemies":"Snake Plant","floor":22,"turns":4},{"damage":32,"enemies":"Slavers","floor":23,"turns":7}],"seed_played":"-2740487917281659708","potions_obtained":[{"floor":3.0,"key":"Poison Potion"},{"floor":4.0,"key":"FocusPotion"},{"floor":6.0,"key":"Explosive Potion"},{"floor":14.0,"key":"LiquidBronze"},{"floor":18.0,"key":"Energy Potion"},{"floor":20.0,"key":"Ancient Potion"}],"is_trial":false,"path_per_floor":["M","M","M","M","M","E","M","?","T","E","$","?","?","M","R","B",null,"M","M","M","M","M","E"],"character_chosen":"DEFECT","items_purchased":["ClockworkSouvenir"],"campfire_rested":0,"item_purchase_floors":[11],"current_hp_per_floor":[73,73,71,65,55,24,20,20,20,17,17,17,17,9,9,8,69,39,30,37,37,32,0],"gold":309,"neow_bonus":"ONE_RANDOM_RARE_CARD","is_prod":false,"is_daily":false,"chose_seed":false,"campfire_upgraded":1,"win_rate":0,"timestamp":1557671563,"path_taken":["M","M","M","M","M","E","M","?","T","E","?","?","?","M","R","BOSS","M","M","M","M","M","E"],"build_version":"2019-01-23","purchased_purges":0,"victory":false,"max_hp_per_floor":[75,75,75,75,75,75,75,75,75,75,75,69,69,69,69,69,69,69,69,69,69,69,69],"card_choices":[{"not_picked":["Force Field","Self Repair"],"picked":"Ball Lightning","floor":1.0},{"not_picked":["Leap","Rip and Tear"],"picked":"Consume","floor":2.0},{"not_picked":["Barrage","Go for the Eyes"],"picked":"Ball Lightning","floor":3.0},{"not_picked":["Consume","Beam Cell"],"picked":"Core Surge","floor":4.0},{"not_picked":["Steam","Hello World"],"picked":"Coolheaded","floor":5.0},{"not_picked":["Capacitor","Undo"],"picked":"Biased Cognition","floor":6.0},{"not_picked":["Consume","Turbo"],"picked":"Chill","floor":7.0},{"not_picked":["Sweeping Beam","Rebound"],"picked":"Multi-Cast","floor":10.0},{"not_picked":["Turbo","Beam Cell","Compile Driver"],"picked":"SKIP","floor":14.0},{"not_picked":["Amplify","Reboot"],"picked":"Echo Form","floor":16.0},{"not_picked":["Darkness","Turbo"],"picked":"Tempest","floor":18.0},{"not_picked":["Cold Snap","Chaos"],"picked":"Self Repair","floor":19.0},{"not_picked":["Conserve Battery","Steam"],"picked":"Glacier","floor":20.0},{"not_picked":["Reinforced Body","Coolheaded","Melter"],"picked":"SKIP","floor":21},{"not_picked":["Sweeping Beam","Ball Lightning","Stack"],"picked":"SKIP","floor":22}],"player_experience":184562,"relics_obtained":[{"floor":6.0,"key":"Ancient Tea Set"},{"floor":9.0,"key":"Orichalcum"},{"floor":10.0,"key":"Kunai"}],"event_choices":[{"cards_removed":["Strike_B"],"damage_healed":0.0,"max_hp_gain":0.0,"max_hp_loss":0.0,"gold_gain":0.0,"event_name":"Bonfire Elementals","player_choice":"Offered Basic","floor":8.0,"gold_loss":0.0,"damage_taken":0.0},{"damage_healed":0.0,"max_hp_gain":0.0,"max_hp_loss":6.0,"gold_gain":0.0,"event_name":"Golden Idol","player_choice":"Lose Max HP","floor":12.0,"gold_loss":0.0,"damage_taken":0.0,"relics_obtained":["Golden Idol"]},{"damage_healed":0.0,"max_hp_gain":0.0,"max_hp_loss":0.0,"gold_gain":0.0,"event_name":"Living Wall","player_choice":"Grow","floor":13.0,"gold_loss":0.0,"damage_taken":0.0,"cards_upgraded":["Dualcast"]}],"is_beta":false,"boss_relics":[{"not_picked":["Tiny House","Runic Dome"],"picked":"Snecko Eye"}],"items_purged_floors":[],"is_endless":false,"potions_floor_spawned":[3,4,6,14,18,20],"killed_by":"Slavers","ascension_level":0}