{"gold_per_floor":[212,223,148,29,42,107,107,124,124,124,157,157,177,208,208,285,285,299,299,299,33,53,84,84,84,162,189,189,221,221,240,240,315,315,334,434,434,283,283,283,315,400,439,50,76,89,89,106,106,106],"floor_reached":50,"playtime":25715,"items_purged":["Writhe","Injury"],"score":1119,"play_id":"8f59a319-3c96-4365-9059-a462fd2634d3","local_time":"20190523163751","is_ascension_mode":true,"campfire_choices":[{"data":"Noxious Fumes","floor":7,"key":"SMITH"},{"data":"Infinite Blades","floor":10,"key":"SMITH"},{"floor":12,"key":"REST"},{"data":"1","floor":15,"key":"LIFT"},{"floor":24,"key":"REST"},{"data":"2","floor":28,"key":"LIFT"},{"floor":30,"key":"REST"},{"data":"Blade Dance","floor":32,"key":"SMITH"},{"data":"3","floor":40,"key":"LIFT"},{"floor":47,"key":"RECALL"},{"data":"Malaise","floor":49,"key":"SMITH"}],"neow_cost":"NONE","seed_source_timestamp":679135761812370,"circlet_count":0,"master_deck":["AscendersBane","Defend_G+1","Defend_G+1","Defend_G+1","Defend_G+1","Defend_G+1","Strike_G+1","Strike_G+1","Strike_G+1","Strike_G+1","Survivor+1","Neutralize","Infinite Blades+1","Accuracy","Well Laid Plans","Leg Sweep","Noxious Fumes+1","Escape Plan","Accuracy","Blade Dance+1","PiercingWail+1","Adrenaline","Backflip","PiercingWail","Caltrops","Prepared+1","Malaise+1","Cloak And Dagger+1","Escape Plan","Noxious Fumes+1","After Image+1","Infinite Blades+1","Acrobatics","Backflip"],"relics":["Ring of the Snake","Tiny Chest","Omamori","Mummified Hand","Girya","Black Star","Enchiridion","Kunai","Blue Candle","Anchor","Matryoshka","Ancient Tea Set","Bag of Preparation","Frozen Egg 2","Calling Bell","Dodecahedron","Incense Burner","War Paint","Tingsha","Letter Opener","Bronze Scales","MawBank","Regal Pillow","Gremlin Horn","Potion Belt","Oddly Smooth Stone","Lantern"],"potions_floor_usage":[23,31,50,50,50],"damage_taken":[{"damage":0,"enemies":"2 Louse","floor":1,"turns":3},{"damage":1,"enemies":"Small Slimes","floor":2,"turns":4},{"damage":6,"enemies":"Jaw Worm","floor":5,"turns":5},{"damage":9,"enemies":"Lagavulin","floor":6,"turns":9},{"damage":1,"enemies":"Looter","floor":8,"turns":5},{"damage":34,"enemies":"Gremlin Nob","floor":11,"turns":5},{"damage":9,"enemies":"Blue Slaver","floor":13,"turns":4},{"damage":1,"enemies":"Lagavulin","floor":14,"turns":6},{"damage":6,"enemies":"Hexaghost","floor":16,"turns":10},{"damage":13,"enemies":"Spheric Guardian","floor":18,"turns":5},{"damage":0,"enemies":"3 Byrds","floor":22,"turns":6},{"damage":10,"enemies":"Book of Stabbing","floor":23,"turns":6},{"damage":2,"enemies":"Slavers","floor":29,"turns":5},{"damage":0,"enemies":"Centurion and Healer","floor":31,"turns":4},{"damage":28,"enemies":"Champ","floor":33,"turns":13},{"damage":20,"enemies":"3 Darklings","floor":35,"turns":7},{"damage":1,"enemies":"Mind Bloom Boss Battle","floor":36,"turns":8},{"damage":17,"enemies":"Giant Head","floor":41,"turns":8},{"damage":0,"enemies":"Orb Walker","floor":46,"turns":3},{"damage":0,"enemies":"Transient","floor":48,"turns":6},{"damage":45,"enemies":"Awakened One","floor":50,"turns":2}],"seed_played":"1041008658270447737","potions_obtained":[{"floor":1,"key":"Explosive Potion"},{"floor":2,"key":"Explosive Potion"},{"floor":18,"key":"Dexterity Potion"},{"floor":31,"key":"Explosive Potion"},{"floor":36,"key":"LiquidBronze"},{"floor":46,"key":"SkillPotion"}],"is_trial":false,"path_per_floor":["M","M","?","$","M","E","R","M","T","R","E","R","M","E","R","B",null,"M","?","?","$","M","E","R","?","T","T","R","E","R","M","R","B",null,"M","?","T","$","?","R","E","T","T","$","T","M","R","M","R","B"],"character_chosen":"THE_SILENT","items_purchased":["Well Laid Plans","Leg Sweep","Kunai","Noxious Fumes+1","Infinite Blades+1","Oddly Smooth Stone","Acrobatics"],"campfire_rested":3,"item_purchase_floors":[4,4,21,38,44,44,44],"current_hp_per_floor":[59,58,58,58,52,43,43,42,42,42,8,27,18,17,17,11,52,39,18,18,18,18,8,27,27,27,27,27,25,44,44,44,16,54,34,33,33,33,54,54,37,37,37,37,37,37,37,37,37,0],"gold":106,"neow_bonus":"HUNDRED_GOLD","is_prod":false,"is_daily":false,"chose_seed":false,"campfire_upgraded":4,"win_rate":0,"timestamp":1558622271,"path_taken":["M","M","?","$","M","E","R","M","T","R","E","R","M","E","R","BOSS","M","?","?","$","?","E","R","?","T","?","R","E","R","M","R","BOSS","M","?","?","$","?","R","E","?","T","?","?","?","R","M","R","BOSS"],"build_version":"2019-01-23","purchased_purges":2,"victory":false,"max_hp_per_floor":[66,66,66,66,66,66,66,66,66,66,66,66,66,66,66,66,66,66,66,66,66,66,66,66,66,66,66,66,66,66,66,66,66,66,66,66,66,66,54,54,54,54,54,54,54,54,54,54,54,54],"card_choices":[{"not_picked":["Calculated Gamble","Bane"],"picked":"Infinite Blades","floor":1},{"not_picked":["Expertise","Acrobatics"],"picked":"Accuracy","floor":2},{"not_picked":["PiercingWail","Acrobatics"],"picked":"Noxious Fumes","floor":5},{"not_picked":["Dagger Spray","Skewer"],"picked":"Escape Plan","floor":6},{"not_picked":["Poisoned Stab","Prepared"],"picked":"Accuracy","floor":8},{"not_picked":["Sucker Punch","Dodge and Roll"],"picked":"Blade Dance","floor":11},{"not_picked":["Deadly Poison","Sucker Punch","Poisoned Stab"],"picked":"SKIP","floor":13},{"not_picked":["Dagger Spray","Dagger Throw"],"picked":"PiercingWail","floor":14},{"not_picked":["Die Die Die","Venomology"],"picked":"Adrenaline","floor":16},{"not_picked":["Underhanded Strike+1","Sucker Punch"],"picked":"Backflip","floor":18},{"not_picked":["Finisher","Deflect"],"picked":"PiercingWail","floor":22},{"not_picked":["Escape Plan","All Out Attack"],"picked":"Caltrops","floor":23},{"not_picked":["Outmaneuver","Heel Hook"],"picked":"Prepared+1","floor":29},{"not_picked":["Quick Slash","Finisher","Sucker Punch"],"picked":"SKIP","floor":31},{"not_picked":["Storm of Steel","Glass Knife"],"picked":"Malaise","floor":33},{"not_picked":["Prepared+1","Backflip"],"picked":"Cloak And Dagger+1","floor":35},{"not_picked":["Masterful Stab+1","Acrobatics"],"picked":"Escape Plan","floor":36},{"not_picked":["Deadly Poison+1","Dagger Throw+1"],"picked":"After Image+1","floor":41},{"not_picked":["Distraction","PiercingWail"],"picked":"Backflip","floor":46},{"not_picked":["Reflex","Backflip","Dagger Spray"],"picked":"SKIP","floor":48}],"player_experience":2800899,"relics_obtained":[{"floor":6,"key":"Tiny Chest"},{"floor":9,"key":"Omamori"},{"floor":11,"key":"Mummified Hand"},{"floor":14,"key":"Girya"},{"floor":19,"key":"Enchiridion"},{"floor":23,"key":"Blue Candle"},{"floor":23,"key":"Anchor"},{"floor":26,"key":"Matryoshka"},{"floor":27,"key":"Ancient Tea Set"},{"floor":29,"key":"Bag of Preparation"},{"floor":29,"key":"Frozen Egg 2"},{"floor":34,"key":"Dodecahedron"},{"floor":34,"key":"Incense Burner"},{"floor":34,"key":"War Paint"},{"floor":36,"key":"Tingsha"},{"floor":37,"key":"Letter Opener"},{"floor":37,"key":"Bronze Scales"},{"floor":41,"key":"MawBank"},{"floor":41,"key":"Regal Pillow"},{"floor":42,"key":"Gremlin Horn"},{"floor":43,"key":"Potion Belt"},{"floor":45,"key":"Lantern"}],"event_choices":[{"cards_removed":["Strike_G"],"damage_healed":0,"gold_gain":0,"player_choice":"Card Removal","damage_taken":0,"max_hp_gain":0,"max_hp_loss":0,"event_name":"The Cleric","floor":3,"gold_loss":75},{"damage_healed":0,"gold_gain":0,"player_choice":"Obtained Book","damage_taken":21,"max_hp_gain":0,"max_hp_loss":0,"event_name":"Cursed Tome","floor":19,"gold_loss":0},{"damage_healed":0,"gold_gain":0,"player_choice":"Simplicity","damage_taken":0,"max_hp_gain":0,"max_hp_loss":0,"event_name":"Back to Basics","floor":20,"gold_loss":0,"cards_upgraded":["Defend_G","Defend_G","Defend_G","Defend_G","Defend_G","Strike_G","Strike_G","Strike_G","Strike_G"]},{"damage_healed":0,"gold_gain":0,"player_choice":"Smashed Altar","damage_taken":0,"max_hp_gain":0,"max_hp_loss":0,"event_name":"Forgotten Altar","floor":25,"gold_loss":0,"cards_obtained":["Decay"]},{"damage_healed":0,"gold_gain":0,"player_choice":"Fight","damage_taken":0,"max_hp_gain":0,"max_hp_loss":0,"event_name":"MindBloom","floor":36,"gold_loss":0},{"damage_healed":54,"gold_gain":0,"player_choice":"Heal","damage_taken":0,"max_hp_gain":0,"max_hp_loss":12,"event_name":"The Moai Head","floor":39,"gold_loss":0}],"is_beta":false,"boss_relics":[{"not_picked":["Fusion Hammer","Empty Cage"],"picked":"Black Star"},{"not_picked":["Tiny House","Lizard Tail"],"picked":"Calling Bell"}],"items_purged_floors":[38,44],"is_endless":false,"potions_floor_spawned":[1,2,6,16,18,22,31,36,46],"killed_by":"Awakened One","ascension_level":20}