{"gold_per_floor":[115,0,0,0,0,0,0,0,53,79,97,113,142,162,162,236,236,254,270,270],"floor_reached":20,"playtime":999,"items_purged":["Strike_G"],"score":414,"play_id":"3870b07c-13d9-4e77-aed3-bf9602807bc0","local_time":"20190216190639","is_ascension_mode":true,"campfire_choices":[{"data":"Noxious Fumes","floor":6,"key":"SMITH"},{"data":"Crippling Poison","floor":8,"key":"SMITH"},{"data":"Backflip","floor":15,"key":"SMITH"}],"neow_cost":"NONE","seed_source_timestamp":150123461519349,"circlet_count":0,"master_deck":["AscendersBane","Defend_G","Defend_G","Defend_G","Defend_G","Strike_G","Strike_G","Strike_G","Survivor","Neutralize","Crippling Poison+1","Noxious Fumes+1","Noxious Fumes+1","Backflip+1","After Image+1","Backflip","Bane"],"relics":["Ring of the Snake","NeowsBlessing","Tiny Chest","Frozen Egg 2","Smiling Mask","Empty Cage"],"potions_floor_usage":[16,20],"damage_taken":[{"damage":0,"enemies":"Jaw Worm","floor":1,"turns":1},{"damage":0,"enemies":"Lagavulin","floor":10,"turns":1},{"damage":0,"enemies":"Small Slimes","floor":11,"turns":1},{"damage":0,"enemies":"Cultist","floor":12,"turns":4},{"damage":15,"enemies":"3 Sentries","floor":13,"turns":6},{"damage":4,"enemies":"Blue Slaver","floor":14,"turns":5},{"damage":14,"enemies":"Hexaghost","floor":16,"turns":9},{"damage":13,"enemies":"Shell Parasite","floor":18,"turns":7},{"damage":0,"enemies":"Spheric Guardian","floor":19,"turns":6},{"damage":20,"enemies":"Colosseum Slavers","floor":20,"turns":5},{"damage":38,"enemies":"Colosseum Nobs","floor":20,"turns":3}],"seed_played":"2640946839785538126","potions_obtained":[{"floor":1,"key":"Poison Potion"},{"floor":10,"key":"Strength Potion"},{"floor":11,"key":"Poison Potion"}],"is_trial":false,"path_per_floor":["M","$","?","?","$","R","$","R","T","E","M","M","E","M","R","B",null,"M","M","?"],"character_chosen":"THE_SILENT","items_purchased":["Noxious Fumes"],"campfire_rested":0,"item_purchase_floors":[2],"current_hp_per_floor":[59,59,59,64,64,64,64,64,64,64,64,64,49,45,45,31,61,48,48,0],"gold":270,"neow_bonus":"THREE_ENEMY_KILL","is_prod":false,"is_daily":false,"chose_seed":false,"campfire_upgraded":3,"win_rate":0,"timestamp":1550340399,"path_taken":["M","$","?","?","?","R","$","R","T","E","?","M","E","M","R","BOSS","M","M","?"],"build_version":"2019-01-23","purchased_purges":1,"victory":false,"max_hp_per_floor":[66,66,66,71,71,71,71,71,71,71,71,71,71,71,71,71,71,71,71,71],"card_choices":[{"not_picked":["Quick Slash","Distraction"],"picked":"Crippling Poison","floor":1},{"not_picked":["Slice","Riddle With Holes","Eviscerate"],"picked":"SKIP","floor":10},{"not_picked":["Quick Slash","Eviscerate"],"picked":"Noxious Fumes+1","floor":11},{"not_picked":["Expertise","Infinite Blades+1"],"picked":"Backflip","floor":12},{"not_picked":["Sucker Punch","Storm of Steel","Dagger Throw"],"picked":"SKIP","floor":13},{"not_picked":["Dagger Throw","Sucker Punch","Outmaneuver"],"picked":"SKIP","floor":14},{"not_picked":["Night Terror","Envenom+1"],"picked":"After Image+1","floor":16},{"not_picked":["Terror+1","Dagger Spray"],"picked":"Backflip","floor":18},{"not_picked":["Choke","Acrobatics"],"picked":"Bane","floor":19}],"player_experience":1699992,"relics_obtained":[{"floor":9,"key":"Tiny Chest"},{"floor":10,"key":"Frozen Egg 2"},{"floor":13,"key":"Smiling Mask"}],"event_choices":[{"damage_healed":0,"gold_gain":0,"player_choice":"Leave","damage_taken":0,"max_hp_gain":0,"max_hp_loss":0,"event_name":"The Cleric","floor":3,"gold_loss":0},{"damage_healed":0,"gold_gain":0,"player_choice":"Donut","damage_taken":0,"max_hp_gain":5,"max_hp_loss":0,"event_name":"Big Fish","floor":4,"gold_loss":0},{"damage_healed":0,"gold_gain":0,"player_choice":"Fight","damage_taken":0,"max_hp_gain":0,"max_hp_loss":0,"event_name":"Colosseum","floor":20,"gold_loss":0},{"damage_healed":0,"gold_gain":0,"player_choice":"Fought Nobs","damage_taken":0,"max_hp_gain":0,"max_hp_loss":0,"event_name":"Colosseum","floor":20,"gold_loss":0}],"is_beta":false,"boss_relics":[{"not_picked":["HoveringKite","Black Star"],"picked":"Empty Cage"}],"items_purged_floors":[2],"is_endless":false,"potions_floor_spawned":[1,10,11],"killed_by":"Colosseum Nobs","ascension_level":20}