{"gold_per_floor":[110,129,141,121,131,162,172,203,203,219,219,235,385,395,395,469,469,489,414,414,431,212,238,238,255,308,308,308,308,334,344,344,344],"floor_reached":33,"playtime":2091,"items_purged":[],"score":563,"play_id":"d029a3e9-8a30-42f2-a846-9bd014e13e15","local_time":"20190406131746","is_ascension_mode":true,"campfire_choices":[{"floor":11.0,"key":"REST"},{"data":"Tools of the Trade","floor":15.0,"key":"SMITH"},{"floor":24.0,"key":"REST"},{"floor":29.0,"key":"REST"},{"data":"Adrenaline","floor":32.0,"key":"SMITH"}],"neow_cost":"NONE","seed_source_timestamp":50633859150752,"circlet_count":0,"master_deck":["AscendersBane","Defend_G","Defend_G","Defend_G","Defend_G","Defend_G","Survivor","Neutralize+1","Dodge and Roll","Quick Slash","Escape Plan","Dagger Throw","Deflect","Tools of the Trade+1","A Thousand Cuts","Backflip","Dash","Footwork","Adrenaline+1","Flechettes+1","Cloak And Dagger","Poisoned Stab+1","Backstab+1","Bite+1","Bite+1","Bite+1","Bite+1","Bite+1","Acrobatics","Sucker Punch+1"],"special_seed":0,"relics":["Ring of the Snake","Strawberry","Mercury Hourglass","Bottled Tornado","Black Star","Lee\u0027s Waffle","Molten Egg 2","Bottled Lightning","Whetstone","Vajra","Blue Candle"],"potions_floor_usage":[],"damage_taken":[{"damage":3.0,"enemies":"Small Slimes","floor":1.0,"turns":5.0},{"damage":1.0,"enemies":"Cultist","floor":2.0,"turns":6.0},{"damage":6.0,"enemies":"Jaw Worm","floor":3.0,"turns":6.0},{"damage":3.0,"enemies":"Looter","floor":5.0,"turns":4.0},{"damage":14.0,"enemies":"Gremlin Nob","floor":6.0,"turns":4.0},{"damage":8.0,"enemies":"Lots of Slimes","floor":7.0,"turns":5.0},{"damage":26.0,"enemies":"3 Sentries","floor":8.0,"turns":16.0},{"damage":0.0,"enemies":"2 Fungi Beasts","floor":10.0,"turns":3.0},{"damage":0.0,"enemies":"Looter","floor":12.0,"turns":3.0},{"damage":1.0,"enemies":"Lots of Slimes","floor":14.0,"turns":4.0},{"damage":23.0,"enemies":"Hexaghost","floor":16.0,"turns":18.0},{"damage":32.0,"enemies":"3 Byrds","floor":18.0,"turns":7.0},{"damage":10.0,"enemies":"2 Thieves","floor":21.0,"turns":4.0},{"damage":78.0,"enemies":"Book of Stabbing","floor":23.0,"turns":11.0},{"damage":14.0,"enemies":"Cultist and Chosen","floor":25.0,"turns":7.0},{"damage":29.0,"enemies":"Slavers","floor":30.0,"turns":6.0},{"damage":11.0,"enemies":"Sentry and Sphere","floor":31.0,"turns":7.0},{"damage":57,"enemies":"Automaton","floor":33,"turns":6}],"seed_played":"4344414327097479741","potions_obtained":[{"floor":1.0,"key":"Ancient Potion"},{"floor":4.0,"key":"EntropicBrew"},{"floor":7.0,"key":"SneckoOil"},{"floor":12.0,"key":"AttackPotion"},{"floor":14.0,"key":"GhostInAJar"},{"floor":16.0,"key":"Ancient Potion"},{"floor":21.0,"key":"Fruit Juice"},{"floor":23.0,"key":"Swift Potion"},{"floor":30.0,"key":"Fire Potion"}],"is_trial":false,"path_per_floor":["M","M","M","?","M","E","M","E","T","M","R","M","?","M","R","B",null,"M","?","?","M","$","E","R","M","T","?","?","R","E","M","R","B"],"character_chosen":"THE_SILENT","items_purchased":["Lee\u0027s Waffle"],"campfire_rested":3,"item_purchase_floors":[22],"current_hp_per_floor":[62,61,55,55,52,45,37,11,11,11,34,34,34,33,33,10,62,30,30,30,25,91,13,40,26,26,26,26,44,39,46,46,0],"gold":344,"neow_bonus":"TEN_PERCENT_HP_BONUS","is_prod":false,"is_daily":false,"chose_seed":false,"campfire_upgraded":2,"win_rate":0,"timestamp":1554581866,"path_taken":["M","M","M","?","M","E","M","E","T","M","R","?","?","M","R","BOSS","M","?","?","?","?","E","R","M","T","?","?","R","E","M","R","BOSS"],"build_version":"2019-01-23","purchased_purges":0,"victory":false,"max_hp_per_floor":[72,72,72,72,72,79,79,79,79,79,79,79,79,79,79,79,79,79,79,79,84,91,91,91,91,91,63,63,63,63,63,63,63],"card_choices":[{"not_picked":["Reflex","Skewer"],"picked":"Dodge and Roll","floor":1.0},{"not_picked":["Acrobatics","Dodge and Roll"],"picked":"Quick Slash","floor":2.0},{"not_picked":["Sucker Punch","Slice"],"picked":"Escape Plan","floor":3.0},{"not_picked":["Blade Dance","Heel Hook"],"picked":"Dagger Throw","floor":5.0},{"not_picked":["Accuracy","Acrobatics"],"picked":"Deflect","floor":6.0},{"not_picked":["Poisoned Stab","Expertise"],"picked":"Tools of the Trade","floor":7.0},{"not_picked":["Flying Knee","Outmaneuver"],"picked":"A Thousand Cuts","floor":8.0},{"not_picked":["Dagger Throw","Infinite Blades"],"picked":"Backflip","floor":10.0},{"not_picked":["Poisoned Stab","Quick Slash"],"picked":"Dash","floor":12.0},{"not_picked":["PiercingWail","Sucker Punch"],"picked":"Footwork","floor":14.0},{"not_picked":["Phantasmal Killer","Unload"],"picked":"Adrenaline","floor":16.0},{"not_picked":["Dagger Throw","Sucker Punch"],"picked":"Flechettes+1","floor":18.0},{"not_picked":["Dash","Endless Agony"],"picked":"Cloak And Dagger","floor":21.0},{"not_picked":["Masterful Stab","Dagger Spray"],"picked":"Poisoned Stab","floor":23.0},{"not_picked":["Acrobatics+1","Flying Knee+1"],"picked":"Backstab+1","floor":25.0},{"not_picked":["Dagger Spray+1","Infinite Blades"],"picked":"Acrobatics","floor":30.0},{"not_picked":["Dagger Throw+1","Outmaneuver"],"picked":"Sucker Punch+1","floor":31.0}],"player_experience":684994,"relics_obtained":[{"floor":6.0,"key":"Strawberry"},{"floor":8.0,"key":"Mercury Hourglass"},{"floor":9.0,"key":"Bottled Tornado"},{"floor":23.0,"key":"Molten Egg 2"},{"floor":23.0,"key":"Bottled Lightning"},{"floor":26.0,"key":"Whetstone"},{"floor":30.0,"key":"Vajra"},{"floor":30.0,"key":"Blue Candle"}],"event_choices":[{"damage_healed":0.0,"max_hp_gain":0.0,"max_hp_loss":0.0,"gold_gain":0.0,"event_name":"The Woman in Blue","player_choice":"Bought 1 Potion","floor":4.0,"gold_loss":0.0,"damage_taken":0.0},{"damage_healed":0.0,"max_hp_gain":0.0,"max_hp_loss":0.0,"gold_gain":150.0,"event_name":"Liars Game","player_choice":"AGREE","floor":13.0,"gold_loss":0.0,"damage_taken":0.0,"cards_obtained":["Doubt"]},{"cards_removed":["Doubt"],"damage_healed":0.0,"max_hp_gain":0.0,"max_hp_loss":0.0,"gold_gain":0.0,"event_name":"Beggar","player_choice":"Gave Gold","floor":19.0,"gold_loss":75.0,"damage_taken":0.0},{"cards_removed":["Strike_G"],"damage_healed":0.0,"max_hp_gain":0.0,"max_hp_loss":0.0,"gold_gain":0.0,"event_name":"Purifier","player_choice":"Purged","floor":20.0,"gold_loss":0.0,"damage_taken":0.0},{"damage_healed":0.0,"max_hp_gain":0.0,"max_hp_loss":28.0,"gold_gain":0.0,"event_name":"Vampires","player_choice":"Became a vampire","floor":27.0,"gold_loss":0.0,"damage_taken":0.0,"cards_obtained":["Bite","Bite","Bite","Bite","Bite"]},{"damage_healed":0.0,"max_hp_gain":0.0,"max_hp_loss":0.0,"gold_gain":0.0,"event_name":"Ghosts","player_choice":"Ignored","floor":28.0,"gold_loss":0.0,"damage_taken":0.0}],"is_beta":false,"boss_relics":[{"not_picked":["White Beast Statue","Busted Crown"],"picked":"Black Star"}],"items_purged_floors":[],"is_endless":false,"potions_floor_spawned":[1,7,12,14,16,21,23,30],"killed_by":"Automaton","ascension_level":16}