{"gold_per_floor":[119,138,51,51,51,91,91,91,136,136,205,236,86,154,154,250,250,266,332,382,464,404,404,430,430,510,510,544,608,254,267,267,344,344,358,408,428,478,493,527,577,603,628,628,658,658,708,743,743,743,743,743,743,149,177,177],"floor_reached":57,"playtime":15058,"items_purged":["Strike_G","Strike_G","Strike_G+1"],"score":3174,"play_id":"6312d62b-38af-4664-bbaf-ab8edcba0923","local_time":"20190419204233","is_ascension_mode":true,"campfire_choices":[{"data":"Crippling Poison","floor":7.0,"key":"SMITH"},{"floor":10.0,"key":"REST"},{"data":"Footwork","floor":15.0,"key":"SMITH"},{"floor":23.0,"key":"REST"},{"floor":25.0,"key":"REST"},{"data":"Riddle With Holes","floor":27.0,"key":"SMITH"},{"data":"Well Laid Plans","floor":32.0,"key":"SMITH"},{"floor":44.0,"key":"RECALL"},{"data":"Catalyst","floor":46.0,"key":"SMITH"},{"data":"Footwork","floor":49.0,"key":"SMITH"},{"data":"Malaise","floor":53.0,"key":"SMITH"}],"neow_cost":"NONE","seed_source_timestamp":847316011042161,"circlet_count":0,"master_deck":["AscendersBane","Defend_G","Defend_G","Defend_G","Defend_G","Defend_G","Survivor+1","Neutralize+1","Bouncing Flask+1","Crippling Poison+1","Well Laid Plans+1","Deadly Poison","Footwork+1","Leg Sweep","After Image","Riddle With Holes+1","Malaise+1","Acrobatics","Footwork","After Image","Leg Sweep","Footwork+1","Catalyst+1","PiercingWail","Adrenaline","Footwork","Underhanded Strike"],"special_seed":0,"relics":["Ring of the Snake","NeowsBlessing","Bloody Idol","Happy Flower","SsserpentHead","Vajra","War Paint","Snecko Eye","Red Mask","Mummified Hand","Meat on the Bone","Paper Crane","Chemical X","Black Star","Centennial Puzzle","Bottled Tornado","Pear","Ginger","Dream Catcher","Whetstone","Omamori","Art of War","Strawberry","Anchor","Oddly Smooth Stone"],"potions_floor_usage":[56,56],"damage_taken":[{"damage":0.0,"enemies":"2 Louse","floor":1.0,"turns":1.0},{"damage":0.0,"enemies":"Small Slimes","floor":2.0,"turns":1.0},{"damage":0.0,"enemies":"Lagavulin","floor":6.0,"turns":1.0},{"damage":0.0,"enemies":"Cultist","floor":11.0,"turns":3.0},{"damage":9.0,"enemies":"3 Sentries","floor":12.0,"turns":5.0},{"damage":10.0,"enemies":"Lots of Slimes","floor":14.0,"turns":3.0},{"damage":25.0,"enemies":"Hexaghost","floor":16.0,"turns":11.0},{"damage":1.0,"enemies":"2 Thieves","floor":18.0,"turns":4.0},{"damage":0.0,"enemies":"Spheric Guardian","floor":19.0,"turns":3.0},{"damage":38.0,"enemies":"Masked Bandits","floor":21.0,"turns":4.0},{"damage":28.0,"enemies":"Slavers","floor":24.0,"turns":7.0},{"damage":2.0,"enemies":"Book of Stabbing","floor":28.0,"turns":4.0},{"damage":0.0,"enemies":"Snake Plant","floor":29.0,"turns":5.0},{"damage":0.0,"enemies":"Centurion and Healer","floor":31.0,"turns":5.0},{"damage":6.0,"enemies":"Champ","floor":33.0,"turns":11.0},{"damage":3.0,"enemies":"3 Darklings","floor":35.0,"turns":5.0},{"damage":1.0,"enemies":"Orb Walker","floor":37.0,"turns":4.0},{"damage":0.0,"enemies":"Writhing Mass","floor":39.0,"turns":6.0},{"damage":0.0,"enemies":"Giant Head","floor":40.0,"turns":9.0},{"damage":13.0,"enemies":"Nemesis","floor":42.0,"turns":13.0},{"damage":24.0,"enemies":"Reptomancer","floor":45.0,"turns":10.0},{"damage":0.0,"enemies":"Giant Head","floor":48.0,"turns":7.0},{"damage":0.0,"enemies":"Time Eater","floor":50.0,"turns":16.0},{"damage":14.0,"enemies":"Donu and Deca","floor":51.0,"turns":14.0},{"damage":0.0,"enemies":"Shield and Spear","floor":55.0,"turns":12.0},{"damage":25,"enemies":"The Heart","floor":56,"turns":12}],"seed_played":"4786601493075181233","potions_obtained":[{"floor":6.0,"key":"SkillPotion"},{"floor":11.0,"key":"Dexterity Potion"},{"floor":12.0,"key":"Fruit Juice"},{"floor":18.0,"key":"Dexterity Potion"},{"floor":21.0,"key":"GamblersBrew"},{"floor":29.0,"key":"GhostInAJar"},{"floor":42.0,"key":"SteroidPotion"}],"is_trial":false,"path_per_floor":["M","M","$","?","?","E","R","?","T","R","M","E","$","M","R","B",null,"M","M","?","?","?","R","E","R","T","R","E","M","$","M","R","B",null,"M","?","M","?","M","E","?","E","T","R","E","R","?","E","R","B","B",null,"R","$","E","B",null],"character_chosen":"THE_SILENT","items_purchased":["Crippling Poison","Footwork","Chemical X","Footwork","Ancient Potion","AttackPotion","Strawberry","Adrenaline","Footwork"],"campfire_rested":3,"item_purchase_floors":[3,13,30,30,54,54,54,54,54],"current_hp_per_floor":[59,59,59,52,29,29,29,29,29,48,48,39,39,34,34,9,56,55,55,55,27,32,53,30,51,56,56,59,69,69,71,71,70,71,71,71,71,66,71,71,67,69,74,74,55,55,60,65,65,65,51,71,71,78,83,58],"gold":177,"neow_bonus":"THREE_ENEMY_KILL","is_prod":false,"is_daily":false,"chose_seed":false,"campfire_upgraded":7,"win_rate":0,"timestamp":1555699353,"path_taken":["M","M","$","?","?","E","R","?","T","R","?","E","$","?","R","BOSS","M","?","?","?","?","R","E","R","T","R","E","?","$","M","R","BOSS","M","?","M","?","M","E","?","E","T","R","E","R","?","E","R","BOSS","BOSS","R","$","E","BOSS"],"build_version":"2019-01-23","purchased_purges":3,"victory":true,"max_hp_per_floor":[66,66,66,66,66,66,66,66,66,66,66,66,66,71,71,71,71,71,71,71,71,71,71,71,71,71,71,71,71,71,71,71,71,71,71,71,71,71,71,71,67,77,77,77,77,77,77,77,77,77,77,77,77,84,84,84],"card_choices":[{"not_picked":["Cloak And Dagger","Calculated Gamble"],"picked":"Bouncing Flask","floor":1.0},{"not_picked":["Finisher","Dagger Throw"],"picked":"Poisoned Stab","floor":2.0},{"not_picked":["Slice","Flechettes"],"picked":"Well Laid Plans","floor":6.0},{"not_picked":["Finisher","Cloak And Dagger"],"picked":"Deadly Poison","floor":11.0},{"not_picked":["Eviscerate","Finisher","Night Terror"],"picked":"SKIP","floor":12.0},{"not_picked":["Dagger Throw","Blade Dance"],"picked":"Leg Sweep","floor":14.0},{"not_picked":["Envenom","A Thousand Cuts"],"picked":"After Image","floor":16.0},{"not_picked":["Flechettes","Cloak And Dagger","Prepared"],"picked":"SKIP","floor":18.0},{"not_picked":["Concentrate","Bane","Blade Dance"],"picked":"SKIP","floor":19.0},{"not_picked":["Dagger Throw","Blade Dance"],"picked":"Riddle With Holes","floor":21.0},{"not_picked":["Dagger Spray","Dodge and Roll","Deflect"],"picked":"SKIP","floor":24.0},{"not_picked":["Reflex","Terror"],"picked":"Malaise","floor":28.0},{"not_picked":["Expertise","Quick Slash"],"picked":"Acrobatics","floor":29.0},{"not_picked":["Caltrops","Prepared","Endless Agony"],"picked":"SKIP","floor":31.0},{"not_picked":["Phantasmal Killer","Storm of Steel"],"picked":"After Image","floor":33.0},{"not_picked":["Deadly Poison","Cloak And Dagger","Flying Knee"],"picked":"SKIP","floor":35.0},{"not_picked":["Deadly Poison","Deflect"],"picked":"Leg Sweep","floor":37.0},{"not_picked":["Deflect","Well Laid Plans","Accuracy"],"picked":"SKIP","floor":39.0},{"not_picked":["Leg Sweep","Infinite Blades"],"picked":"Footwork","floor":40.0},{"not_picked":["Blade Dance","Cloak And Dagger","Dagger Throw"],"picked":"SKIP","floor":42.0},{"not_picked":["Underhanded Strike+1","Sucker Punch"],"picked":"Catalyst","floor":45.0},{"not_picked":["Infinite Blades","Concentrate"],"picked":"PiercingWail","floor":48.0},{"not_picked":["Dagger Spray+1","Infinite Blades+1"],"picked":"Underhanded Strike","floor":55.0}],"player_experience":2511348,"relics_obtained":[{"floor":6.0,"key":"Happy Flower"},{"floor":9.0,"key":"Vajra"},{"floor":12.0,"key":"War Paint"},{"floor":21.0,"key":"Red Mask"},{"floor":24.0,"key":"Mummified Hand"},{"floor":26.0,"key":"Meat on the Bone"},{"floor":28.0,"key":"Paper Crane"},{"floor":40.0,"key":"Centennial Puzzle"},{"floor":40.0,"key":"Bottled Tornado"},{"floor":42.0,"key":"Pear"},{"floor":42.0,"key":"Ginger"},{"floor":45.0,"key":"Dream Catcher"},{"floor":45.0,"key":"Whetstone"},{"floor":48.0,"key":"Omamori"},{"floor":48.0,"key":"Art of War"},{"floor":55.0,"key":"Anchor"},{"floor":55.0,"key":"Oddly Smooth Stone"}],"event_choices":[{"cards_removed":["Strike_G"],"damage_healed":0.0,"max_hp_gain":0.0,"max_hp_loss":0.0,"gold_gain":0.0,"event_name":"Golden Wing","player_choice":"Card Removal","floor":4.0,"gold_loss":0.0,"damage_taken":7.0},{"damage_healed":0.0,"max_hp_gain":0.0,"max_hp_loss":0.0,"gold_gain":0.0,"event_name":"Golden Idol","player_choice":"Take Damage","floor":5.0,"gold_loss":0.0,"damage_taken":23.0,"relics_obtained":["Golden Idol"]},{"damage_healed":0.0,"max_hp_gain":0.0,"max_hp_loss":0.0,"gold_gain":0.0,"event_name":"FaceTrader","player_choice":"Trade","floor":8.0,"gold_loss":0.0,"damage_taken":0.0,"relics_obtained":["SsserpentHead"]},{"damage_healed":0.0,"max_hp_gain":0.0,"max_hp_loss":0.0,"gold_gain":0.0,"event_name":"Forgotten Altar","player_choice":"Gave Idol","floor":20.0,"relics_lost":["Golden Idol"],"gold_loss":0.0,"damage_taken":0.0,"relics_obtained":["Bloody Idol"]},{"damage_healed":0.0,"max_hp_gain":0.0,"max_hp_loss":0.0,"gold_gain":0.0,"event_name":"Masked Bandits","player_choice":"Fought Bandits","floor":21.0,"gold_loss":0.0,"damage_taken":0.0},{"cards_removed":["Strike_G"],"damage_healed":0.0,"max_hp_gain":0.0,"max_hp_loss":0.0,"gold_gain":0.0,"event_name":"Designer","player_choice":"Upgrade and Remove","floor":22.0,"gold_loss":110.0,"damage_taken":0.0,"cards_upgraded":["Neutralize"]},{"cards_removed":["Poisoned Stab"],"damage_healed":0.0,"max_hp_gain":0.0,"max_hp_loss":0.0,"gold_gain":0.0,"event_name":"Falling","player_choice":"Removed Attack","floor":36.0,"gold_loss":0.0,"damage_taken":0.0},{"damage_healed":0.0,"max_hp_gain":0.0,"max_hp_loss":0.0,"gold_gain":0.0,"event_name":"SensoryStone","player_choice":"Memory 2","floor":38.0,"gold_loss":0.0,"damage_taken":5.0},{"damage_healed":0.0,"max_hp_gain":0.0,"max_hp_loss":4.0,"gold_gain":0.0,"event_name":"Winding Halls","player_choice":"Max HP","floor":41.0,"gold_loss":0.0,"damage_taken":0.0},{"damage_healed":0.0,"max_hp_gain":0.0,"max_hp_loss":0.0,"gold_gain":0.0,"event_name":"Mysterious Sphere","player_choice":"Ignored","floor":47.0,"gold_loss":0.0,"damage_taken":0.0}],"is_beta":false,"boss_relics":[{"not_picked":["Coffee Dripper","Sozu"],"picked":"Snecko Eye"},{"not_picked":["White Beast Statue","Philosopher\u0027s Stone"],"picked":"Black Star"}],"items_purged_floors":[13,30,54],"is_endless":false,"potions_floor_spawned":[6,11,12,18,21,29,33,37,39,42],"ascension_level":20}