{"gold_per_floor":[113,38,38,54,74,108,108,108,108,128,155,172,172,0,0,99,99,112,387,407,421,521,521],"floor_reached":23,"playtime":3445,"items_purged":["Strike_R","Strike_R"],"score":231,"play_id":"227e4782-404b-4449-8466-f9af69c63955","local_time":"20190518141343","is_ascension_mode":true,"campfire_choices":[{"data":"Whirlwind","floor":7.0,"key":"SMITH"},{"data":"Warcry","floor":13.0,"key":"SMITH"},{"data":"Flame Barrier","floor":15.0,"key":"SMITH"}],"neow_cost":"NONE","seed_source_timestamp":242521196669853,"circlet_count":0,"master_deck":["Strike_R","Strike_R","Strike_R","Defend_R","Defend_R","Defend_R","Defend_R","Bash","Rupture","Whirlwind+1","Warcry+1","Spot Weakness","Flame Barrier+1","Impervious","Clothesline+1","Regret","True Grit","Pommel Strike"],"special_seed":0,"relics":["Burning Blood","NeowsBlessing","StoneCalendar","Red Skull","Boot","Coffee Dripper","Gambling Chip","Frozen Egg 2"],"potions_floor_usage":[16,21],"damage_taken":[{"damage":0.0,"enemies":"Small Slimes","floor":1.0,"turns":1.0},{"damage":0.0,"enemies":"Cultist","floor":4.0,"turns":1.0},{"damage":0.0,"enemies":"2 Louse","floor":5.0,"turns":1.0},{"damage":44.0,"enemies":"Gremlin Nob","floor":6.0,"turns":6.0},{"damage":9.0,"enemies":"Exordium Thugs","floor":10.0,"turns":3.0},{"damage":40.0,"enemies":"Lagavulin","floor":11.0,"turns":7.0},{"damage":0.0,"enemies":"Gremlin Gang","floor":12.0,"turns":1.0},{"damage":25,"enemies":"The Guardian","floor":16,"turns":9},{"damage":6,"enemies":"2 Thieves","floor":18,"turns":4},{"damage":6,"enemies":"3 Byrds","floor":20,"turns":5},{"damage":12,"enemies":"Snecko","floor":21,"turns":5},{"damage":31,"enemies":"Colosseum Slavers","floor":22,"turns":4},{"damage":36,"enemies":"Colosseum Nobs","floor":22,"turns":4},{"damage":25,"enemies":"Slavers","floor":23,"turns":1}],"seed_played":"-2090560788722890800","potions_obtained":[{"floor":1.0,"key":"SpeedPotion"},{"floor":6.0,"key":"BloodPotion"},{"floor":8.0,"key":"Strength Potion"},{"floor":8.0,"key":"BloodPotion"},{"floor":11.0,"key":"SkillPotion"},{"floor":18,"key":"PowerPotion"},{"floor":22,"key":"SteroidPotion"}],"is_trial":false,"path_per_floor":["M","$","?","M","M","E","R","?","T","M","E","M","R","$","R","B",null,"M","?","M","M","?","E"],"character_chosen":"IRONCLAD","items_purchased":["Flame Barrier"],"campfire_rested":0,"item_purchase_floors":[14],"current_hp_per_floor":[80,80,80,80,80,42,42,42,42,55,21,27,27,27,27,8,80,80,80,80,74,19,0],"gold":521,"neow_bonus":"THREE_ENEMY_KILL","is_prod":false,"is_daily":false,"chose_seed":false,"campfire_upgraded":3,"win_rate":0,"timestamp":1558169023,"path_taken":["M","$","?","?","M","E","R","?","T","M","E","M","R","?","R","BOSS","M","?","?","M","?","E"],"build_version":"2019-01-23","purchased_purges":2,"victory":false,"max_hp_per_floor":[80,80,80,80,80,80,80,80,80,80,80,80,80,80,80,80,80,80,80,80,80,80,80],"card_choices":[{"not_picked":["Wild Strike","Fire Breathing"],"picked":"Rupture","floor":1.0},{"not_picked":["Pommel Strike","Sword Boomerang"],"picked":"Whirlwind","floor":4.0},{"not_picked":["Dark Embrace","Reckless Charge","Twin Strike"],"picked":"SKIP","floor":5.0},{"not_picked":["Bloodletting","Sentinel","Whirlwind"],"picked":"SKIP","floor":6.0},{"not_picked":["Thunderclap","Searing Blow"],"picked":"Warcry","floor":10.0},{"not_picked":["Havoc","Headbutt"],"picked":"Spot Weakness","floor":11.0},{"not_picked":["Power Through","Body Slam","Cleave"],"picked":"SKIP","floor":12.0},{"not_picked":["Brutality","Fiend Fire"],"picked":"Impervious","floor":16},{"not_picked":["Sword Boomerang","Rampage"],"picked":"Clothesline+1","floor":18},{"not_picked":["Armaments","Rupture","Clash+1"],"picked":"SKIP","floor":20},{"not_picked":["Berserk","Metallicize"],"picked":"True Grit","floor":21},{"not_picked":["Clothesline","Feel No Pain"],"picked":"Pommel Strike","floor":22}],"player_experience":455154,"relics_obtained":[{"floor":6.0,"key":"Red Skull"},{"floor":11.0,"key":"Boot"},{"floor":22,"key":"Gambling Chip"},{"floor":22,"key":"Frozen Egg 2"}],"event_choices":[{"damage_healed":0.0,"max_hp_gain":0.0,"max_hp_loss":0.0,"gold_gain":0.0,"event_name":"WeMeetAgain","player_choice":"Gave Potion","floor":3.0,"gold_loss":0.0,"damage_taken":0.0,"relics_obtained":["StoneCalendar"]},{"damage_healed":0.0,"max_hp_gain":0.0,"max_hp_loss":0.0,"gold_gain":0.0,"event_name":"Lab","player_choice":"Got Potions","floor":8.0,"gold_loss":0.0,"damage_taken":0.0},{"damage_healed":0,"gold_gain":275,"player_choice":"Desecrate","damage_taken":0,"max_hp_gain":0,"max_hp_loss":0,"event_name":"Golden Shrine","floor":19,"gold_loss":0,"cards_obtained":["Regret"]},{"damage_healed":0,"gold_gain":0,"player_choice":"Fight","damage_taken":0,"max_hp_gain":0,"max_hp_loss":0,"event_name":"Colosseum","floor":22,"gold_loss":0},{"damage_healed":0,"gold_gain":0,"player_choice":"Fought Nobs","damage_taken":0,"max_hp_gain":0,"max_hp_loss":0,"event_name":"Colosseum","floor":22,"gold_loss":0}],"is_beta":false,"boss_relics":[{"not_picked":["Empty Cage","Runic Cube"],"picked":"Coffee Dripper"}],"items_purged_floors":[2,14],"is_endless":false,"potions_floor_spawned":[1,6,11,18,22,22],"killed_by":"Slavers","ascension_level":3}