{"gold_per_floor":[116,116,116,116,31,64,64,91,161,189,199,209,209,219,219,291,291,310,68,68,68,86,86],"floor_reached":23,"playtime":1011,"items_purged":["Strike_R"],"score":514,"play_id":"07ef5386-6523-49da-b88c-01b4cf8868d8","local_time":"20190408201117","is_ascension_mode":true,"campfire_choices":[{"floor":7,"key":"REST"},{"data":"Corruption","floor":13,"key":"SMITH"},{"data":"Uppercut","floor":15,"key":"SMITH"}],"neow_cost":"NONE","seed_source_timestamp":431746382993993,"circlet_count":0,"master_deck":["AscendersBane","Strike_R","Strike_R","Strike_R+1","Strike_R","Defend_R+1","Defend_R","Defend_R","Defend_R","Bash+1","Battle Trance","Uppercut+1","Spot Weakness","Corruption+1","Disarm","Double Tap","Sword Boomerang","Immolate+1","Intimidate","Writhe","Heavy Blade+1"],"relics":["Black Blood","NeowsBlessing","Regal Pillow","Kunai","Dodecahedron","Paper Frog","Mango","Happy Flower","Oddly Smooth Stone"],"potions_floor_usage":[14,16],"damage_taken":[{"damage":0,"enemies":"2 Louse","floor":1,"turns":1},{"damage":0,"enemies":"3 Sentries","floor":6,"turns":2},{"damage":0,"enemies":"Gremlin Nob","floor":8,"turns":1},{"damage":6,"enemies":"Lagavulin","floor":10,"turns":5},{"damage":9,"enemies":"Jaw Worm","floor":11,"turns":4},{"damage":0,"enemies":"Cultist","floor":12,"turns":3},{"damage":4,"enemies":"Lots of Slimes","floor":14,"turns":5},{"damage":41,"enemies":"Hexaghost","floor":16,"turns":7},{"damage":39,"enemies":"2 Thieves","floor":18,"turns":4},{"damage":17,"enemies":"Spheric Guardian","floor":22,"turns":4},{"damage":49,"enemies":"Slavers","floor":23,"turns":3}],"seed_played":"-8376321059311004288","potions_obtained":[{"floor":1,"key":"EssenceOfSteel"},{"floor":10,"key":"Block Potion"},{"floor":18,"key":"Poison Potion"}],"is_trial":false,"path_per_floor":["M","?","?","?","$","E","R","E","T","E","M","M","R","M","R","B",null,"M","$","?","?","M","E"],"character_chosen":"IRONCLAD","items_purchased":["Uppercut","Happy Flower"],"campfire_rested":1,"item_purchase_floors":[5,19],"current_hp_per_floor":[74,51,33,33,33,39,75,75,75,89,86,89,89,89,89,54,80,51,51,51,51,44,0],"gold":86,"neow_bonus":"THREE_ENEMY_KILL","is_prod":false,"is_daily":false,"chose_seed":false,"campfire_upgraded":2,"win_rate":0,"timestamp":1554747077,"path_taken":["M","?","?","?","$","E","R","E","T","E","M","M","R","M","R","BOSS","M","$","?","?","?","E"],"build_version":"2019-01-23","purchased_purges":1,"victory":false,"max_hp_per_floor":[75,75,75,75,75,75,75,75,75,89,89,89,89,89,89,89,89,89,89,89,89,89,89],"card_choices":[{"not_picked":["Dual Wield","Entrench"],"picked":"Battle Trance","floor":1},{"not_picked":["Dual Wield","Shrug It Off"],"picked":"Spot Weakness","floor":6},{"not_picked":["Shrug It Off","Iron Wave"],"picked":"Corruption","floor":8},{"not_picked":["Flex","Brutality"],"picked":"Disarm","floor":10},{"not_picked":["Perfected Strike","True Grit","Havoc"],"picked":"SKIP","floor":11},{"not_picked":["Warcry","Metallicize"],"picked":"Double Tap","floor":12},{"not_picked":["Body Slam","Clash"],"picked":"Sword Boomerang","floor":14},{"not_picked":["Reaper","Demon Form"],"picked":"Immolate","floor":16},{"not_picked":["Pommel Strike","Anger"],"picked":"Intimidate","floor":18},{"not_picked":["Iron Wave","Infernal Blade"],"picked":"Heavy Blade+1","floor":22}],"player_experience":2452795,"relics_obtained":[{"floor":6,"key":"Kunai"},{"floor":8,"key":"Dodecahedron"},{"floor":9,"key":"Paper Frog"},{"floor":10,"key":"Mango"}],"event_choices":[{"damage_healed":0,"gold_gain":0,"player_choice":"Entered Light","damage_taken":23,"max_hp_gain":0,"max_hp_loss":0,"event_name":"Shining Light","floor":2,"gold_loss":0,"cards_upgraded":["Defend_R","Strike_R"]},{"damage_healed":0,"gold_gain":0,"player_choice":"Success","damage_taken":18,"relics_obtained":["Regal Pillow"],"max_hp_gain":0,"max_hp_loss":0,"event_name":"Scrap Ooze","floor":3,"gold_loss":0},{"damage_healed":0,"gold_gain":0,"player_choice":"Grow","damage_taken":0,"max_hp_gain":0,"max_hp_loss":0,"event_name":"Living Wall","floor":4,"gold_loss":0,"cards_upgraded":["Bash"]},{"damage_healed":0,"gold_gain":0,"player_choice":"Opened","damage_taken":0,"relics_obtained":["Oddly Smooth Stone"],"max_hp_gain":0,"max_hp_loss":0,"event_name":"The Mausoleum","floor":20,"gold_loss":0,"cards_obtained":["Writhe"]},{"damage_healed":0,"gold_gain":0,"player_choice":"Forge","damage_taken":0,"max_hp_gain":0,"max_hp_loss":0,"event_name":"Accursed Blacksmith","floor":21,"gold_loss":0,"cards_upgraded":["Immolate"]}],"is_beta":false,"boss_relics":[{"not_picked":["Velvet Choker","Runic Cube"],"picked":"Black Blood"}],"items_purged_floors":[19],"is_endless":false,"potions_floor_spawned":[1,10,12,18],"killed_by":"Slavers","ascension_level":20}