{"gold_per_floor":[119,119,44,64,79,79,107,107,178,203,203,222,241,261,261,261],"floor_reached":16,"playtime":794,"items_purged":[],"score":224,"play_id":"5bc3e583-f045-4d4c-9685-86c05b8fc28f","local_time":"20190419210217","is_ascension_mode":true,"campfire_choices":[{"data":"Zap","floor":6,"key":"SMITH"},{"floor":8,"key":"REST"},{"data":"Sweeping Beam","floor":11,"key":"SMITH"},{"data":"Undo","floor":15,"key":"SMITH"}],"neow_cost":"NONE","seed_source_timestamp":863543452537499,"circlet_count":0,"master_deck":["AscendersBane","Strike_B","Strike_B","Strike_B","Strike_B","Defend_B","Defend_B","Defend_B","Defend_B","Zap+1","Dualcast","Auto Shields","Cold Snap","Beam Cell","Sweeping Beam+1","Compile Driver","Undo+1"],"relics":["Busted Crown","Sundial","Boot","Ornamental Fan","Dead Branch"],"potions_floor_usage":[7],"damage_taken":[{"damage":0,"enemies":"Cultist","floor":1,"turns":3},{"damage":2,"enemies":"Jaw Worm","floor":4,"turns":4},{"damage":2,"enemies":"Small Slimes","floor":5,"turns":3},{"damage":28,"enemies":"Gremlin Nob","floor":7,"turns":4},{"damage":21,"enemies":"3 Sentries","floor":10,"turns":10},{"damage":0,"enemies":"Exordium Thugs","floor":12,"turns":4},{"damage":0,"enemies":"3 Louse","floor":13,"turns":2},{"damage":2,"enemies":"Large Slime","floor":14,"turns":3},{"damage":33,"enemies":"Hexaghost","floor":16,"turns":12}],"seed_played":"6510177398536897518","potions_obtained":[{"floor":1,"key":"FearPotion"},{"floor":10,"key":"SpeedPotion"},{"floor":12,"key":"SneckoOil"}],"is_trial":false,"path_per_floor":["M","T","$","M","M","R","E","R","T","E","R","M","M","M","R","B"],"character_chosen":"DEFECT","items_purchased":["Cold Snap","Beam Cell"],"campfire_rested":1,"item_purchase_floors":[3,3],"current_hp_per_floor":[64,64,64,62,60,60,32,53,53,32,32,32,32,30,30,0],"gold":261,"neow_bonus":"BOSS_RELIC","is_prod":false,"is_daily":false,"chose_seed":false,"campfire_upgraded":3,"win_rate":0,"timestamp":1555700537,"path_taken":["M","?","$","M","?","R","E","R","T","E","R","?","M","M","R","BOSS"],"build_version":"2019-01-23","purchased_purges":0,"victory":false,"max_hp_per_floor":[71,71,71,71,71,71,71,71,71,71,71,71,71,71,71,71],"card_choices":[{"not_picked":[],"picked":"Auto Shields","floor":1},{"not_picked":[],"picked":"Sweeping Beam","floor":4},{"not_picked":[],"picked":"Compile Driver","floor":5},{"not_picked":["Thunder Strike"],"picked":"SKIP","floor":7},{"not_picked":["Streamline"],"picked":"SKIP","floor":10},{"not_picked":["Lockon"],"picked":"SKIP","floor":12},{"not_picked":["Reprogram"],"picked":"SKIP","floor":13},{"not_picked":[],"picked":"Undo","floor":14}],"player_experience":2526406,"relics_obtained":[{"floor":2,"key":"Sundial"},{"floor":7,"key":"Boot"},{"floor":9,"key":"Ornamental Fan"},{"floor":10,"key":"Dead Branch"}],"event_choices":[],"is_beta":false,"boss_relics":[],"items_purged_floors":[],"is_endless":false,"potions_floor_spawned":[1,10,12],"killed_by":"Hexaghost","ascension_level":20}