{"gold_per_floor":[111,131,91,102,122,155,155,183,183,183,197,197,122,153,153,256,256,276,286,300,300],"floor_reached":21,"playtime":1591,"items_purged":["Strike_B"],"score":261,"play_id":"ac276b44-fb38-41d9-9ce2-7e42e67a8c27","local_time":"20190523020601","is_ascension_mode":true,"campfire_choices":[{"data":"Self Repair","floor":7.0,"key":"SMITH"},{"floor":10.0,"key":"REST"},{"floor":12.0,"key":"REST"},{"data":"Dualcast","floor":15.0,"key":"SMITH"}],"neow_cost":"NONE","seed_source_timestamp":0,"circlet_count":0,"master_deck":["Strike_B","Strike_B","Strike_B","Defend_B","Defend_B","Defend_B","Defend_B","Zap","Dualcast+1","Conserve Battery","Undo","Ball Lightning","Self Repair+1","Coolheaded","Genetic Algorithm","Hyperbeam","Multi-Cast","Conserve Battery","Leap+1"],"special_seed":0,"relics":["Black Star","Emotion Chip","Incense Burner","Nunchaku","Regal Pillow","Calipers","Blood Vial","Omamori","Sozu"],"potions_floor_usage":[],"damage_taken":[{"damage":0.0,"enemies":"Small Slimes","floor":1.0,"turns":4.0},{"damage":0.0,"enemies":"Cultist","floor":2.0,"turns":4.0},{"damage":1.0,"enemies":"Jaw Worm","floor":4.0,"turns":5.0},{"damage":0.0,"enemies":"3 Louse","floor":5.0,"turns":3.0},{"damage":33.0,"enemies":"3 Sentries","floor":6.0,"turns":9.0},{"damage":40.0,"enemies":"Gremlin Nob","floor":8.0,"turns":5.0},{"damage":34.0,"enemies":"Gremlin Gang","floor":11.0,"turns":5.0},{"damage":4.0,"enemies":"Lagavulin","floor":14.0,"turns":8.0},{"damage":25.0,"enemies":"Slime Boss","floor":16.0,"turns":14.0},{"damage":60,"enemies":"3 Byrds","floor":18,"turns":6},{"damage":9,"enemies":"Shell Parasite","floor":19,"turns":8},{"damage":15,"enemies":"Snake Plant","floor":20,"turns":5},{"damage":28,"enemies":"Cultist and Chosen","floor":21,"turns":5}],"seed_played":"-4639736152961653699","potions_obtained":[{"floor":3.0,"key":"FairyPotion"},{"floor":3.0,"key":"Fire Potion"},{"floor":3.0,"key":"Dexterity Potion"},{"floor":8.0,"key":"Energy Potion"},{"floor":11.0,"key":"FocusPotion"},{"floor":14.0,"key":"SpeedPotion"},{"floor":16.0,"key":"SkillPotion"}],"is_trial":false,"path_per_floor":["M","M","?","M","M","E","R","E","T","R","M","R","$","E","R","B",null,"M","M","M","M"],"character_chosen":"DEFECT","items_purchased":[],"campfire_rested":2,"item_purchase_floors":[],"current_hp_per_floor":[68,68,68,67,67,34,34,17,17,54,30,67,67,73,73,60,71,23,26,23,0],"gold":300,"neow_bonus":"BOSS_RELIC","is_prod":false,"is_daily":false,"chose_seed":false,"campfire_upgraded":2,"win_rate":0,"timestamp":1558557361,"path_taken":["M","M","?","?","M","E","R","E","T","R","M","R","$","E","R","BOSS","M","M","M","M"],"build_version":"2019-01-23","purchased_purges":1,"victory":false,"max_hp_per_floor":[75,75,75,75,75,75,75,75,75,75,75,75,75,75,75,75,75,75,75,75,75],"card_choices":[{"not_picked":["Redo","Compile Driver"],"picked":"Conserve Battery","floor":1.0},{"not_picked":["Tempest","Compile Driver"],"picked":"Undo","floor":2.0},{"not_picked":["Sweeping Beam","Storm","Chaos"],"picked":"SKIP","floor":4.0},{"not_picked":["Rebound","Conserve Battery"],"picked":"Ball Lightning","floor":5.0},{"not_picked":["Reprogram","Cold Snap"],"picked":"Self Repair","floor":6.0},{"not_picked":["Gash","Stack"],"picked":"Coolheaded","floor":8.0},{"not_picked":["Leap","Redo"],"picked":"Genetic Algorithm","floor":11.0},{"not_picked":["Reinforced Body","Barrage"],"picked":"Hyperbeam","floor":14.0},{"not_picked":["Rainbow","Fission"],"picked":"Multi-Cast","floor":16.0},{"not_picked":["Genetic Algorithm","Go for the Eyes","Sweeping Beam"],"picked":"SKIP","floor":18},{"not_picked":["Leap","Fusion"],"picked":"Conserve Battery","floor":19},{"not_picked":["Go for the Eyes","Static Discharge+1"],"picked":"Leap+1","floor":20}],"player_experience":642304,"relics_obtained":[{"floor":6.0,"key":"Emotion Chip"},{"floor":6.0,"key":"Incense Burner"},{"floor":8.0,"key":"Nunchaku"},{"floor":8.0,"key":"Regal Pillow"},{"floor":9.0,"key":"Calipers"},{"floor":14.0,"key":"Blood Vial"},{"floor":14.0,"key":"Omamori"}],"event_choices":[{"damage_healed":0.0,"max_hp_gain":0.0,"max_hp_loss":0.0,"gold_gain":0.0,"event_name":"The Woman in Blue","player_choice":"Bought 3 Potions","floor":3.0,"gold_loss":0.0,"damage_taken":0.0}],"is_beta":false,"boss_relics":[{"not_picked":["Calling Bell","Velvet Choker"],"picked":"Sozu"}],"items_purged_floors":[13],"is_endless":false,"potions_floor_spawned":[8,11,14,16,19],"killed_by":"Cultist and Chosen","ascension_level":6}