{"gold_per_floor":[112,126,136,37,56,90,101,131,131,142,142,157,187,187],"floor_reached":14,"playtime":566,"items_purged":["Strike_B"],"score":228,"play_id":"67445cd0-298d-46d9-ab21-999583a40198","local_time":"20190512211159","is_ascension_mode":true,"campfire_choices":[{"floor":11,"key":"REST"}],"neow_cost":"NONE","seed_source_timestamp":118038819305565,"circlet_count":0,"master_deck":["AscendersBane","Strike_B","Strike_B","Strike_B+1","Defend_B","Defend_B","Defend_B","Defend_B","Zap","Dualcast","Sweeping Beam","Cold Snap","Ball Lightning+1","Cold Snap","Coolheaded","Melter","Reprogram","Reboot","Glacier"],"relics":["Cracked Core","NeowsBlessing","Ancient Tea Set","Lantern","Whetstone"],"potions_floor_usage":[5,6,8,13],"damage_taken":[{"damage":0,"enemies":"Cultist","floor":1,"turns":1},{"damage":0,"enemies":"2 Louse","floor":2,"turns":1},{"damage":0,"enemies":"Jaw Worm","floor":3,"turns":1},{"damage":4,"enemies":"2 Fungi Beasts","floor":5,"turns":2},{"damage":23,"enemies":"Gremlin Nob","floor":6,"turns":4},{"damage":7,"enemies":"Red Slaver","floor":7,"turns":3},{"damage":9,"enemies":"3 Sentries","floor":8,"turns":7},{"damage":13,"enemies":"Gremlin Gang","floor":10,"turns":2},{"damage":0,"enemies":"3 Louse","floor":12,"turns":3},{"damage":37,"enemies":"Gremlin Nob","floor":13,"turns":5},{"damage":9,"enemies":"Exordium Thugs","floor":14,"turns":1}],"seed_played":"-4495453155916141665","potions_obtained":[{"floor":1,"key":"SteroidPotion"},{"floor":2,"key":"Explosive Potion"},{"floor":6,"key":"EssenceOfSteel"},{"floor":10,"key":"Regen Potion"}],"is_trial":false,"path_per_floor":["M","M","M","$","M","E","M","E","T","M","R","M","E","M"],"character_chosen":"DEFECT","items_purchased":["Ball Lightning"],"campfire_rested":1,"item_purchase_floors":[4],"current_hp_per_floor":[64,64,64,64,60,37,30,21,21,8,29,29,6,0],"gold":187,"neow_bonus":"THREE_ENEMY_KILL","is_prod":false,"is_daily":false,"chose_seed":false,"campfire_upgraded":0,"win_rate":0,"timestamp":1557688319,"path_taken":["M","?","?","?","M","E","?","E","T","M","R","M","E","M"],"build_version":"2019-01-23","purchased_purges":1,"victory":false,"max_hp_per_floor":[71,71,71,71,71,71,71,71,71,71,71,71,71,71],"card_choices":[{"not_picked":["Heatsinks","Storm","BootSequence"],"picked":"SKIP","floor":1},{"not_picked":["Stack","Hologram"],"picked":"Sweeping Beam","floor":2},{"not_picked":["Beam Cell","Hologram"],"picked":"Cold Snap","floor":3},{"not_picked":["Sweeping Beam","Turbo"],"picked":"Cold Snap","floor":5},{"not_picked":["Barrage","Reinforced Body"],"picked":"Coolheaded","floor":6},{"not_picked":["Rebound","Sweeping Beam","Static Discharge"],"picked":"SKIP","floor":7},{"not_picked":["Static Discharge","White Noise"],"picked":"Melter","floor":8},{"not_picked":["Steam Power","Cold Snap"],"picked":"Reprogram","floor":10},{"not_picked":["Redo","Heatsinks"],"picked":"Reboot","floor":12},{"not_picked":["Leap","Redo"],"picked":"Glacier","floor":13}],"player_experience":2683993,"relics_obtained":[{"floor":6,"key":"Ancient Tea Set"},{"floor":8,"key":"Lantern"},{"floor":13,"key":"Whetstone"}],"event_choices":[],"is_beta":false,"boss_relics":[],"items_purged_floors":[4],"is_endless":false,"potions_floor_spawned":[1,2,6,10],"killed_by":"Exordium Thugs","ascension_level":20}