{"gold_per_floor":[114,9,25,38,53,53,87,87,87,87,115,135,166,40,40,114,114,126,126,141,19,32,32,66,86,141,168,85,98,98,125,125,125],"floor_reached":33,"playtime":2565,"items_purged":["Strike_R"],"score":725,"play_id":"e584b65e-6411-49aa-8096-79841e676046","local_time":"20190410194225","is_ascension_mode":true,"campfire_choices":[{"data":"Bash","floor":6.0,"key":"SMITH"},{"data":"Disarm","floor":8.0,"key":"SMITH"},{"data":"Clothesline","floor":10.0,"key":"SMITH"},{"data":"True Grit","floor":15.0,"key":"SMITH"},{"floor":23.0,"key":"REST"},{"data":"1","floor":30,"key":"LIFT"},{"floor":32,"key":"REST"}],"neow_cost":"NONE","seed_source_timestamp":66775505930403,"circlet_count":0,"master_deck":["AscendersBane","Strike_R","Strike_R","Strike_R","Strike_R","Defend_R","Defend_R","Defend_R","Defend_R","Bash+1","Clothesline+1","PanicButton","Thunderclap","Disarm+1","Spot Weakness","Shrug It Off","Feed","Headbutt","True Grit+1","Double Tap","Pommel Strike","Immolate","Inflame","Flame Barrier","Burning Pact","Shrug It Off"],"special_seed":0,"relics":["Burning Blood","NeowsBlessing","PreservedInsect","Vajra","Paper Frog","Girya","Sozu","SsserpentHead","Art of War","Tiny Chest","Meat on the Bone","Smiling Mask"],"potions_floor_usage":[33],"damage_taken":[{"damage":0.0,"enemies":"Cultist","floor":1.0,"turns":1.0},{"damage":0.0,"enemies":"Small Slimes","floor":3.0,"turns":1.0},{"damage":0.0,"enemies":"2 Louse","floor":4.0,"turns":1.0},{"damage":5.0,"enemies":"2 Fungi Beasts","floor":5.0,"turns":4.0},{"damage":23.0,"enemies":"3 Sentries","floor":7.0,"turns":7.0},{"damage":19.0,"enemies":"Lagavulin","floor":11.0,"turns":5.0},{"damage":6.0,"enemies":"Large Slime","floor":12.0,"turns":9.0},{"damage":19.0,"enemies":"3 Sentries","floor":13.0,"turns":7.0},{"damage":27.0,"enemies":"Hexaghost","floor":16.0,"turns":12.0},{"damage":6.0,"enemies":"Shell Parasite","floor":18.0,"turns":4.0},{"damage":30.0,"enemies":"Chosen","floor":20.0,"turns":10.0},{"damage":42.0,"enemies":"Shelled Parasite and Fungi","floor":22.0,"turns":7.0},{"damage":0.0,"enemies":"Gremlin Leader","floor":24.0,"turns":4.0},{"damage":43.0,"enemies":"Snecko","floor":25.0,"turns":7.0},{"damage":18.0,"enemies":"Book of Stabbing","floor":27.0,"turns":4.0},{"damage":2.0,"enemies":"Centurion and Healer","floor":29.0,"turns":7.0},{"damage":26,"enemies":"Slavers","floor":31,"turns":3},{"damage":74,"enemies":"Champ","floor":33,"turns":12}],"seed_played":"6039420500577231926","potions_obtained":[{"floor":3.0,"key":"Strength Potion"},{"floor":4.0,"key":"BloodPotion"},{"floor":11.0,"key":"Energy Potion"},{"floor":16.0,"key":"SpeedPotion"}],"is_trial":false,"path_per_floor":["M","$","M","M","M","R","E","R","T","R","E","M","E","$","R","B",null,"M","?","M","$","M","R","E","M","T","E","$","M","R","E","R","B"],"character_chosen":"IRONCLAD","items_purchased":["PanicButton","True Grit","Immolate","Burning Pact"],"campfire_rested":2,"item_purchase_floors":[2,14,21,28],"current_hp_per_floor":[74,74,75,75,75,75,58,58,58,58,45,48,38,38,38,20,68,71,71,50,50,17,44,50,16,16,16,16,35,35,30,61,0],"gold":125,"neow_bonus":"THREE_ENEMY_KILL","is_prod":false,"is_daily":false,"chose_seed":false,"campfire_upgraded":4,"win_rate":0,"timestamp":1554918145,"path_taken":["M","$","?","M","M","R","E","R","T","R","E","M","E","$","R","BOSS","M","?","M","?","M","R","E","M","T","E","$","M","R","E","R","BOSS"],"build_version":"2019-01-23","purchased_purges":1,"victory":false,"max_hp_per_floor":[75,75,75,75,75,75,75,75,75,75,75,78,81,81,81,84,84,87,87,90,90,93,93,93,96,96,99,99,102,102,105,105,105],"card_choices":[{"not_picked":["Infernal Blade","Hemokinesis"],"picked":"Clothesline","floor":1.0},{"not_picked":["Fire Breathing","Headbutt"],"picked":"Thunderclap","floor":3.0},{"not_picked":["Dropkick","Wild Strike"],"picked":"Disarm","floor":4.0},{"not_picked":["Wild Strike","Heavy Blade"],"picked":"Spot Weakness","floor":5.0},{"not_picked":["Thunderclap","Cleave"],"picked":"Shrug It Off","floor":7.0},{"not_picked":["Metallicize","Thunderclap"],"picked":"Feed","floor":11.0},{"not_picked":["Wild Strike","Anger"],"picked":"Headbutt","floor":12.0},{"not_picked":["Blood for Blood","Flex","Headbutt"],"picked":"SKIP","floor":13.0},{"not_picked":["Barricade","Bludgeon"],"picked":"Double Tap","floor":16.0},{"not_picked":["Warcry","Reckless Charge","Twin Strike"],"picked":"SKIP","floor":18.0},{"not_picked":["Anger","Wild Strike"],"picked":"Pommel Strike","floor":20.0},{"not_picked":["Disarm","Warcry"],"picked":"Inflame","floor":22.0},{"not_picked":["Fire Breathing+1","Whirlwind","Rupture"],"picked":"SKIP","floor":24.0},{"not_picked":["Feel No Pain+1","Headbutt+1"],"picked":"Flame Barrier","floor":25.0},{"not_picked":["True Grit","Body Slam","Thunderclap"],"picked":"SKIP","floor":27.0},{"not_picked":["Perfected Strike","Reckless Charge"],"picked":"Shrug It Off","floor":29.0},{"not_picked":["True Grit","Perfected Strike","Shrug It Off"],"picked":"SKIP","floor":31}],"player_experience":2466309,"relics_obtained":[{"floor":7.0,"key":"PreservedInsect"},{"floor":9.0,"key":"Vajra"},{"floor":11.0,"key":"Paper Frog"},{"floor":13.0,"key":"Girya"},{"floor":24.0,"key":"Art of War"},{"floor":26.0,"key":"Tiny Chest"},{"floor":27.0,"key":"Meat on the Bone"},{"floor":31,"key":"Smiling Mask"}],"event_choices":[{"damage_healed":0.0,"max_hp_gain":0.0,"max_hp_loss":0.0,"gold_gain":0.0,"event_name":"FaceTrader","player_choice":"Trade","floor":19.0,"gold_loss":0.0,"damage_taken":0.0,"relics_obtained":["SsserpentHead"]}],"is_beta":false,"boss_relics":[{"not_picked":["Philosopher\u0027s Stone","Pandora\u0027s Box"],"picked":"Sozu"}],"items_purged_floors":[14],"is_endless":false,"potions_floor_spawned":[3,4,11,16,20,24,31],"killed_by":"Champ","ascension_level":20}