{"gold_per_floor":[12,30,40,40,51,51,51,51,102,102,116,116,130,159,159,235,235,251,611,89,106,106,162,162,162,162,189,189,189,189,202,202,276,276,288,304,304,320,19,52,52,72,72,72,34,34,34,60,60,60,60,60,60,60,93,93],"floor_reached":57,"playtime":3559,"items_purged":["Strike_G","Strike_G"],"score":3017,"play_id":"775d66b5-3678-4df9-98b3-58460896ea41","local_time":"20190520221733","is_ascension_mode":true,"campfire_choices":[{"data":"Catalyst","floor":6.0,"key":"SMITH"},{"data":"Deadly Poison","floor":8.0,"key":"SMITH"},{"data":"Leg Sweep","floor":10.0,"key":"SMITH"},{"floor":12.0,"key":"RECALL"},{"data":"Bouncing Flask","floor":15.0,"key":"SMITH"},{"data":"Footwork","floor":24.0,"key":"SMITH"},{"floor":28.0,"key":"REST"},{"data":"Night Terror","floor":30.0,"key":"SMITH"},{"data":"Footwork","floor":32.0,"key":"SMITH"},{"data":"Well Laid Plans","floor":46.0,"key":"SMITH"},{"data":"Defend_G","floor":49.0,"key":"SMITH"},{"data":"Defend_G","floor":53.0,"key":"SMITH"}],"neow_cost":"NO_GOLD","seed_source_timestamp":10022215472800,"circlet_count":0,"master_deck":["AscendersBane","Defend_G","Defend_G+1","Defend_G+1","Defend_G+1","Strike_G","Strike_G","Strike_G","Survivor+1","Neutralize+1","Leg Sweep+1","Backstab","Catalyst+1","Deadly Poison+1","Bouncing Flask+1","PiercingWail+1","Night Terror+1","PiercingWail","Footwork+1","Footwork+1","Ghostly+1","Ghostly+1","Ghostly+1","Acrobatics+1","Dodge and Roll+1","Adrenaline+1","Calculated Gamble+1","Backflip+1","Adrenaline+1","Bouncing Flask+1","Well Laid Plans+1","Backflip+1"],"special_seed":0,"relics":["Ring of the Snake","FossilizedHelix","PreservedInsect","Philosopher\u0027s Stone","Paper Crane","Tiny Chest","Bottled Lightning","Toxic Egg 2","Prayer Wheel","Runic Dome","Membership Card","Snake Skull","Gambling Chip","Potion Belt","Pantograph","Blue Candle","Shuriken"],"potions_floor_usage":[],"damage_taken":[{"damage":0.0,"enemies":"2 Louse","floor":1.0,"turns":4.0},{"damage":0.0,"enemies":"Small Slimes","floor":2.0,"turns":4.0},{"damage":0.0,"enemies":"Cultist","floor":3.0,"turns":4.0},{"damage":0.0,"enemies":"3 Louse","floor":5.0,"turns":5.0},{"damage":0.0,"enemies":"Exordium Wildlife","floor":11.0,"turns":4.0},{"damage":0.0,"enemies":"Looter","floor":13.0,"turns":4.0},{"damage":0.0,"enemies":"Gremlin Nob","floor":14.0,"turns":3.0},{"damage":4.0,"enemies":"Hexaghost","floor":16.0,"turns":8.0},{"damage":0.0,"enemies":"Spheric Guardian","floor":18.0,"turns":2.0},{"damage":0.0,"enemies":"Shell Parasite","floor":21.0,"turns":4.0},{"damage":0.0,"enemies":"Book of Stabbing","floor":23.0,"turns":4.0},{"damage":14.0,"enemies":"Slavers","floor":27.0,"turns":8.0},{"damage":0.0,"enemies":"Snecko","floor":31.0,"turns":8.0},{"damage":14.0,"enemies":"Automaton","floor":33.0,"turns":17.0},{"damage":0.0,"enemies":"Orb Walker","floor":35.0,"turns":3.0},{"damage":0.0,"enemies":"3 Shapes","floor":36.0,"turns":8.0},{"damage":0.0,"enemies":"Jaw Worm Horde","floor":38.0,"turns":6.0},{"damage":0.0,"enemies":"Reptomancer","floor":40.0,"turns":4.0},{"damage":0.0,"enemies":"Spire Growth","floor":42.0,"turns":5.0},{"damage":0.0,"enemies":"Nemesis","floor":48.0,"turns":5.0},{"damage":0.0,"enemies":"Time Eater","floor":50.0,"turns":2.0},{"damage":2.0,"enemies":"Awakened One","floor":51.0,"turns":16.0},{"damage":0,"enemies":"Shield and Spear","floor":55,"turns":5},{"damage":23,"enemies":"The Heart","floor":56,"turns":9}],"seed_played":"-801636754372215222","potions_obtained":[{"floor":1.0,"key":"Swift Potion"},{"floor":5.0,"key":"SpeedPotion"},{"floor":31.0,"key":"Dexterity Potion"},{"floor":40.0,"key":"GhostInAJar"},{"floor":55,"key":"SkillPotion"}],"is_trial":false,"path_per_floor":["M","M","M","?","M","R","$","R","T","R","M","R","M","E","R","B",null,"M","?","$","M","?","E","R","T","T","E","R","?","R","M","R","B",null,"M","M","?","M","$","E","?","M","T","T","$","R","T","E","R","B","B",null,"R","$","E","B",null],"character_chosen":"THE_SILENT","items_purchased":["Paper Crane","Night Terror","Membership Card","Backflip+1","Well Laid Plans"],"campfire_rested":1,"item_purchase_floors":[20,20,39,39,45],"current_hp_per_floor":[59,59,59,39,39,39,39,39,39,39,39,39,39,39,39,35,58,58,28,28,28,28,28,28,28,28,14,33,33,33,33,33,19,30,30,30,30,30,30,30,30,30,30,30,30,30,30,30,30,33,31,33,33,33,33,10],"gold":93,"neow_bonus":"ONE_RARE_RELIC","is_prod":false,"is_daily":false,"chose_seed":false,"campfire_upgraded":10,"win_rate":0,"timestamp":1558383453,"path_taken":["M","M","M","?","M","R","$","R","T","R","M","R","M","E","R","BOSS","M","?","$","?","?","E","R","?","T","E","R","?","R","M","R","BOSS","M","M","?","M","$","E","?","?","T","?","?","R","?","E","R","BOSS","BOSS","R","$","E","BOSS"],"build_version":"2019-05-07","purchased_purges":2,"victory":true,"max_hp_per_floor":[66,66,66,66,66,66,66,66,66,66,66,66,66,66,66,66,66,66,66,66,66,66,66,66,66,66,66,66,33,33,33,33,33,33,33,33,33,33,33,33,33,33,33,33,33,33,33,33,33,33,33,33,33,33,33,33],"card_choices":[{"not_picked":["Setup","Quick Slash"],"picked":"Leg Sweep","floor":1.0},{"not_picked":["Deflect","Dagger Spray"],"picked":"Backstab","floor":2.0},{"not_picked":["PiercingWail","Prepared"],"picked":"Catalyst","floor":3.0},{"not_picked":["Blade Dance","Infinite Blades"],"picked":"Deadly Poison","floor":5.0},{"not_picked":["Flying Knee","Skewer","Bane"],"picked":"SKIP","floor":11.0},{"not_picked":["Blur","Prepared"],"picked":"Bouncing Flask","floor":13.0},{"not_picked":["Blade Dance","Infinite Blades","Grand Finale"],"picked":"SKIP","floor":14.0},{"not_picked":["Poisoned Stab","Finisher"],"picked":"PiercingWail+1","floor":18.0},{"not_picked":["Deflect","Caltrops"],"picked":"PiercingWail","floor":21.0},{"not_picked":["Caltrops","Quick Slash"],"picked":"Footwork","floor":23.0},{"not_picked":["Tactician+1","Glass Knife"],"picked":"Footwork","floor":27.0},{"not_picked":["Distraction+1","Accuracy"],"picked":"Acrobatics+1","floor":31.0},{"not_picked":["Dagger Throw","Flechettes"],"picked":"Dodge and Roll+1","floor":31.0},{"not_picked":["Bullet Time+1","Grand Finale"],"picked":"Adrenaline+1","floor":33.0},{"not_picked":["Dash","Poisoned Stab"],"picked":"Calculated Gamble+1","floor":35.0},{"not_picked":["Terror+1","Slice","Predator+1"],"picked":"SKIP","floor":35.0},{"not_picked":["Dodge and Roll+1","Reflex+1","Eviscerate+1"],"picked":"SKIP","floor":36.0},{"not_picked":["Concentrate+1","Eviscerate","Acrobatics+1"],"picked":"SKIP","floor":36.0},{"not_picked":["Blur+1","Heel Hook+1","Slice"],"picked":"SKIP","floor":38.0},{"not_picked":["Finisher+1","Dagger Throw","Underhanded Strike"],"picked":"SKIP","floor":38.0},{"not_picked":["Prepared+1","Expertise+1"],"picked":"Adrenaline+1","floor":40.0},{"not_picked":["Underhanded Strike","Quick Slash"],"picked":"Bouncing Flask+1","floor":42.0},{"not_picked":["Noxious Fumes","Bane+1","Backstab"],"picked":"SKIP","floor":42.0},{"not_picked":["Envenom","Flying Knee"],"picked":"Backflip+1","floor":48.0},{"not_picked":["Cloak And Dagger+1","PiercingWail+1","Dagger Spray"],"picked":"SKIP","floor":55}],"player_experience":1283064,"relics_obtained":[{"floor":14.0,"key":"PreservedInsect"},{"floor":23.0,"key":"Tiny Chest"},{"floor":25.0,"key":"Bottled Lightning"},{"floor":26.0,"key":"Toxic Egg 2"},{"floor":27.0,"key":"Prayer Wheel"},{"floor":40.0,"key":"Snake Skull"},{"floor":43.0,"key":"Gambling Chip"},{"floor":44.0,"key":"Potion Belt"},{"floor":47.0,"key":"Pantograph"},{"floor":48.0,"key":"Blue Candle"},{"floor":55,"key":"Shuriken"}],"event_choices":[{"damage_healed":0.0,"max_hp_gain":0.0,"max_hp_loss":0.0,"gold_gain":0.0,"event_name":"Shining Light","player_choice":"Entered Light","floor":4.0,"gold_loss":0.0,"damage_taken":20.0,"cards_upgraded":["Neutralize","Defend_G"]},{"damage_healed":0.0,"max_hp_gain":0.0,"max_hp_loss":0.0,"gold_gain":360.0,"event_name":"Knowing Skull","player_choice":"GOLD GOLD GOLD GOLD ","floor":19.0,"potions_obtained":[],"gold_loss":0.0,"damage_taken":30.0,"cards_obtained":[]},{"damage_healed":0.0,"max_hp_gain":0.0,"max_hp_loss":0.0,"gold_gain":0.0,"event_name":"The Mausoleum","player_choice":"Ignored","floor":22.0,"gold_loss":0.0,"damage_taken":0.0},{"damage_healed":0.0,"max_hp_gain":0.0,"max_hp_loss":33.0,"gold_gain":0.0,"event_name":"Ghosts","player_choice":"Became a Ghost","floor":29.0,"gold_loss":0.0,"damage_taken":0.0,"cards_obtained":["Ghostly","Ghostly","Ghostly"]},{"cards_removed":["Defend_G"],"damage_healed":0.0,"max_hp_gain":0.0,"max_hp_loss":0.0,"gold_gain":0.0,"event_name":"Falling","player_choice":"Removed Skill","floor":37.0,"gold_loss":0.0,"damage_taken":0.0},{"damage_healed":0.0,"max_hp_gain":0.0,"max_hp_loss":0.0,"gold_gain":0.0,"event_name":"Upgrade Shrine","player_choice":"Upgraded","floor":41.0,"gold_loss":0.0,"damage_taken":0.0,"cards_upgraded":["Survivor"]}],"is_beta":true,"boss_relics":[{"not_picked":["Velvet Choker","Eternal Feather"],"picked":"Philosopher\u0027s Stone"},{"not_picked":["WristBlade","Lizard Tail"],"picked":"Runic Dome"}],"items_purged_floors":[20,39],"is_endless":false,"potions_floor_spawned":[1,5,14,31,33,35,40,42,55],"ascension_level":20}