{"gold_per_floor":[115,126,144,144,69,69,98,98,98,273,322,349,364,379,379,476,476,487,487,472,486,486,486,520,532,555,77,97,97],"floor_reached":29,"playtime":2487,"items_purged":["Doubt"],"score":281,"play_id":"dc9ccb0d-d827-482e-b019-45a6bf1d2be5","local_time":"20190523215804","is_ascension_mode":true,"campfire_choices":[{"data":"Adrenaline","floor":6,"key":"SMITH"},{"floor":8,"key":"REST"},{"floor":15,"key":"REST"},{"floor":23,"key":"REST"}],"neow_cost":"NONE","seed_source_timestamp":0,"circlet_count":0,"master_deck":["Defend_G","Defend_G+1","Defend_G","Strike_G","Strike_G","Strike_G","Survivor","Neutralize","Masterful Stab+1","Reflex+1","Expertise+1","Leg Sweep","Flying Knee","Adrenaline+1","Bouncing Flask","Acrobatics","Deadly Poison+1","Noxious Fumes","Noxious Fumes","Burst","Deflect+1","Tactician","Underhanded Strike","After Image","Reflex+1","Tactician","Noxious Fumes","Well Laid Plans"],"special_seed":0,"relics":["Astrolabe","Darkstone Periapt","Gremlin Horn","Orichalcum","The Courier","HoveringKite","War Paint","MawBank","Du-Vu Doll"],"potions_floor_usage":[16,21,24],"damage_taken":[{"damage":4.0,"enemies":"2 Louse","floor":1.0,"turns":2.0},{"damage":0.0,"enemies":"Cultist","floor":2.0,"turns":3.0},{"damage":0,"enemies":"Small Slimes","floor":3,"turns":3},{"damage":42,"enemies":"3 Sentries","floor":7,"turns":15},{"damage":25,"enemies":"Lagavulin","floor":12,"turns":7},{"damage":10,"enemies":"Exordium Wildlife","floor":13,"turns":4},{"damage":6,"enemies":"Looter","floor":14,"turns":2},{"damage":29,"enemies":"The Guardian","floor":16,"turns":9},{"damage":1,"enemies":"Chosen","floor":18,"turns":5},{"damage":14,"enemies":"2 Thieves","floor":20,"turns":4},{"damage":0,"enemies":"Shelled Parasite and Fungi","floor":21,"turns":5},{"damage":47,"enemies":"Gremlin Leader","floor":24,"turns":7},{"damage":0,"enemies":"Centurion and Healer","floor":25,"turns":6},{"damage":7,"enemies":"Snecko","floor":28,"turns":5},{"damage":25,"enemies":"Cultist and Chosen","floor":29,"turns":6}],"seed_played":"-2588072324828538838","potions_obtained":[{"floor":1.0,"key":"SmokeBomb"},{"floor":3,"key":"GamblersBrew"},{"floor":14,"key":"GhostInAJar"},{"floor":16,"key":"PowerPotion"},{"floor":18,"key":"FearPotion"},{"floor":20,"key":"Dexterity Potion"},{"floor":25,"key":"EssenceOfSteel"}],"is_trial":false,"path_per_floor":["M","M","M","?","$","R","E","R","T","?","T","E","M","M","R","B",null,"M","?","M","M","?","R","E","M","T","$","M","M"],"character_chosen":"THE_SILENT","items_purchased":["Bouncing Flask","Tactician","Noxious Fumes","Well Laid Plans","Du-Vu Doll"],"campfire_rested":3,"item_purchase_floors":[5,27,27,27,27],"current_hp_per_floor":[66,66,66,66,66,66,24,45,45,51,51,26,16,10,32,3,76,75,75,61,61,47,71,24,24,24,24,17,0],"gold":97,"neow_bonus":"BOSS_RELIC","is_prod":false,"is_daily":false,"chose_seed":false,"campfire_upgraded":1,"win_rate":0,"timestamp":1558663084,"path_taken":["M","M","M","?","?","R","E","R","T","?","?","E","M","M","R","BOSS","M","?","M","M","?","R","E","M","T","$","M","M"],"build_version":"2019-01-23","purchased_purges":1,"victory":false,"max_hp_per_floor":[70,70,70,70,70,70,70,70,70,76,76,76,76,76,76,76,76,76,76,76,76,81,81,81,81,81,81,81,81],"card_choices":[{"not_picked":["Underhanded Strike","Blade Dance"],"picked":"Leg Sweep","floor":1.0},{"not_picked":["Slice","Dagger Throw"],"picked":"Flying Knee","floor":2},{"not_picked":["Accuracy","Finisher"],"picked":"Adrenaline","floor":3},{"not_picked":["Skewer","Expertise"],"picked":"Acrobatics","floor":7},{"not_picked":["Outmaneuver","Tools of the Trade"],"picked":"Deadly Poison","floor":12},{"not_picked":["Underhanded Strike","Quick Slash"],"picked":"Noxious Fumes","floor":13},{"not_picked":["Flechettes","Deflect"],"picked":"Noxious Fumes","floor":14},{"not_picked":["Glass Knife","Wraith Form v2"],"picked":"Burst","floor":16},{"not_picked":["Dodge and Roll","Distraction"],"picked":"Deflect+1","floor":18},{"not_picked":["Finisher","Setup"],"picked":"Underhanded Strike","floor":20},{"not_picked":["Flying Knee","Acrobatics+1"],"picked":"After Image","floor":21},{"not_picked":["Heel Hook","Skewer","Bane+1"],"picked":"SKIP","floor":24},{"not_picked":["Slice","Sucker Punch"],"picked":"Reflex+1","floor":25},{"not_picked":["Dodge and Roll","Blade Dance","Distraction+1"],"picked":"SKIP","floor":28}],"player_experience":295902,"relics_obtained":[{"floor":7,"key":"Darkstone Periapt"},{"floor":9,"key":"Gremlin Horn"},{"floor":11,"key":"Orichalcum"},{"floor":12,"key":"The Courier"},{"floor":24,"key":"War Paint"},{"floor":26,"key":"MawBank"}],"event_choices":[{"cards_removed":["Defend_G"],"damage_healed":0,"gold_gain":0,"player_choice":"Purged","damage_taken":0,"max_hp_gain":0,"max_hp_loss":0,"event_name":"Purifier","floor":4,"gold_loss":0},{"damage_healed":0,"gold_gain":175,"player_choice":"AGREE","damage_taken":0,"max_hp_gain":0,"max_hp_loss":0,"event_name":"Liars Game","floor":10,"gold_loss":0,"cards_obtained":["Doubt"]},{"damage_healed":0,"gold_gain":0,"player_choice":"Read","damage_taken":0,"max_hp_gain":0,"max_hp_loss":0,"event_name":"The Library","floor":19,"gold_loss":0,"cards_obtained":["Tactician"]},{"damage_healed":0,"gold_gain":0,"player_choice":"Shed Blood","damage_taken":19,"max_hp_gain":5,"max_hp_loss":0,"event_name":"Forgotten Altar","floor":22,"gold_loss":0}],"is_beta":false,"boss_relics":[{"not_picked":["Orrery","Coffee Dripper"],"picked":"HoveringKite"}],"items_purged_floors":[27],"is_endless":false,"potions_floor_spawned":[1,3,14,16,18,20,25],"killed_by":"Cultist and Chosen","ascension_level":2}