{"gold_per_floor":[113,73,83,99,119,148,73,73,98,126,126,141,141,199,199,276,276,296,296,26,226,238,238,238,269,350,350,4,31,31,51,51,126,126,140,15,115,129,0,0,25,25,105,105,120,44,44,64,64,64,64,64,64,64,97,97],"floor_reached":56,"playtime":4124,"items_purged":["Strike_B","Defend_B","Defend_B"],"score":2283,"play_id":"66be6f59-7d82-462f-819e-0de99f312fb9","local_time":"20190210225751","is_ascension_mode":true,"campfire_choices":[{"floor":8,"key":"REST"},{"data":"Coolheaded","floor":11,"key":"SMITH"},{"data":"Defragment","floor":15,"key":"SMITH"},{"data":"Defragment","floor":23,"key":"SMITH"},{"data":"Zap","floor":27,"key":"SMITH"},{"data":"Defragment","floor":30,"key":"SMITH"},{"floor":32,"key":"REST"},{"data":"Capacitor","floor":40,"key":"SMITH"},{"data":"Hologram","floor":44,"key":"SMITH"},{"floor":49,"key":"RECALL"},{"data":"Loop","floor":53,"key":"SMITH"}],"neow_cost":"NONE","seed_source_timestamp":1474380322156649,"circlet_count":0,"master_deck":["AscendersBane","Strike_B+1","Zap+1","Dualcast","Go for the Eyes+1","Steam","Ball Lightning","Defragment+1","Coolheaded+1","Sunder","Defragment+1","Ball Lightning","Buffer","Hologram+1","Rebound","Darkness","Cold Snap","Loop+1","Capacitor+1","Defragment+1","Undo+1","Biased Cognition","Chill+1","Capacitor+1","Capacitor","Stack"],"relics":["FrozenCore","Strawberry","Whetstone","Lantern","Boot","Tiny Chest","Sozu","Bag of Preparation","Gremlin Horn","Cables","Lee\u0027s Waffle","Unceasing Top","Thread and Needle","Red Mask","Dream Catcher"],"potions_floor_usage":[6,6,10,12,16,16],"damage_taken":[{"damage":3,"enemies":"2 Louse","floor":1,"turns":4},{"damage":0,"enemies":"Cultist","floor":3,"turns":3},{"damage":0,"enemies":"Small Slimes","floor":4,"turns":3},{"damage":7,"enemies":"3 Louse","floor":5,"turns":3},{"damage":27,"enemies":"Gremlin Nob","floor":6,"turns":4},{"damage":24,"enemies":"3 Sentries","floor":10,"turns":7},{"damage":0,"enemies":"Lots of Slimes","floor":12,"turns":6},{"damage":24,"enemies":"Gremlin Nob","floor":14,"turns":4},{"damage":0,"enemies":"Hexaghost","floor":16,"turns":7},{"damage":7,"enemies":"Chosen","floor":18,"turns":4},{"damage":0,"enemies":"Spheric Guardian","floor":22,"turns":3},{"damage":14,"enemies":"Book of Stabbing","floor":25,"turns":5},{"damage":39,"enemies":"Slavers","floor":29,"turns":7},{"damage":0,"enemies":"Cultist and Chosen","floor":31,"turns":6},{"damage":18,"enemies":"Champ","floor":33,"turns":8},{"damage":5,"enemies":"3 Darklings","floor":35,"turns":5},{"damage":0,"enemies":"Mind Bloom Boss Battle","floor":37,"turns":6},{"damage":0,"enemies":"Orb Walker","floor":38,"turns":3},{"damage":19,"enemies":"Giant Head","floor":41,"turns":8},{"damage":0,"enemies":"Jaw Worm Horde","floor":45,"turns":6},{"damage":0,"enemies":"4 Shapes","floor":48,"turns":6},{"damage":0,"enemies":"Time Eater","floor":50,"turns":22},{"damage":0,"enemies":"Donu and Deca","floor":51,"turns":12},{"damage":58,"enemies":"Shield and Spear","floor":55,"turns":10},{"damage":19,"enemies":"The Heart","floor":56,"turns":2}],"seed_played":"-4965095413597127342","potions_obtained":[{"floor":2,"key":"Block Potion"},{"floor":2,"key":"LiquidBronze"},{"floor":4,"key":"PowerPotion"},{"floor":6,"key":"Fire Potion"},{"floor":10,"key":"Regen Potion"},{"floor":12,"key":"EssenceOfSteel"},{"floor":14,"key":"LiquidBronze"}],"is_trial":false,"path_per_floor":["M","?","M","M","M","E","$","R","T","E","R","M","?","E","R","B",null,"M","?","$","?","M","R","?","E","T","R","$","E","R","M","R","B",null,"M","$","?","M","?","R","E","?","T","R","M","$","?","M","R","B","B",null,"R","$","E","B"],"character_chosen":"DEFECT","items_purchased":["Bag of Preparation","Cold Snap","Loop","Lee\u0027s Waffle","Defragment","Capacitor"],"campfire_rested":2,"item_purchase_floors":[20,20,20,28,28,46],"current_hp_per_floor":[68,68,68,68,61,34,34,57,57,33,33,48,41,17,17,17,63,56,56,56,56,56,56,72,58,58,58,85,46,46,46,71,53,77,72,72,72,72,72,72,53,53,53,53,53,53,53,53,53,53,53,77,77,77,19,0],"gold":97,"neow_bonus":"RANDOM_COMMON_RELIC","is_prod":false,"is_daily":false,"chose_seed":false,"campfire_upgraded":8,"win_rate":0,"timestamp":1549835871,"path_taken":["M","?","M","M","M","E","$","R","T","E","R","?","?","E","R","BOSS","M","?","$","?","?","R","?","E","T","R","$","E","R","M","R","BOSS","M","$","?","M","?","R","E","?","T","R","?","$","?","M","R","BOSS","BOSS","R","$","E","BOSS"],"build_version":"2019-01-23","purchased_purges":3,"victory":false,"max_hp_per_floor":[78,78,78,78,78,78,78,78,78,78,78,78,78,78,78,78,78,78,78,78,78,78,78,78,78,78,78,85,85,85,85,85,85,85,85,85,85,85,85,85,85,85,85,85,85,85,85,85,85,85,85,85,85,85,85,85],"card_choices":[{"not_picked":["Stack","Steam Power"],"picked":"Go for the Eyes","floor":1},{"not_picked":["Streamline","Barrage"],"picked":"Steam","floor":3},{"not_picked":["Recycle","Conserve Battery"],"picked":"Ball Lightning","floor":4},{"not_picked":["Core Surge","Redo"],"picked":"Defragment","floor":5},{"not_picked":["Cold Snap","Glacier"],"picked":"Coolheaded","floor":6},{"not_picked":["Beam Cell","Steam Power"],"picked":"Sunder","floor":10},{"not_picked":["Glacier","Capacitor"],"picked":"Defragment","floor":12},{"not_picked":["Steam Power","Meteor Strike"],"picked":"Ball Lightning","floor":14},{"not_picked":["Hyperbeam","Meteor Strike"],"picked":"Buffer","floor":16},{"not_picked":["BootSequence","Sunder"],"picked":"Hologram","floor":18},{"not_picked":["Conserve Battery","Barrage","Gash"],"picked":"SKIP","floor":22},{"not_picked":["Beam Cell","Steam"],"picked":"Capacitor","floor":25},{"not_picked":["Barrage","Reinforced Body"],"picked":"Undo+1","floor":29},{"not_picked":["Compile Driver","Melter","Barrage"],"picked":"SKIP","floor":31},{"not_picked":["Seek","Reboot"],"picked":"Biased Cognition","floor":33},{"not_picked":["Cold Snap","Coolheaded"],"picked":"Chill+1","floor":35},{"not_picked":["Ball Lightning","White Noise","Rebound"],"picked":"SKIP","floor":38},{"not_picked":["Leap","Streamline","Thunder Strike"],"picked":"SKIP","floor":41},{"not_picked":["Aggregate","Beam Cell","Chaos"],"picked":"SKIP","floor":45},{"not_picked":["Double Energy","Go for the Eyes","Barrage"],"picked":"SKIP","floor":48},{"not_picked":["Rip and Tear","Chill"],"picked":"Stack","floor":55}],"player_experience":1665730,"relics_obtained":[{"floor":6,"key":"Whetstone"},{"floor":9,"key":"Lantern"},{"floor":10,"key":"Boot"},{"floor":14,"key":"Tiny Chest"},{"floor":25,"key":"Gremlin Horn"},{"floor":26,"key":"Cables"},{"floor":29,"key":"Unceasing Top"},{"floor":37,"key":"Thread and Needle"},{"floor":41,"key":"Dream Catcher"}],"event_choices":[{"damage_healed":0,"gold_gain":0,"player_choice":"Bought 3 Potions","damage_taken":0,"max_hp_gain":0,"max_hp_loss":0,"event_name":"The Woman in Blue","floor":2,"gold_loss":0},{"cards_removed":["Strike_B"],"damage_healed":0,"gold_gain":0,"player_choice":"Card Removal","damage_taken":7,"max_hp_gain":0,"max_hp_loss":0,"event_name":"Golden Wing","floor":13,"gold_loss":0},{"damage_healed":0,"gold_gain":0,"cards_transformed":["Strike_B","Defend_B"],"player_choice":"Became Test Subject","damage_taken":0,"max_hp_gain":0,"max_hp_loss":0,"event_name":"Drug Dealer","floor":19,"gold_loss":0,"cards_obtained":["Rebound","Darkness"]},{"damage_healed":0,"gold_gain":200,"player_choice":"Gold","damage_taken":0,"max_hp_gain":0,"max_hp_loss":0,"event_name":"Wheel of Change","floor":21,"gold_loss":0},{"damage_healed":16,"gold_gain":0,"player_choice":"Heal","damage_taken":0,"max_hp_gain":0,"max_hp_loss":0,"event_name":"The Library","floor":24,"gold_loss":0},{"damage_healed":0,"gold_gain":0,"player_choice":"Fight","damage_taken":0,"max_hp_gain":0,"max_hp_loss":0,"event_name":"MindBloom","floor":37,"gold_loss":0},{"damage_healed":0,"gold_gain":0,"player_choice":"Paid","damage_taken":0,"relics_obtained":["Red Mask"],"max_hp_gain":0,"max_hp_loss":0,"event_name":"Tomb of Lord Red Mask","floor":39,"gold_loss":129},{"damage_healed":0,"gold_gain":0,"player_choice":"Copied","damage_taken":0,"max_hp_gain":0,"max_hp_loss":0,"event_name":"Duplicator","floor":42,"gold_loss":0,"cards_obtained":["Capacitor"]},{"cards_removed":["Defend_B"],"damage_healed":0,"gold_gain":0,"player_choice":"Removed Skill","damage_taken":0,"max_hp_gain":0,"max_hp_loss":0,"event_name":"Falling","floor":47,"gold_loss":0}],"is_beta":false,"boss_relics":[{"not_picked":["Astrolabe","Cursed Key"],"picked":"Sozu"},{"not_picked":["Black Star","Calling Bell"],"picked":"FrozenCore"}],"items_purged_floors":[7,28,36],"is_endless":false,"potions_floor_spawned":[4,6,10,12,14,18,22,29,33,37,38,48],"killed_by":"The Heart","ascension_level":20}