{"gold_per_floor":[117,117,136,155,172,172,200,200,200,200,216,251,271,346,346,425,425,435,29,43,43,43,43],"floor_reached":23,"playtime":804,"items_purged":[],"score":407,"play_id":"f583ede2-9983-4dfc-860f-576c67e1fb1d","local_time":"20190428234757","is_ascension_mode":true,"campfire_choices":[{"data":"Body Slam","floor":6.0,"key":"SMITH"},{"data":"Limit Break","floor":8.0,"key":"SMITH"},{"data":"Armaments","floor":15.0,"key":"SMITH"}],"neow_cost":"NONE","seed_source_timestamp":10735299306141,"circlet_count":0,"master_deck":["AscendersBane","Strike_R+1","Strike_R+1","Defend_R+1","Defend_R+1","Defend_R+1","Defend_R+1","Bash","Cleave","Body Slam+1","Thunderclap","Pommel Strike","Inflame","Dropkick","Limit Break+1","Infernal Blade","Pummel","Inflame","Armaments+1","Impervious","Inflame+1","Apotheosis","Inflame","Limit Break+1"],"special_seed":0,"relics":["Black Blood","Oddly Smooth Stone","Lantern","Sundial","Medical Kit"],"potions_floor_usage":[23],"damage_taken":[{"damage":1.0,"enemies":"Small Slimes","floor":1.0,"turns":4.0},{"damage":5.0,"enemies":"2 Louse","floor":3.0,"turns":2.0},{"damage":7.0,"enemies":"Cultist","floor":4.0,"turns":4.0},{"damage":7.0,"enemies":"2 Fungi Beasts","floor":5.0,"turns":3.0},{"damage":8.0,"enemies":"Gremlin Nob","floor":7.0,"turns":3.0},{"damage":0.0,"enemies":"Large Slime","floor":11.0,"turns":2.0},{"damage":22.0,"enemies":"Lagavulin","floor":12.0,"turns":6.0},{"damage":5.0,"enemies":"Looter","floor":13.0,"turns":2.0},{"damage":5.0,"enemies":"The Guardian","floor":16.0,"turns":8.0},{"damage":8.0,"enemies":"Shell Parasite","floor":18.0,"turns":3.0},{"damage":17.0,"enemies":"Spheric Guardian","floor":20.0,"turns":5.0},{"damage":81,"enemies":"Slavers","floor":23,"turns":5}],"seed_played":"4263666451363161111","potions_obtained":[{"floor":1.0,"key":"Regen Potion"},{"floor":3.0,"key":"Dexterity Potion"},{"floor":12.0,"key":"Fruit Juice"},{"floor":13.0,"key":"Regen Potion"},{"floor":16.0,"key":"Block Potion"}],"is_trial":false,"path_per_floor":["M","?","M","M","M","R","E","R","T","?","M","E","M","?","R","B",null,"M","$","M","?","?","E"],"character_chosen":"IRONCLAD","items_purchased":["Apotheosis","Medical Kit"],"campfire_rested":0,"item_purchase_floors":[19,19],"current_hp_per_floor":[73,73,74,73,72,72,70,70,70,70,75,64,65,54,54,55,74,76,76,69,69,69,0],"gold":43,"neow_bonus":"TRANSFORM_CARD","is_prod":false,"is_daily":false,"chose_seed":false,"campfire_upgraded":3,"win_rate":0,"timestamp":1556520477,"path_taken":["M","?","M","M","M","R","E","R","T","?","?","E","M","?","R","BOSS","M","$","M","?","?","E"],"build_version":"2019-01-23","purchased_purges":0,"victory":false,"max_hp_per_floor":[75,75,75,75,75,75,75,75,75,75,75,80,80,80,80,80,80,80,80,80,80,80,80],"card_choices":[{"not_picked":["Hemokinesis","Searing Blow"],"picked":"Body Slam","floor":1.0},{"not_picked":["Flex","Heavy Blade"],"picked":"Pommel Strike","floor":3.0},{"not_picked":["Armaments","Twin Strike"],"picked":"Inflame","floor":4.0},{"not_picked":["Evolve","Heavy Blade"],"picked":"Dropkick","floor":5.0},{"not_picked":["Pommel Strike","Perfected Strike"],"picked":"Limit Break","floor":7.0},{"not_picked":["Armaments","Second Wind"],"picked":"Pummel","floor":11.0},{"not_picked":["Pommel Strike","Clash"],"picked":"Inflame","floor":12.0},{"not_picked":["Sentinel","Warcry"],"picked":"Armaments","floor":13.0},{"not_picked":["Double Tap","Immolate"],"picked":"Impervious","floor":16.0},{"not_picked":["Perfected Strike","Rage+1"],"picked":"Inflame+1","floor":18.0},{"not_picked":["True Grit","Anger"],"picked":"Inflame","floor":20.0}],"player_experience":764991,"relics_obtained":[{"floor":7.0,"key":"Oddly Smooth Stone"},{"floor":9.0,"key":"Lantern"},{"floor":12.0,"key":"Sundial"}],"event_choices":[{"damage_healed":0.0,"max_hp_gain":0.0,"max_hp_loss":0.0,"gold_gain":0.0,"cards_transformed":["Strike_R"],"event_name":"Living Wall","player_choice":"Change","floor":2.0,"gold_loss":0.0,"damage_taken":0.0,"cards_obtained":["Thunderclap"]},{"damage_healed":0.0,"max_hp_gain":0.0,"max_hp_loss":0.0,"gold_gain":0.0,"cards_transformed":["Strike_R"],"event_name":"Transmorgrifier","player_choice":"Transformed","floor":10.0,"gold_loss":0.0,"damage_taken":0.0,"cards_obtained":["Infernal Blade"]},{"damage_healed":0.0,"max_hp_gain":0.0,"max_hp_loss":0.0,"gold_gain":75.0,"event_name":"World of Goop","player_choice":"Gather Gold","floor":14.0,"gold_loss":0.0,"damage_taken":11.0},{"damage_healed":0.0,"max_hp_gain":0.0,"max_hp_loss":0.0,"gold_gain":0.0,"event_name":"Back to Basics","player_choice":"Simplicity","floor":21.0,"gold_loss":0.0,"damage_taken":0.0,"cards_upgraded":["Strike_R","Strike_R","Defend_R","Defend_R","Defend_R","Defend_R"]},{"damage_healed":0.0,"max_hp_gain":0.0,"max_hp_loss":0.0,"gold_gain":0.0,"event_name":"Duplicator","player_choice":"Copied","floor":22.0,"gold_loss":0.0,"damage_taken":0.0,"cards_obtained":["Limit Break"]}],"is_beta":false,"boss_relics":[{"not_picked":["Busted Crown","Ectoplasm"],"picked":"Black Blood"}],"items_purged_floors":[],"is_endless":false,"potions_floor_spawned":[1,3,12,13,16],"killed_by":"Slavers","ascension_level":18}