{"gold_per_floor":[211,228,242,317,332,365,46,46,71,94,106,133,179,204,216,228],"floor_reached":16,"playtime":659,"items_purged":[],"score":228,"play_id":"1d0a70f3-9263-4344-acb3-622dd8b5621f","local_time":"20190415190923","is_ascension_mode":true,"campfire_choices":[{"floor":8.0,"key":"REST"},{"data":"Whirlwind","floor":11.0,"key":"SMITH"},{"data":"Limit Break","floor":15.0,"key":"SMITH"}],"neow_cost":"NONE","seed_source_timestamp":510213158014557,"circlet_count":0,"master_deck":["AscendersBane","Strike_R","Strike_R","Strike_R","Strike_R","Strike_R","Defend_R","Defend_R","Defend_R","Defend_R","Bash","Sword Boomerang","Anger","Twin Strike","Whirlwind+1","Impervious","Clothesline","Limit Break+1","Headbutt"],"special_seed":0,"relics":["Burning Blood","Juzu Bracelet","Vajra","Anchor","MawBank","Strawberry"],"potions_floor_usage":[16,16],"damage_taken":[{"damage":7.0,"enemies":"2 Louse","floor":1.0,"turns":4.0},{"damage":11.0,"enemies":"Small Slimes","floor":2.0,"turns":5.0},{"damage":9.0,"enemies":"Jaw Worm","floor":3.0,"turns":3.0},{"damage":0.0,"enemies":"3 Louse","floor":5.0,"turns":2.0},{"damage":32.0,"enemies":"Gremlin Nob","floor":6.0,"turns":4.0},{"damage":0.0,"enemies":"Red Slaver","floor":10.0,"turns":2.0},{"damage":15.0,"enemies":"Exordium Thugs","floor":12.0,"turns":4.0},{"damage":30.0,"enemies":"Lagavulin","floor":13.0,"turns":5.0},{"damage":0.0,"enemies":"2 Fungi Beasts","floor":14.0,"turns":2.0},{"damage":37,"enemies":"Slime Boss","floor":16,"turns":8}],"seed_played":"-3205078818111785681","potions_obtained":[{"floor":2.0,"key":"Explosive Potion"},{"floor":5.0,"key":"Dexterity Potion"},{"floor":10.0,"key":"SpeedPotion"}],"is_trial":false,"path_per_floor":["M","M","M","?","M","E","$","R","T","M","R","M","E","M","R","B"],"character_chosen":"IRONCLAD","items_purchased":["Vajra","Anchor"],"campfire_rested":1,"item_purchase_floors":[7,7],"current_hp_per_floor":[67,62,59,48,54,28,28,50,50,56,56,47,30,36,36,0],"gold":228,"neow_bonus":"HUNDRED_GOLD","is_prod":false,"is_daily":false,"chose_seed":false,"campfire_upgraded":2,"win_rate":0,"timestamp":1555348163,"path_taken":["M","M","M","?","M","E","$","R","T","M","R","M","E","M","R","BOSS"],"build_version":"2019-01-23","purchased_purges":0,"victory":false,"max_hp_per_floor":[75,75,75,75,75,75,75,75,75,75,75,75,82,82,82,82],"card_choices":[{"not_picked":["Iron Wave","Shrug It Off"],"picked":"Sword Boomerang","floor":1.0},{"not_picked":["Rampage","Body Slam"],"picked":"Anger","floor":2.0},{"not_picked":["True Grit","Burning Pact"],"picked":"Twin Strike","floor":3.0},{"not_picked":["Perfected Strike","Armaments"],"picked":"Whirlwind","floor":5.0},{"not_picked":["Whirlwind","Shockwave"],"picked":"Impervious","floor":6.0},{"not_picked":["Sever Soul","True Grit","Cleave"],"picked":"SKIP","floor":10.0},{"not_picked":["Perfected Strike","Anger"],"picked":"Clothesline","floor":12.0},{"not_picked":["Dual Wield","Evolve"],"picked":"Limit Break","floor":13.0},{"not_picked":["Burning Pact","Armaments"],"picked":"Headbutt","floor":14.0}],"player_experience":2490732,"relics_obtained":[{"floor":6.0,"key":"Juzu Bracelet"},{"floor":9.0,"key":"MawBank"},{"floor":13.0,"key":"Strawberry"}],"event_choices":[{"damage_healed":0.0,"max_hp_gain":0.0,"max_hp_loss":0.0,"gold_gain":75.0,"event_name":"World of Goop","player_choice":"Gather Gold","floor":4.0,"gold_loss":0.0,"damage_taken":11.0}],"is_beta":false,"boss_relics":[],"items_purged_floors":[],"is_endless":false,"potions_floor_spawned":[2,5,10],"killed_by":"Slime Boss","ascension_level":20}