{"gold_per_floor":[109,124,66,216,216,216,248,38,62,81,81,35,70,40,40,40],"floor_reached":16,"playtime":980,"items_purged":["Doubt"],"score":266,"play_id":"7032b36d-377a-4714-aaf1-77cdde499a9d","local_time":"20190428112718","is_ascension_mode":true,"campfire_choices":[{"floor":6.0,"key":"REST"},{"data":"Zap","floor":11.0,"key":"SMITH"},{"data":"Defragment","floor":15.0,"key":"SMITH"}],"neow_cost":"NONE","seed_source_timestamp":1606420622490269,"circlet_count":0,"master_deck":["AscendersBane","Zap+1","Dualcast","Rainbow+1","Stack","Defragment+1","Recycle","Defragment+1","Compile Driver","Multi-Cast","Core Surge","Chill","BootSequence","Coolheaded","Biased Cognition","Capacitor","Conserve Battery","Coolheaded","Self Repair"],"special_seed":0,"relics":["Pandora\u0027s Box","Ornamental Fan","Happy Flower","Matryoshka"],"potions_floor_usage":[],"damage_taken":[{"damage":20.0,"enemies":"2 Louse","floor":1.0,"turns":3.0},{"damage":12.0,"enemies":"Jaw Worm","floor":2.0,"turns":3.0},{"damage":0.0,"enemies":"3 Sentries","floor":7.0,"turns":11.0},{"damage":1.0,"enemies":"Small Slimes","floor":10.0,"turns":5.0},{"damage":8.0,"enemies":"Gremlin Nob","floor":13.0,"turns":5.0},{"damage":8.0,"enemies":"Exordium Thugs","floor":14.0,"turns":4.0},{"damage":28,"enemies":"The Guardian","floor":16,"turns":2}],"seed_played":"-7492846220857135194","potions_obtained":[{"floor":2.0,"key":"Weak Potion"},{"floor":13.0,"key":"Fruit Juice"}],"is_trial":false,"path_per_floor":["M","M","$","?","?","R","E","$","T","M","R","?","E","M","R","B"],"character_chosen":"DEFECT","items_purchased":["Coolheaded","Capacitor","Conserve Battery"],"campfire_rested":1,"item_purchase_floors":[3,8,8],"current_hp_per_floor":[44,32,32,32,11,32,32,32,32,31,31,31,28,27,27,0],"gold":40,"neow_bonus":"BOSS_RELIC","is_prod":false,"is_daily":false,"chose_seed":false,"campfire_upgraded":2,"win_rate":0,"timestamp":1556443638,"path_taken":["M","M","$","?","?","R","E","?","T","M","R","?","E","M","R","BOSS"],"build_version":"2019-01-23","purchased_purges":1,"victory":false,"max_hp_per_floor":[71,71,71,71,71,71,71,71,71,71,71,71,76,76,76,76],"card_choices":[{"not_picked":["Beam Cell","Doom and Gloom"],"picked":"Chill","floor":1.0},{"not_picked":["Ball Lightning","Force Field"],"picked":"BootSequence","floor":2.0},{"not_picked":["Barrage","Aggregate"],"picked":"Biased Cognition","floor":7.0},{"not_picked":["Double Energy","Sweeping Beam"],"picked":"Coolheaded","floor":10.0},{"not_picked":["Beam Cell","Rebound"],"picked":"Self Repair","floor":13.0},{"not_picked":["Recycle","Chill","Rebound"],"picked":"SKIP","floor":14.0}],"player_experience":2583871,"relics_obtained":[{"floor":7.0,"key":"Ornamental Fan"},{"floor":9.0,"key":"Happy Flower"},{"floor":13.0,"key":"Matryoshka"}],"event_choices":[{"damage_healed":0.0,"max_hp_gain":0.0,"max_hp_loss":0.0,"gold_gain":150.0,"event_name":"Liars Game","player_choice":"AGREE","floor":4.0,"gold_loss":0.0,"damage_taken":0.0,"cards_obtained":["Doubt"]},{"damage_healed":0.0,"max_hp_gain":0.0,"max_hp_loss":0.0,"gold_gain":0.0,"event_name":"Shining Light","player_choice":"Entered Light","floor":5.0,"gold_loss":0.0,"damage_taken":21.0,"cards_upgraded":["Rainbow","Defragment"]},{"damage_healed":0.0,"max_hp_gain":0.0,"max_hp_loss":0.0,"gold_gain":0.0,"event_name":"World of Goop","player_choice":"Left Gold","floor":12.0,"gold_loss":46.0,"damage_taken":0.0}],"is_beta":false,"boss_relics":[],"items_purged_floors":[8],"is_endless":false,"potions_floor_spawned":[2,13],"killed_by":"The Guardian","ascension_level":20}