{"gold_per_floor":[10,20,20,20,32,32,48,78,126,136,36,36,63,77,77,155,155,166,181,181,192,192],"floor_reached":22,"playtime":1017,"items_purged":["Strike_R"],"score":396,"play_id":"69835794-e1d5-4079-b457-bf42d5c9f777","local_time":"20190410152110","is_ascension_mode":true,"campfire_choices":[{"floor":6,"key":"REST"},{"data":"Anger","floor":15,"key":"SMITH"}],"neow_cost":"NO_GOLD","seed_source_timestamp":65244853387234,"circlet_count":0,"master_deck":["AscendersBane","Strike_R","Strike_R","Defend_R","Defend_R","Defend_R","Bash","Clothesline","Flex","Whirlwind","Anger","Cleave","Anger+1","Fiend Fire","Flex","Thunderclap+1","Inflame+1"],"relics":["Burning Blood","Singing Bowl","Blood Vial","Oddly Smooth Stone","Unceasing Top","Sozu"],"potions_floor_usage":[8,13,16,16],"damage_taken":[{"damage":18,"enemies":"Cultist","floor":1,"turns":5},{"damage":11,"enemies":"Jaw Worm","floor":2,"turns":4},{"damage":4,"enemies":"2 Louse","floor":5,"turns":3},{"damage":14,"enemies":"Red Slaver","floor":7,"turns":4},{"damage":6,"enemies":"Gremlin Nob","floor":8,"turns":3},{"damage":9,"enemies":"2 Fungi Beasts","floor":10,"turns":3},{"damage":4,"enemies":"3 Sentries","floor":13,"turns":3},{"damage":18,"enemies":"Exordium Wildlife","floor":14,"turns":4},{"damage":43,"enemies":"Hexaghost","floor":16,"turns":9},{"damage":34,"enemies":"Shell Parasite","floor":18,"turns":4},{"damage":18,"enemies":"Chosen","floor":19,"turns":5},{"damage":29,"enemies":"Shelled Parasite and Fungi","floor":21,"turns":3},{"damage":17,"enemies":"3 Cultists","floor":22,"turns":3}],"seed_played":"-2304673930603464487","potions_obtained":[{"floor":5,"key":"SteroidPotion"},{"floor":8,"key":"SneckoOil"},{"floor":10,"key":"SteroidPotion"},{"floor":14,"key":"Dexterity Potion"}],"is_trial":false,"path_per_floor":["M","M","?","?","M","R","M","E","T","M","$","?","E","M","R","B",null,"M","M","?","M","M"],"character_chosen":"IRONCLAD","items_purchased":["Cleave"],"campfire_rested":1,"item_purchase_floors":[11],"current_hp_per_floor":[56,51,51,25,27,49,43,43,43,44,44,79,79,69,69,34,69,43,33,33,12,0],"gold":192,"neow_bonus":"REMOVE_TWO","is_prod":false,"is_daily":false,"chose_seed":false,"campfire_upgraded":1,"win_rate":0,"timestamp":1554902470,"path_taken":["M","M","?","?","M","R","M","E","T","M","$","?","E","M","R","BOSS","M","M","?","M","?"],"build_version":"2019-01-23","purchased_purges":1,"victory":false,"max_hp_per_floor":[75,75,75,75,75,75,77,77,77,79,79,79,79,81,81,81,81,81,81,81,81,81],"card_choices":[{"not_picked":["Seeing Red","Headbutt"],"picked":"Clothesline","floor":1},{"not_picked":["Pommel Strike","Blood for Blood"],"picked":"Flex","floor":2},{"not_picked":["Infernal Blade","Blood for Blood"],"picked":"Whirlwind","floor":5},{"not_picked":["Havoc","Reckless Charge","True Grit"],"picked":"Singing Bowl","floor":7},{"not_picked":["Dropkick","Second Wind"],"picked":"Anger","floor":8},{"not_picked":["Flex","Body Slam","Wild Strike"],"picked":"Singing Bowl","floor":10},{"not_picked":["Body Slam","Shrug It Off"],"picked":"Anger","floor":13},{"not_picked":["Cleave","Carnage","True Grit"],"picked":"Singing Bowl","floor":14},{"not_picked":["Impervious","Barricade"],"picked":"Fiend Fire","floor":16},{"not_picked":["Iron Wave","Warcry"],"picked":"Flex","floor":18},{"not_picked":["Dual Wield+1","Wild Strike"],"picked":"Thunderclap+1","floor":19},{"not_picked":["Second Wind","Iron Wave"],"picked":"Inflame+1","floor":21}],"player_experience":2464806,"relics_obtained":[{"floor":8,"key":"Blood Vial"},{"floor":9,"key":"Oddly Smooth Stone"},{"floor":13,"key":"Unceasing Top"}],"event_choices":[{"damage_healed":0,"gold_gain":0,"player_choice":"Ignored","damage_taken":0,"max_hp_gain":0,"max_hp_loss":0,"event_name":"Liars Game","floor":3,"gold_loss":0},{"damage_healed":0,"gold_gain":0,"player_choice":"Success","damage_taken":26,"relics_obtained":["Singing Bowl"],"max_hp_gain":0,"max_hp_loss":0,"event_name":"Scrap Ooze","floor":4,"gold_loss":0},{"damage_healed":35,"gold_gain":0,"player_choice":"Full Heal","damage_taken":0,"max_hp_gain":0,"max_hp_loss":0,"event_name":"Wheel of Change","floor":12,"gold_loss":0},{"cards_removed":["Strike_R"],"damage_healed":0,"gold_gain":0,"player_choice":"Offered Basic","damage_taken":0,"max_hp_gain":0,"max_hp_loss":0,"event_name":"Bonfire Elementals","floor":20,"gold_loss":0}],"is_beta":false,"boss_relics":[{"not_picked":["Ectoplasm","Philosopher\u0027s Stone"],"picked":"Sozu"}],"items_purged_floors":[11],"is_endless":false,"potions_floor_spawned":[5,8,10,14,19],"killed_by":"3 Cultists","ascension_level":20}