{"gold_per_floor":[109,109,120,17,35,62,62,75,75,109,125,125,144,171,171,246,246,266,266,316,327,11,11,11,46,46,71,86,101,131,144,144,144],"floor_reached":33,"playtime":2030,"items_purged":["Doubt"],"score":654,"play_id":"ec640f50-d187-4e0a-9655-e16df0fa323e","local_time":"20190501211557","is_ascension_mode":true,"campfire_choices":[{"data":"Zap","floor":7,"key":"SMITH"},{"data":"Hyperbeam","floor":12,"key":"SMITH"},{"data":"Coolheaded","floor":15,"key":"SMITH"},{"floor":23,"key":"RECALL"},{"data":"1","floor":32,"key":"LIFT"}],"neow_cost":"CURSE","seed_source_timestamp":1899934199192121,"circlet_count":0,"master_deck":["AscendersBane","Strike_B+1","Strike_B+1","Strike_B+1","Defend_B+1","Defend_B+1","Defend_B+1","Defend_B+1","Zap+1","Dualcast","Core Surge","Ball Lightning","Hyperbeam+1","Ball Lightning","Conserve Battery","Beam Cell","Buffer","Coolheaded+1","Electrodynamics","Coolheaded+1","Double Energy+1","Glacier+1","Chaos+1"],"relics":["Cracked Core","Blue Candle","Torii","Mango","Sundial","Fusion Hammer","Toxic Egg 2","DataDisk","Dead Branch","Girya","Centennial Puzzle","FossilizedHelix"],"potions_floor_usage":[10,25,27,33],"damage_taken":[{"damage":7,"enemies":"Jaw Worm","floor":1,"turns":3},{"damage":0,"enemies":"Cultist","floor":3,"turns":3},{"damage":0,"enemies":"2 Louse","floor":5,"turns":1},{"damage":18,"enemies":"Lagavulin","floor":6,"turns":7},{"damage":0,"enemies":"Large Slime","floor":8,"turns":3},{"damage":1,"enemies":"3 Sentries","floor":10,"turns":4},{"damage":0,"enemies":"3 Louse","floor":11,"turns":1},{"damage":9,"enemies":"Lots of Slimes","floor":13,"turns":3},{"damage":1,"enemies":"Lagavulin","floor":14,"turns":6},{"damage":18,"enemies":"Slime Boss","floor":16,"turns":6},{"damage":0,"enemies":"Spheric Guardian","floor":18,"turns":3},{"damage":0,"enemies":"Chosen","floor":21,"turns":2},{"damage":8,"enemies":"Book of Stabbing","floor":25,"turns":4},{"damage":1,"enemies":"Gremlin Leader","floor":27,"turns":4},{"damage":1,"enemies":"Snecko","floor":28,"turns":5},{"damage":1,"enemies":"3 Cultists","floor":29,"turns":5},{"damage":8,"enemies":"Slavers","floor":30,"turns":2},{"damage":0,"enemies":"Snake Plant","floor":31,"turns":3},{"damage":67,"enemies":"Champ","floor":33,"turns":8}],"seed_played":"8961167036715453317","potions_obtained":[{"floor":3,"key":"LiquidBronze"},{"floor":5,"key":"SkillPotion"},{"floor":14,"key":"Energy Potion"},{"floor":16,"key":"PowerPotion"},{"floor":25,"key":"Weak Potion"},{"floor":29,"key":"Regen Potion"},{"floor":30,"key":"FearPotion"}],"is_trial":false,"path_per_floor":["M","?","M","$","M","E","R","M","T","E","M","R","M","E","R","B",null,"M","?","?","M","$","R","?","E","T","E","M","M","E","M","R","B"],"character_chosen":"DEFECT","items_purchased":["Conserve Battery","Toxic Egg 2","Coolheaded+1"],"campfire_rested":0,"item_purchase_floors":[4,22,22],"current_hp_per_floor":[57,57,57,57,57,39,39,39,39,52,52,52,43,42,42,24,70,70,70,70,70,70,70,70,62,62,61,60,59,51,51,51,0],"gold":144,"neow_bonus":"THREE_RARE_CARDS","is_prod":false,"is_daily":false,"chose_seed":false,"campfire_upgraded":3,"win_rate":0,"timestamp":1556738157,"path_taken":["M","?","M","$","?","E","R","M","T","E","M","R","M","E","R","BOSS","M","?","?","M","$","R","?","E","T","E","?","M","E","M","R","BOSS"],"build_version":"2019-01-23","purchased_purges":1,"victory":false,"max_hp_per_floor":[71,71,71,71,71,71,71,71,71,85,85,85,85,85,85,85,85,85,85,85,85,85,85,85,85,85,85,85,85,85,85,85,85],"card_choices":[{"not_picked":["Fission","Meteor Strike"],"picked":"Core Surge","floor":0},{"not_picked":["Go for the Eyes","Sweeping Beam"],"picked":"Ball Lightning","floor":1},{"not_picked":["Coolheaded","Steam"],"picked":"Ball Lightning","floor":3},{"not_picked":["Cold Snap","Sweeping Beam","Double Energy"],"picked":"SKIP","floor":5},{"not_picked":["Steam","Scrape","Conserve Battery"],"picked":"SKIP","floor":6},{"not_picked":["Recycle","Gash"],"picked":"Beam Cell","floor":8},{"not_picked":["Lockon","Turbo"],"picked":"Buffer","floor":10},{"not_picked":["Rebound","Barrage","Lockon"],"picked":"SKIP","floor":11},{"not_picked":["Chaos","Steam"],"picked":"Coolheaded","floor":13},{"not_picked":["FTL","Beam Cell","Ball Lightning"],"picked":"SKIP","floor":14},{"not_picked":["All For One","Rainbow"],"picked":"Electrodynamics","floor":16},{"not_picked":["White Noise","Auto Shields","Beam Cell"],"picked":"SKIP","floor":18},{"not_picked":["FTL","Coolheaded","Compile Driver"],"picked":"SKIP","floor":21},{"not_picked":["Consume+1","Cold Snap","Lockon"],"picked":"SKIP","floor":25},{"not_picked":["Go for the Eyes","Compile Driver"],"picked":"Double Energy+1","floor":27},{"not_picked":["Stack+1","Gash+1"],"picked":"Glacier+1","floor":28},{"not_picked":["Scrape","Rebound"],"picked":"Chaos+1","floor":29},{"not_picked":["Compile Driver","Chill+1","Go for the Eyes"],"picked":"SKIP","floor":30},{"not_picked":["Cold Snap","Sweeping Beam","Leap+1"],"picked":"SKIP","floor":31}],"player_experience":2621362,"relics_obtained":[{"floor":6,"key":"Blue Candle"},{"floor":9,"key":"Torii"},{"floor":10,"key":"Mango"},{"floor":14,"key":"Sundial"},{"floor":25,"key":"Dead Branch"},{"floor":26,"key":"Girya"},{"floor":27,"key":"Centennial Puzzle"},{"floor":30,"key":"FossilizedHelix"}],"event_choices":[{"damage_healed":0,"gold_gain":0,"cards_transformed":["Strike_B"],"player_choice":"Transformed","damage_taken":0,"max_hp_gain":0,"max_hp_loss":0,"event_name":"Transmorgrifier","floor":2,"gold_loss":0,"cards_obtained":["Hyperbeam"]},{"damage_healed":0,"gold_gain":0,"player_choice":"Simplicity","damage_taken":0,"max_hp_gain":0,"max_hp_loss":0,"event_name":"Back to Basics","floor":19,"gold_loss":0,"cards_upgraded":["Strike_B","Strike_B","Strike_B","Defend_B","Defend_B","Defend_B","Defend_B"]},{"damage_healed":0,"gold_gain":50,"player_choice":"Stole From Cult","damage_taken":0,"max_hp_gain":0,"max_hp_loss":0,"event_name":"Nest","floor":20,"gold_loss":0},{"damage_healed":0,"gold_gain":0,"player_choice":"Gave Potion","damage_taken":0,"relics_obtained":["DataDisk"],"max_hp_gain":0,"max_hp_loss":0,"event_name":"WeMeetAgain","floor":24,"gold_loss":0}],"is_beta":false,"boss_relics":[{"not_picked":["Velvet Choker","White Beast Statue"],"picked":"Fusion Hammer"}],"items_purged_floors":[4],"is_endless":false,"potions_floor_spawned":[3,5,14,16,21,25,29,30,31],"killed_by":"Champ","ascension_level":20}