{"gold_per_floor":[114,139,214,214,61,89,154,169,169,2,19,54,54,69,69,69],"floor_reached":16,"playtime":712,"items_purged":[],"score":266,"play_id":"a1eac889-2134-42e3-abd4-26613e5a06d1","local_time":"20190302221246","is_ascension_mode":true,"campfire_choices":[{"floor":13,"key":"REST"},{"data":"Phantasmal Killer","floor":15,"key":"SMITH"}],"neow_cost":"NONE","seed_source_timestamp":952226187064657,"circlet_count":0,"master_deck":["AscendersBane","Defend_G","Defend_G","Defend_G","Defend_G","Defend_G","Strike_G","Strike_G","Strike_G","Strike_G","Strike_G","Survivor","Neutralize","Leg Sweep","Die Die Die","Terror","Dash","Poisoned Stab","Deflect","Phantasmal Killer+1","Catalyst"],"relics":["Ring of the Snake","NeowsBlessing","Happy Flower","Darkstone Periapt","FossilizedHelix","Ice Cream","Snake Skull","Boot"],"potions_floor_usage":[12,16,16],"damage_taken":[{"damage":0,"enemies":"Cultist","floor":1,"turns":1},{"damage":0,"enemies":"Lagavulin","floor":6,"turns":1},{"damage":0,"enemies":"Lagavulin Event","floor":7,"turns":1},{"damage":0,"enemies":"2 Louse","floor":8,"turns":2},{"damage":0,"enemies":"Jaw Worm","floor":11,"turns":3},{"damage":24,"enemies":"Gremlin Nob","floor":12,"turns":5},{"damage":0,"enemies":"Large Slime","floor":14,"turns":4},{"damage":38,"enemies":"Slime Boss","floor":16,"turns":9}],"seed_played":"5468288784770143494","potions_obtained":[{"floor":6,"key":"Swift Potion"},{"floor":12,"key":"Dexterity Potion"},{"floor":14,"key":"GhostInAJar"}],"is_trial":false,"path_per_floor":["M","T","?","?","$","E","?","M","T","$","M","E","R","M","R","B"],"character_chosen":"THE_SILENT","items_purchased":["Die Die Die","Snake Skull"],"campfire_rested":1,"item_purchase_floors":[5,10],"current_hp_per_floor":[59,59,48,37,37,37,37,37,37,37,37,13,32,32,32,0],"gold":69,"neow_bonus":"THREE_ENEMY_KILL","is_prod":false,"is_daily":false,"chose_seed":false,"campfire_upgraded":1,"win_rate":0,"timestamp":1551561166,"path_taken":["M","?","?","?","?","E","?","M","T","?","?","E","R","M","R","BOSS"],"build_version":"2019-01-23","purchased_purges":0,"victory":false,"max_hp_per_floor":[66,66,66,66,66,66,66,66,66,66,66,66,66,66,66,66],"card_choices":[{"not_picked":["Dagger Throw","PiercingWail"],"picked":"Leg Sweep","floor":1},{"not_picked":["Sucker Punch","Calculated Gamble"],"picked":"Terror","floor":6},{"not_picked":["All Out Attack","Skewer"],"picked":"Dash","floor":7},{"not_picked":["Underhanded Strike","Prepared"],"picked":"Poisoned Stab","floor":8},{"not_picked":["Calculated Gamble","Terror"],"picked":"Deflect","floor":11},{"not_picked":["Bane","Setup"],"picked":"Phantasmal Killer","floor":12},{"not_picked":["Infinite Blades","Blade Dance"],"picked":"Catalyst","floor":14}],"player_experience":1869061,"relics_obtained":[{"floor":2,"key":"Happy Flower"},{"floor":6,"key":"FossilizedHelix"},{"floor":12,"key":"Boot"}],"event_choices":[{"damage_healed":0,"gold_gain":75,"player_choice":"Gather Gold","damage_taken":11,"max_hp_gain":0,"max_hp_loss":0,"event_name":"World of Goop","floor":3,"gold_loss":0},{"damage_healed":0,"gold_gain":0,"player_choice":"Success","damage_taken":11,"relics_obtained":["Darkstone Periapt"],"max_hp_gain":0,"max_hp_loss":0,"event_name":"Scrap Ooze","floor":4,"gold_loss":0},{"damage_healed":0,"gold_gain":0,"player_choice":"Searched \u00273\u0027 times","damage_taken":0,"relics_obtained":["Ice Cream"],"max_hp_gain":0,"max_hp_loss":0,"event_name":"Dead Adventurer","floor":7,"gold_loss":0}],"is_beta":false,"boss_relics":[],"items_purged_floors":[],"is_endless":false,"potions_floor_spawned":[6,12,14],"killed_by":"Slime Boss","ascension_level":20}