{"gold_per_floor":[118,136,136,136,101,119,119,5,51,125,150,188,202,149,149,149],"floor_reached":16,"playtime":1099,"items_purged":["Strike_B"],"score":150,"play_id":"74fc18c4-1ea2-428c-9f4d-49f79aac58db","local_time":"20190523221747","is_ascension_mode":false,"campfire_choices":[{"data":"Fusion","floor":7,"key":"SMITH"},{"floor":15,"key":"REST"}],"neow_cost":"NONE","seed_source_timestamp":298503724090400,"circlet_count":0,"master_deck":["Strike_B","Strike_B","Defend_B","Defend_B","Defend_B","Defend_B","Zap","Dualcast","Fusion+1","Glacier","Coolheaded","Capacitor","Seek","Loop","Go for the Eyes","Biased Cognition","Conserve Battery","Redo"],"relics":["Cracked Core","Golden Idol","Dream Catcher","Bag of Marbles","Happy Flower"],"potions_floor_usage":[2,10,11],"damage_taken":[{"damage":0,"enemies":"2 Louse","floor":1,"turns":2},{"damage":11,"enemies":"Small Slimes","floor":2,"turns":4},{"damage":2,"enemies":"Cultist","floor":6,"turns":4},{"damage":44,"enemies":"Gremlin Nob","floor":10,"turns":5},{"damage":6,"enemies":"Exordium Wildlife","floor":11,"turns":6},{"damage":0,"enemies":"Lagavulin","floor":12,"turns":10},{"damage":0,"enemies":"2 Fungi Beasts","floor":13,"turns":5},{"damage":53,"enemies":"Hexaghost","floor":16,"turns":14}],"seed_played":"2397515994859943208","potions_obtained":[{"floor":2,"key":"Fruit Juice"},{"floor":6,"key":"Fire Potion"},{"floor":11,"key":"Fruit Juice"}],"is_trial":false,"path_per_floor":["M","M","?","?","?","M","R","$","T","?","M","E","M","$","R","B"],"character_chosen":"DEFECT","items_purchased":["Capacitor","Conserve Battery"],"campfire_rested":1,"item_purchase_floors":[8,14],"current_hp_per_floor":[82,76,69,48,69,67,67,67,67,23,22,22,22,22,49,0],"gold":149,"neow_bonus":"TEN_PERCENT_HP_BONUS","is_prod":false,"is_daily":false,"chose_seed":false,"campfire_upgraded":1,"win_rate":0.0,"timestamp":1558664267,"path_taken":["M","M","?","?","?","M","R","$","T","?","M","E","M","$","R","BOSS"],"build_version":"2019-01-23","purchased_purges":1,"victory":false,"max_hp_per_floor":[82,87,87,87,87,87,87,87,87,87,92,92,92,92,92,92],"card_choices":[{"not_picked":["Barrage","Streamline"],"picked":"Fusion","floor":1},{"not_picked":["Reprogram","Coolheaded"],"picked":"Glacier","floor":2},{"not_picked":["Streamline","Sweeping Beam"],"picked":"Coolheaded","floor":6},{"not_picked":["Hologram","Turbo"],"picked":"Seek","floor":10},{"not_picked":["Gash","Steam"],"picked":"Loop","floor":11},{"not_picked":["Streamline","Rebound"],"picked":"Go for the Eyes","floor":12},{"not_picked":["Hologram","Loop"],"picked":"Biased Cognition","floor":13},{"not_picked":["Coolheaded","Steam Power"],"picked":"Redo","floor":15}],"player_experience":14153,"relics_obtained":[{"floor":9,"key":"Dream Catcher"},{"floor":10,"key":"Bag of Marbles"},{"floor":12,"key":"Happy Flower"}],"event_choices":[{"cards_removed":["Strike_B"],"damage_healed":0,"gold_gain":0,"player_choice":"Card Removal","damage_taken":7,"max_hp_gain":0,"max_hp_loss":0,"event_name":"Golden Wing","floor":3,"gold_loss":0},{"damage_healed":0,"gold_gain":0,"player_choice":"Take Damage","damage_taken":21,"relics_obtained":["Golden Idol"],"max_hp_gain":0,"max_hp_loss":0,"event_name":"Golden Idol","floor":4,"gold_loss":0},{"damage_healed":21,"gold_gain":0,"player_choice":"Healed","damage_taken":0,"max_hp_gain":0,"max_hp_loss":0,"event_name":"The Cleric","floor":5,"gold_loss":35},{"damage_healed":0,"gold_gain":0,"player_choice":"Searched \u00271\u0027 times","damage_taken":0,"max_hp_gain":0,"max_hp_loss":0,"event_name":"Dead Adventurer","floor":10,"gold_loss":0}],"is_beta":false,"boss_relics":[],"items_purged_floors":[8],"is_endless":false,"potions_floor_spawned":[2,6,11],"killed_by":"Hexaghost","ascension_level":0}