{"gold_per_floor":[112,123,138,288,56,56,72,72,98,98,98,11,42,57,57,136,136,156,2,2,18,33,33,68,68,123,149,449,449,480,395,395,395],"floor_reached":33,"playtime":1611,"items_purged":["Doubt","Writhe"],"score":652,"play_id":"72fbb29b-ec37-453a-8858-b0b21c688a87","local_time":"20190521160059","is_ascension_mode":true,"campfire_choices":[{"data":"Carnage","floor":6.0,"key":"SMITH"},{"data":"Immolate","floor":8.0,"key":"SMITH"},{"data":"Bash","floor":10.0,"key":"SMITH"},{"data":"Evolve","floor":15.0,"key":"SMITH"},{"data":"Spot Weakness","floor":23,"key":"SMITH"},{"data":"Flame Barrier","floor":25,"key":"SMITH"},{"data":"Limit Break","floor":32,"key":"SMITH"}],"neow_cost":"CURSE","seed_source_timestamp":528162636471215,"circlet_count":0,"master_deck":["AscendersBane","Strike_R","Strike_R","Strike_R","Strike_R","Strike_R","Defend_R","Defend_R","Defend_R","Defend_R","Bash+1","Carnage+1","Headbutt","Spot Weakness+1","Immolate+1","Evolve+1","Limit Break+1","Fiend Fire","Thunderclap","Flame Barrier+1","Immolate","True Grit+1","Seeing Red"],"special_seed":0,"relics":["Burning Blood","Happy Flower","PreservedInsect","Centennial Puzzle","Eternal Feather","Frozen Egg 2","Ancient Tea Set","Tiny Chest","Meat on the Bone","Old Coin","Pantograph","Pen Nib"],"potions_floor_usage":[16,21,30,30,33],"damage_taken":[{"damage":7.0,"enemies":"Cultist","floor":1.0,"turns":4.0},{"damage":7.0,"enemies":"Small Slimes","floor":2.0,"turns":3.0},{"damage":12.0,"enemies":"Jaw Worm","floor":3.0,"turns":4.0},{"damage":6.0,"enemies":"Lots of Slimes","floor":7.0,"turns":3.0},{"damage":8.0,"enemies":"Gremlin Nob","floor":13.0,"turns":3.0},{"damage":13.0,"enemies":"Exordium Wildlife","floor":14.0,"turns":3.0},{"damage":49,"enemies":"Hexaghost","floor":16,"turns":7},{"damage":20,"enemies":"Spheric Guardian","floor":18,"turns":4},{"damage":2,"enemies":"Chosen","floor":21,"turns":4},{"damage":14,"enemies":"Centurion and Healer","floor":22,"turns":4},{"damage":21,"enemies":"Gremlin Leader","floor":24,"turns":4},{"damage":0,"enemies":"Slavers","floor":27,"turns":1},{"damage":24,"enemies":"Book of Stabbing","floor":30,"turns":2},{"damage":101,"enemies":"Champ","floor":33,"turns":9}],"seed_played":"-7119798548957406722","potions_obtained":[{"floor":2.0,"key":"Fire Potion"},{"floor":11.0,"key":"Fruit Juice"},{"floor":11.0,"key":"Energy Potion"},{"floor":16,"key":"Strength Potion"},{"floor":24,"key":"Strength Potion"},{"floor":30,"key":"Ancient Potion"}],"is_trial":false,"path_per_floor":["M","M","M","?","$","R","M","R","T","R","?","$","E","M","R","B",null,"M","$","T","M","M","R","E","R","T","E","T","T","E","?","R","B"],"character_chosen":"IRONCLAD","items_purchased":["Happy Flower","Evolve","Block Potion"],"campfire_rested":0,"item_purchase_floors":[5,12,19],"current_hp_per_floor":[81,80,74,74,74,74,74,74,74,74,74,74,77,70,70,27,77,63,63,63,67,59,71,56,68,68,74,74,74,56,56,68,0],"gold":395,"neow_bonus":"TWENTY_PERCENT_HP_BONUS","is_prod":false,"is_daily":false,"chose_seed":false,"campfire_upgraded":7,"win_rate":0,"timestamp":1558447259,"path_taken":["M","M","?","?","$","R","M","R","T","R","?","$","E","M","R","BOSS","M","$","?","M","M","R","E","R","T","E","?","?","E","?","R","BOSS"],"build_version":"2019-01-23","purchased_purges":2,"victory":false,"max_hp_per_floor":[89,89,89,89,89,89,89,89,89,89,89,89,94,94,94,94,94,94,94,94,94,94,94,94,94,94,94,94,94,94,94,94,94],"card_choices":[{"not_picked":["Iron Wave","Infernal Blade"],"picked":"Carnage","floor":1.0},{"not_picked":["Havoc","Blood for Blood"],"picked":"Headbutt","floor":2.0},{"not_picked":["Havoc","Headbutt"],"picked":"Spot Weakness","floor":3.0},{"not_picked":["Battle Trance","Thunderclap"],"picked":"Immolate","floor":7.0},{"not_picked":["Pummel","Entrench"],"picked":"Limit Break","floor":13.0},{"not_picked":["Dual Wield","Reckless Charge","Searing Blow"],"picked":"SKIP","floor":14.0},{"not_picked":["Immolate","Berserk"],"picked":"Fiend Fire","floor":16},{"not_picked":["Iron Wave","Sword Boomerang"],"picked":"Thunderclap","floor":18},{"not_picked":["Perfected Strike","Wild Strike+1"],"picked":"Flame Barrier","floor":21},{"not_picked":["Entrench","Carnage","Rampage"],"picked":"SKIP","floor":22},{"not_picked":["Twin Strike","Hemokinesis"],"picked":"Immolate","floor":24},{"not_picked":["Cleave","Sever Soul"],"picked":"True Grit+1","floor":27},{"not_picked":["Bludgeon","Blood for Blood"],"picked":"Seeing Red","floor":30}],"player_experience":2734923,"relics_obtained":[{"floor":9.0,"key":"PreservedInsect"},{"floor":13.0,"key":"Centennial Puzzle"},{"floor":20,"key":"Frozen Egg 2"},{"floor":24,"key":"Ancient Tea Set"},{"floor":26,"key":"Tiny Chest"},{"floor":27,"key":"Meat on the Bone"},{"floor":28,"key":"Old Coin"},{"floor":30,"key":"Pantograph"}],"event_choices":[{"damage_healed":0.0,"max_hp_gain":0.0,"max_hp_loss":0.0,"gold_gain":150.0,"event_name":"Liars Game","player_choice":"AGREE","floor":4.0,"gold_loss":0.0,"damage_taken":0.0,"cards_obtained":["Doubt"]},{"damage_healed":0.0,"max_hp_gain":0.0,"max_hp_loss":0.0,"gold_gain":0.0,"event_name":"Lab","player_choice":"Got Potions","floor":11.0,"gold_loss":0.0,"damage_taken":0.0},{"damage_healed":0,"gold_gain":0,"player_choice":"Obtained Relic","damage_taken":0,"relics_obtained":["Pen Nib"],"max_hp_gain":0,"max_hp_loss":0,"event_name":"Addict","floor":31,"gold_loss":85}],"is_beta":false,"boss_relics":[{"not_picked":["Tiny House","Lizard Tail"],"picked":"Eternal Feather"}],"items_purged_floors":[5,19],"is_endless":false,"potions_floor_spawned":[2,16,24,30],"killed_by":"Champ","ascension_level":20}