{"gold_per_floor":[369,52,127,142,142,142,180,210,263,263,263],"floor_reached":11,"playtime":270,"items_purged":[],"score":138,"play_id":"45c7428a-0f0a-4540-8c3e-bf4e80f419fd","local_time":"20190505122724","is_ascension_mode":true,"campfire_choices":[{"data":"Bash","floor":6.0,"key":"SMITH"},{"floor":10.0,"key":"REST"}],"neow_cost":"TEN_PERCENT_HP_LOSS","seed_source_timestamp":2215567246993388,"circlet_count":0,"master_deck":["AscendersBane","Strike_R","Strike_R","Strike_R","Strike_R","Strike_R","Defend_R","Defend_R","Defend_R","Defend_R","Bash+1","Shockwave","Rampage","Offering"],"special_seed":0,"relics":["Burning Blood","Unceasing Top","Golden Idol","Art of War","Orichalcum"],"potions_floor_usage":[],"damage_taken":[{"damage":7.0,"enemies":"2 Louse","floor":1.0,"turns":3.0},{"damage":5.0,"enemies":"Small Slimes","floor":4.0,"turns":4.0},{"damage":24.0,"enemies":"Gremlin Nob","floor":7.0,"turns":4.0},{"damage":36,"enemies":"3 Sentries","floor":11,"turns":6}],"seed_played":"-744604082688396321","potions_obtained":[{"floor":4.0,"key":"Poison Potion"}],"is_trial":false,"path_per_floor":["M","$","?","M","?","R","E","?","T","R","E"],"character_chosen":"IRONCLAD","items_purchased":["Unceasing Top"],"campfire_rested":1,"item_purchase_floors":[2],"current_hp_per_floor":[67,67,56,57,34,34,16,16,16,36,0],"gold":263,"neow_bonus":"TWO_FIFTY_GOLD","is_prod":false,"is_daily":false,"chose_seed":false,"campfire_upgraded":1,"win_rate":0,"timestamp":1557052044,"path_taken":["M","$","?","M","?","R","E","?","T","R","E"],"build_version":"2019-01-23","purchased_purges":0,"victory":false,"max_hp_per_floor":[68,68,68,68,68,68,68,68,68,68,68],"card_choices":[{"not_picked":["Warcry","Rage"],"picked":"Shockwave","floor":1.0},{"not_picked":["Shrug It Off","Blood for Blood"],"picked":"Rampage","floor":4.0},{"not_picked":["Warcry","Body Slam"],"picked":"Offering","floor":7.0}],"player_experience":2645898,"relics_obtained":[{"floor":7.0,"key":"Art of War"},{"floor":9.0,"key":"Orichalcum"}],"event_choices":[{"damage_healed":0.0,"max_hp_gain":0.0,"max_hp_loss":0.0,"gold_gain":75.0,"event_name":"World of Goop","player_choice":"Gather Gold","floor":3.0,"gold_loss":0.0,"damage_taken":11.0},{"damage_healed":0.0,"max_hp_gain":0.0,"max_hp_loss":0.0,"gold_gain":0.0,"event_name":"Golden Idol","player_choice":"Take Damage","floor":5.0,"gold_loss":0.0,"damage_taken":23.0,"relics_obtained":["Golden Idol"]},{"damage_healed":0.0,"max_hp_gain":0.0,"max_hp_loss":0.0,"gold_gain":30.0,"event_name":"Dead Adventurer","player_choice":"Searched \u00271\u0027 times","floor":8.0,"gold_loss":0.0,"damage_taken":0.0}],"is_beta":false,"boss_relics":[],"items_purged_floors":[],"is_endless":false,"potions_floor_spawned":[4],"killed_by":"3 Sentries","ascension_level":20}