{"gold_per_floor":[166,181,181,193,243,270,270,304,327,359,375,394,405,439,439,439],"floor_reached":16,"playtime":1156,"items_purged":[],"score":264,"play_id":"ba249b68-6da6-4bb5-80cb-6456c7dc12b0","local_time":"20190205223807","is_ascension_mode":true,"campfire_choices":[{"floor":7,"key":"REST"},{"data":"Defragment","floor":15,"key":"SMITH"}],"neow_cost":"NONE","seed_source_timestamp":1044149440082336,"circlet_count":0,"master_deck":["AscendersBane","Strike_B","Strike_B","Strike_B","Strike_B","Defend_B","Defend_B","Defend_B+1","Defend_B","Zap+1","Dualcast","Reinforced Body","Cold Snap","Defragment+1","Storm","Glacier","Melter","Coolheaded","Hologram","Core Surge","Coolheaded","Rip and Tear"],"relics":["Tiny House","Bag of Preparation","Bronze Scales","Dream Catcher","Ornamental Fan","Frozen Egg 2"],"potions_floor_usage":[6,8,10,13],"damage_taken":[{"damage":3,"enemies":"Cultist","floor":1,"turns":5},{"damage":1,"enemies":"2 Louse","floor":2,"turns":4},{"damage":0,"enemies":"Jaw Worm","floor":4,"turns":5},{"damage":13,"enemies":"Lagavulin","floor":6,"turns":8},{"damage":5,"enemies":"3 Sentries","floor":8,"turns":12},{"damage":25,"enemies":"Gremlin Nob","floor":10,"turns":4},{"damage":0,"enemies":"Looter","floor":11,"turns":5},{"damage":1,"enemies":"3 Louse","floor":12,"turns":3},{"damage":13,"enemies":"Gremlin Gang","floor":13,"turns":5},{"damage":12,"enemies":"Lagavulin","floor":14,"turns":10},{"damage":24,"enemies":"The Guardian","floor":16,"turns":2}],"seed_played":"-3574440393538747098","potions_obtained":[{"floor":0,"key":"Strength Potion"},{"floor":4,"key":"Dexterity Potion"},{"floor":6,"key":"PowerPotion"},{"floor":11,"key":"SpeedPotion"}],"is_trial":false,"path_per_floor":["M","M","?","M","?","E","R","E","T","E","M","M","M","E","R","B"],"character_chosen":"DEFECT","items_purchased":[],"campfire_rested":1,"item_purchase_floors":[],"current_hp_per_floor":[66,65,65,65,65,52,74,69,69,44,44,43,30,18,18,0],"gold":439,"neow_bonus":"BOSS_RELIC","is_prod":false,"is_daily":false,"chose_seed":false,"campfire_upgraded":1,"win_rate":0,"timestamp":1549402687,"path_taken":["M","M","?","M","?","E","R","E","T","E","M","?","M","E","R","BOSS"],"build_version":"2019-01-23","purchased_purges":0,"victory":false,"max_hp_per_floor":[76,76,76,76,76,76,76,76,76,76,76,76,76,76,76,76],"card_choices":[{"not_picked":["Steam","Turbo"],"picked":"Reinforced Body","floor":0},{"not_picked":["Stack","Barrage"],"picked":"Cold Snap","floor":1},{"not_picked":["Echo Form","White Noise"],"picked":"Defragment","floor":2},{"not_picked":["Hologram","Gash"],"picked":"Storm","floor":4},{"not_picked":["Turbo","Reprogram"],"picked":"Glacier","floor":6},{"not_picked":["Hologram","Heatsinks"],"picked":"Melter","floor":8},{"not_picked":["Force Field","Hologram"],"picked":"Coolheaded","floor":10},{"not_picked":["Beam Cell","Barrage"],"picked":"Hologram","floor":11},{"not_picked":["Melter","Ball Lightning"],"picked":"Core Surge","floor":12},{"not_picked":["Steam","Redo"],"picked":"Coolheaded","floor":13},{"not_picked":["Undo","Sweeping Beam"],"picked":"Rip and Tear","floor":14}],"player_experience":1635355,"relics_obtained":[{"floor":6,"key":"Bag of Preparation"},{"floor":8,"key":"Bronze Scales"},{"floor":9,"key":"Dream Catcher"},{"floor":10,"key":"Ornamental Fan"},{"floor":14,"key":"Frozen Egg 2"}],"event_choices":[{"damage_healed":0,"gold_gain":0,"player_choice":"Grow","damage_taken":0,"max_hp_gain":0,"max_hp_loss":0,"event_name":"Living Wall","floor":3,"gold_loss":0,"cards_upgraded":["Zap"]},{"damage_healed":0,"gold_gain":50,"player_choice":"Pray","damage_taken":0,"max_hp_gain":0,"max_hp_loss":0,"event_name":"Golden Shrine","floor":5,"gold_loss":0}],"is_beta":false,"boss_relics":[],"items_purged_floors":[],"is_endless":false,"potions_floor_spawned":[4,6,11],"killed_by":"The Guardian","ascension_level":20}