{"gold_per_floor":[114,125,142,152,170,182,182,194,194,209,219,231,231,247,247,247],"floor_reached":16,"playtime":775,"items_purged":[],"score":112,"play_id":"decbb9e1-21e1-4036-b62d-74ca7ff697b5","local_time":"20190524183439","is_ascension_mode":false,"campfire_choices":[{"data":"Redo","floor":7,"key":"SMITH"},{"floor":15,"key":"REST"}],"neow_cost":"NONE","seed_source_timestamp":371841153011600,"circlet_count":0,"master_deck":["Strike_B","Strike_B","Strike_B","Strike_B","Defend_B","Defend_B","Defend_B","Defend_B","Zap","Dualcast","Loop","Cold Snap","Redo+1","Capacitor","Sunder","Go for the Eyes","Genetic Algorithm","Force Field","Steam","Darkness","Ball Lightning"],"relics":["Cracked Core","Gremlin Horn"],"potions_floor_usage":[13],"damage_taken":[{"damage":0,"enemies":"Cultist","floor":1,"turns":4},{"damage":1,"enemies":"2 Louse","floor":2,"turns":2},{"damage":1,"enemies":"Jaw Worm","floor":3,"turns":3},{"damage":2,"enemies":"2 Fungi Beasts","floor":4,"turns":3},{"damage":8,"enemies":"Red Slaver","floor":5,"turns":3},{"damage":3,"enemies":"Exordium Wildlife","floor":6,"turns":2},{"damage":9,"enemies":"Large Slime","floor":8,"turns":6},{"damage":9,"enemies":"Looter","floor":10,"turns":3},{"damage":14,"enemies":"Blue Slaver","floor":11,"turns":3},{"damage":23,"enemies":"Exordium Thugs","floor":12,"turns":5},{"damage":0,"enemies":"Gremlin Nob","floor":13,"turns":2},{"damage":0,"enemies":"3 Louse","floor":14,"turns":3},{"damage":45,"enemies":"Slime Boss","floor":16,"turns":5}],"seed_played":"-5605136322667413412","potions_obtained":[{"floor":2,"key":"Swift Potion"},{"floor":3,"key":"LiquidBronze"},{"floor":8,"key":"SmokeBomb"},{"floor":11,"key":"PowerPotion"}],"is_trial":false,"path_per_floor":["M","M","M","M","M","M","R","M","T","M","M","M","E","M","R","B"],"character_chosen":"DEFECT","items_purchased":[],"campfire_rested":1,"item_purchase_floors":[],"current_hp_per_floor":[82,81,80,78,70,67,67,58,58,49,35,12,12,12,36,0],"gold":247,"neow_bonus":"TEN_PERCENT_HP_BONUS","is_prod":false,"is_daily":false,"chose_seed":false,"campfire_upgraded":1,"win_rate":0.0,"timestamp":1558737279,"path_taken":["M","M","M","M","M","M","R","M","T","M","M","?","E","M","R","BOSS"],"build_version":"2019-01-23","purchased_purges":0,"victory":false,"max_hp_per_floor":[82,82,82,82,82,82,82,82,82,82,82,82,82,82,82,82],"card_choices":[{"not_picked":["Turbo","Double Energy"],"picked":"Loop","floor":1},{"not_picked":["Reprogram","Turbo"],"picked":"Cold Snap","floor":2},{"not_picked":["Turbo","Heatsinks"],"picked":"Redo","floor":3},{"not_picked":["Coolheaded","Hologram"],"picked":"Capacitor","floor":4},{"not_picked":["Barrage","Cold Snap"],"picked":"Sunder","floor":5},{"not_picked":["Gash","Leap"],"picked":"Go for the Eyes","floor":6},{"not_picked":["Rip and Tear","Compile Driver"],"picked":"Genetic Algorithm","floor":8},{"not_picked":["Scrape","Barrage"],"picked":"Force Field","floor":10},{"not_picked":["Leap","Redo"],"picked":"Steam","floor":11},{"not_picked":["Sweeping Beam","Self Repair"],"picked":"Darkness","floor":12},{"not_picked":["Reboot","Stack"],"picked":"Ball Lightning","floor":14}],"player_experience":25597,"relics_obtained":[{"floor":9,"key":"Gremlin Horn"}],"event_choices":[],"is_beta":false,"boss_relics":[],"items_purged_floors":[],"is_endless":false,"potions_floor_spawned":[2,3,8,11,13],"killed_by":"Slime Boss","ascension_level":0}