{"gold_per_floor":[111,111,111,121,121,121,153,153,179,190,210,224,224,243,243,315,315,328,342,342,342,342,342],"floor_reached":23,"playtime":928,"items_purged":[],"score":483,"play_id":"b69399ce-eb89-4ca3-be2e-525500155e36","local_time":"20190427130607","is_ascension_mode":true,"campfire_choices":[{"data":"1","floor":6.0,"key":"LIFT"},{"floor":8.0,"key":"REST"},{"data":"2","floor":13.0,"key":"LIFT"},{"floor":15.0,"key":"REST"}],"neow_cost":"CURSE","seed_source_timestamp":0,"circlet_count":0,"master_deck":["AscendersBane","Defend_G+1","Defend_G+1","Defend_G+1","Defend_G+1","Defend_G+1","Survivor","Neutralize","Deflect","Well Laid Plans","Storm of Steel","Infinite Blades","Caltrops","Acrobatics","Dagger Throw","Tools of the Trade","Infinite Blades","Leg Sweep","Bite","Bite","Bite","Bite","Bite"],"special_seed":0,"relics":["Ring of the Snake","Girya","Boot","Sundial","Lantern","Orichalcum","Snecko Eye"],"potions_floor_usage":[],"damage_taken":[{"damage":5.0,"enemies":"2 Louse","floor":1.0,"turns":4.0},{"damage":4.0,"enemies":"Small Slimes","floor":4.0,"turns":4.0},{"damage":37.0,"enemies":"3 Sentries","floor":7.0,"turns":13.0},{"damage":0.0,"enemies":"Jaw Worm","floor":10.0,"turns":3.0},{"damage":0.0,"enemies":"Red Slaver","floor":11.0,"turns":3.0},{"damage":3.0,"enemies":"2 Fungi Beasts","floor":12.0,"turns":4.0},{"damage":0.0,"enemies":"Blue Slaver","floor":14.0,"turns":2.0},{"damage":0.0,"enemies":"Slime Boss","floor":16.0,"turns":6.0},{"damage":0.0,"enemies":"3 Byrds","floor":18.0,"turns":3.0},{"damage":0.0,"enemies":"Chosen","floor":19.0,"turns":3.0},{"damage":0,"enemies":"Book of Stabbing","floor":23,"turns":1}],"seed_played":"-4606634701264688562","potions_obtained":[{"floor":1.0,"key":"FearPotion"},{"floor":7.0,"key":"PowerPotion"},{"floor":11.0,"key":"Poison Potion"},{"floor":12.0,"key":"Swift Potion"},{"floor":18.0,"key":"LiquidBronze"},{"floor":19.0,"key":"FearPotion"}],"is_trial":false,"path_per_floor":["M","?","?","M","T","R","E","R","T","M","M","M","R","M","R","B",null,"M","M","?","?","?","E"],"character_chosen":"THE_SILENT","items_purchased":[],"campfire_rested":2,"item_purchase_floors":[],"current_hp_per_floor":[54,54,43,39,39,39,2,21,21,21,21,18,18,18,37,37,59,59,59,59,46,46,46],"gold":342,"neow_bonus":"ONE_RARE_RELIC","is_prod":false,"is_daily":false,"chose_seed":false,"campfire_upgraded":0,"win_rate":0,"timestamp":1556395567,"path_taken":["M","?","?","M","?","R","E","R","T","?","M","M","R","M","R","BOSS","M","M","?","?","?","E"],"build_version":"2019-01-23","purchased_purges":0,"victory":false,"max_hp_per_floor":[66,66,66,66,66,66,66,66,66,66,66,66,66,66,66,66,66,66,66,66,46,46,46],"card_choices":[{"not_picked":["Underhanded Strike","Setup"],"picked":"Deflect","floor":1.0},{"not_picked":["All Out Attack","Finisher"],"picked":"Well Laid Plans","floor":4.0},{"not_picked":["Bane","Reflex"],"picked":"Storm of Steel","floor":7.0},{"not_picked":["Masterful Stab","PiercingWail"],"picked":"Infinite Blades","floor":10.0},{"not_picked":["Quick Slash","Choke"],"picked":"Caltrops","floor":11.0},{"not_picked":["Dodge and Roll","Blade Dance"],"picked":"Acrobatics","floor":12.0},{"not_picked":["Slice","Expertise"],"picked":"Dagger Throw","floor":14.0},{"not_picked":["Night Terror","Wraith Form v2"],"picked":"Tools of the Trade","floor":16.0},{"not_picked":["Quick Slash","Distraction"],"picked":"Infinite Blades","floor":18.0},{"not_picked":["Eviscerate+1","Catalyst+1"],"picked":"Leg Sweep","floor":19.0}],"player_experience":756181,"relics_obtained":[{"floor":5.0,"key":"Sundial"},{"floor":7.0,"key":"Lantern"},{"floor":9.0,"key":"Orichalcum"}],"event_choices":[{"cards_removed":["Regret"],"damage_healed":0.0,"max_hp_gain":0.0,"max_hp_loss":0.0,"gold_gain":0.0,"event_name":"Living Wall","player_choice":"Forget","floor":2.0,"gold_loss":0.0,"damage_taken":0.0},{"damage_healed":0.0,"max_hp_gain":0.0,"max_hp_loss":0.0,"gold_gain":0.0,"event_name":"Scrap Ooze","player_choice":"Success","floor":3.0,"gold_loss":0.0,"damage_taken":11.0,"relics_obtained":["Boot"]},{"damage_healed":0.0,"max_hp_gain":0.0,"max_hp_loss":0.0,"gold_gain":0.0,"event_name":"Cursed Tome","player_choice":"Ignored","floor":20.0,"gold_loss":0.0,"damage_taken":0.0},{"damage_healed":0.0,"max_hp_gain":0.0,"max_hp_loss":20.0,"gold_gain":0.0,"event_name":"Vampires","player_choice":"Became a vampire","floor":21.0,"gold_loss":0.0,"damage_taken":0.0,"cards_obtained":["Bite","Bite","Bite","Bite","Bite"]},{"damage_healed":0.0,"max_hp_gain":0.0,"max_hp_loss":0.0,"gold_gain":0.0,"event_name":"Back to Basics","player_choice":"Simplicity","floor":22.0,"gold_loss":0.0,"damage_taken":0.0,"cards_upgraded":["Defend_G","Defend_G","Defend_G","Defend_G","Defend_G"]}],"is_beta":false,"boss_relics":[{"not_picked":["Astrolabe","Pandora\u0027s Box"],"picked":"Snecko Eye"}],"items_purged_floors":[],"is_endless":false,"potions_floor_spawned":[1,7,11,12,18,19],"killed_by":"Book of Stabbing","ascension_level":18}