{"gold_per_floor":[112,36,46,21,21,21,55,55,79,79,96,127,127,145,145,218,218,229,229,242,242,255,255,275,275,299,53,53,53,53,86,86,159,159,176,226,240,259,259,259,291,309,377,377,277,277,72,72,72,72,72,72,72,17,17],"floor_reached":55,"playtime":3766,"items_purged":["Pain","Writhe"],"score":1863,"play_id":"c1a85dd5-e5ca-4b0a-9850-631bc858ec98","local_time":"20190102151146","is_ascension_mode":true,"campfire_choices":[{"data":"Skewer","floor":6.0,"key":"SMITH"},{"data":"Well Laid Plans","floor":8.0,"key":"SMITH"},{"data":"Burst","floor":10.0,"key":"SMITH"},{"data":"Catalyst","floor":15.0,"key":"SMITH"},{"floor":23.0,"key":"REST"},{"data":"Wraith Form v2","floor":28.0,"key":"SMITH"},{"data":"Crippling Poison","floor":30.0,"key":"SMITH"},{"floor":32.0,"key":"REST"},{"data":"Malaise","floor":40.0,"key":"SMITH"},{"data":"Leg Sweep","floor":44.0,"key":"SMITH"},{"floor":49.0,"key":"RECALL"},{"data":"Catalyst","floor":53.0,"key":"SMITH"}],"neow_cost":"NONE","seed_source_timestamp":102940534539469,"circlet_count":0,"master_deck":["AscendersBane","Defend_G","Defend_G","Defend_G","Defend_G","Defend_G","Strike_G","Strike_G","Strike_G","Strike_G","Strike_G","Survivor","Neutralize","Bouncing Flask","Skewer+1","Well Laid Plans+1","Dagger Throw","Burst+1","Crippling Poison+1","Blur","Catalyst+1","Wraith Form v2+1","Bouncing Flask","Catalyst+1","PiercingWail","Well Laid Plans+1","Corpse Explosion","Catalyst","Malaise+1","Cloak And Dagger+1","Acrobatics","Prepared+1","Leg Sweep+1","Footwork","Adrenaline"],"special_seed":0,"relics":["Ring of the Snake","NeowsBlessing","Question Card","Pen Nib","Blood Vial","Mercury Hourglass","Eternal Feather","Pantograph","WarpedTongs","Regal Pillow","Boot","Philosopher\u0027s Stone","Vajra","Ninja Scroll"],"potions_floor_usage":[55],"damage_taken":[{"damage":0.0,"enemies":"Cultist","floor":1.0,"turns":1.0},{"damage":0.0,"enemies":"Small Slimes","floor":3.0,"turns":1.0},{"damage":0.0,"enemies":"Lagavulin","floor":7.0,"turns":1.0},{"damage":2.0,"enemies":"Jaw Worm","floor":11.0,"turns":3.0},{"damage":36.0,"enemies":"Gremlin Nob","floor":12.0,"turns":4.0},{"damage":6.0,"enemies":"Lots of Slimes","floor":14.0,"turns":3.0},{"damage":16.0,"enemies":"Hexaghost","floor":16.0,"turns":5.0},{"damage":22.0,"enemies":"Spheric Guardian","floor":18.0,"turns":4.0},{"damage":13.0,"enemies":"3 Byrds","floor":20.0,"turns":5.0},{"damage":25.0,"enemies":"Snake Plant","floor":22.0,"turns":6.0},{"damage":14.0,"enemies":"Snecko","floor":24.0,"turns":6.0},{"damage":29.0,"enemies":"Slavers","floor":31.0,"turns":3.0},{"damage":17.0,"enemies":"Champ","floor":33.0,"turns":4.0},{"damage":2.0,"enemies":"3 Shapes","floor":35.0,"turns":3.0},{"damage":12.0,"enemies":"Orb Walker","floor":37.0,"turns":5.0},{"damage":6.0,"enemies":"Sphere and 2 Shapes","floor":38.0,"turns":5.0},{"damage":6.0,"enemies":"Reptomancer","floor":41.0,"turns":4.0},{"damage":20.0,"enemies":"4 Shapes","floor":42.0,"turns":4.0},{"damage":34.0,"enemies":"Donu and Deca","floor":50.0,"turns":12.0},{"damage":22.0,"enemies":"Time Eater","floor":51.0,"turns":9.0},{"damage":70,"enemies":"Shield and Spear","floor":55,"turns":3}],"seed_played":"-3833743402351642491","potions_obtained":[{"floor":3.0,"key":"LiquidBronze"},{"floor":12.0,"key":"Strength Potion"},{"floor":16.0,"key":"Ancient Potion"},{"floor":20.0,"key":"Ancient Potion"},{"floor":24.0,"key":"LiquidBronze"},{"floor":31.0,"key":"GhostInAJar"},{"floor":37.0,"key":"Block Potion"},{"floor":42.0,"key":"GhostInAJar"}],"is_trial":false,"path_per_floor":["M","$","M","$","?","R","E","R","T","R","M","E","?","M","R","B",null,"M","?","M","?","M","R","M","?","T","$","R","$","R","E","R","B",null,"M","?","M","M","?","R","E","M","T","R","$","T","$","?","R","B","B",null,"R","$","E"],"character_chosen":"THE_SILENT","items_purchased":["Skewer","Dagger Throw","Corpse Explosion","Footwork","Adrenaline","Fire Potion"],"campfire_rested":2,"item_purchase_floors":[2,4,27,47,47,54],"current_hp_per_floor":[59,59,59,59,48,48,48,48,48,48,48,14,66,60,60,46,61,41,41,30,30,7,41,29,29,29,29,44,44,59,32,66,49,62,62,62,52,48,48,63,57,39,39,57,57,57,57,57,63,29,34,56,63,63,0],"gold":17,"neow_bonus":"THREE_ENEMY_KILL","is_prod":false,"is_daily":false,"chose_seed":false,"campfire_upgraded":9,"win_rate":0,"timestamp":1546438306,"path_taken":["M","?","?","$","?","R","E","R","T","R","M","E","?","M","R","BOSS","M","?","M","?","M","R","?","?","T","$","R","$","R","E","R","BOSS","M","?","?","?","?","R","E","M","T","R","$","?","$","?","R","BOSS","BOSS","R","$","E"],"build_version":"2018-12-20","purchased_purges":2,"victory":false,"max_hp_per_floor":[66,66,66,66,66,66,66,66,66,66,66,66,66,66,66,66,66,66,66,66,66,66,66,66,66,66,66,66,66,66,66,66,66,66,66,66,66,66,63,63,63,63,63,63,63,63,63,63,63,63,63,63,63,63,63],"card_choices":[{"not_picked":["Deadly Poison","Finisher"],"picked":"Bouncing Flask","floor":1.0},{"not_picked":["Expertise","Choke"],"picked":"Well Laid Plans","floor":3.0},{"not_picked":["Dagger Spray","Sucker Punch","Skewer"],"picked":"Burst","floor":7.0},{"not_picked":["Dagger Throw","PiercingWail","Terror"],"picked":"Crippling Poison","floor":11.0},{"not_picked":["Flechettes","PiercingWail","Heel Hook"],"picked":"Blur","floor":12.0},{"not_picked":["Quick Slash","All Out Attack","Acrobatics"],"picked":"Catalyst","floor":14.0},{"not_picked":["Tools of the Trade","Grand Finale","Phantasmal Killer"],"picked":"Wraith Form v2","floor":16.0},{"not_picked":["Riddle With Holes","Flying Knee","Setup"],"picked":"Bouncing Flask","floor":18.0},{"not_picked":["Flying Knee","All Out Attack","Choke"],"picked":"Catalyst","floor":20.0},{"not_picked":["Blade Dance","Underhanded Strike","Dagger Throw","Slice"],"picked":"SKIP","floor":22.0},{"not_picked":["Outmaneuver","Deflect","Caltrops+1"],"picked":"PiercingWail","floor":24.0},{"not_picked":["Night Terror","Outmaneuver","Slice"],"picked":"Catalyst","floor":31.0},{"not_picked":["Phantasmal Killer","Venomology","Envenom"],"picked":"Malaise","floor":33.0},{"not_picked":["Poisoned Stab","Dodge and Roll","Terror"],"picked":"Cloak And Dagger+1","floor":35.0},{"not_picked":["Choke","Dodge and Roll","Prepared"],"picked":"Acrobatics","floor":37.0},{"not_picked":["Outmaneuver","Flechettes","Heel Hook"],"picked":"Prepared+1","floor":38.0},{"not_picked":["Choke","Catalyst","Distraction+1","Flechettes"],"picked":"SKIP","floor":41.0},{"not_picked":["Flechettes","Prepared+1","Blade Dance"],"picked":"Leg Sweep","floor":42.0}],"player_experience":1510302,"relics_obtained":[{"floor":7.0,"key":"Pen Nib"},{"floor":9.0,"key":"Blood Vial"},{"floor":12.0,"key":"Mercury Hourglass"},{"floor":26.0,"key":"Regal Pillow"},{"floor":31.0,"key":"Boot"},{"floor":41.0,"key":"Vajra"},{"floor":46.0,"key":"Ninja Scroll"}],"event_choices":[{"damage_healed":0.0,"max_hp_gain":0.0,"max_hp_loss":0.0,"gold_gain":0.0,"event_name":"Scrap Ooze","player_choice":"Success","floor":5.0,"gold_loss":0.0,"damage_taken":11.0,"relics_obtained":["Question Card"]},{"damage_healed":52.0,"max_hp_gain":0.0,"max_hp_loss":0.0,"gold_gain":0.0,"event_name":"Wheel of Change","player_choice":"Full Heal","floor":13.0,"gold_loss":0.0,"damage_taken":0.0},{"damage_healed":0.0,"max_hp_gain":0.0,"max_hp_loss":0.0,"gold_gain":0.0,"event_name":"The Mausoleum","player_choice":"Opened","floor":19.0,"gold_loss":0.0,"damage_taken":0.0,"relics_obtained":["Pantograph"],"cards_obtained":["Writhe"]},{"damage_healed":0.0,"max_hp_gain":0.0,"max_hp_loss":0.0,"gold_gain":0.0,"event_name":"Accursed Blacksmith","player_choice":"Rummage","floor":21.0,"gold_loss":0.0,"damage_taken":0.0,"relics_obtained":["WarpedTongs"],"cards_obtained":["Pain"]},{"damage_healed":0.0,"max_hp_gain":0.0,"max_hp_loss":0.0,"gold_gain":0.0,"event_name":"Duplicator","player_choice":"Copied","floor":25.0,"gold_loss":0.0,"damage_taken":0.0,"cards_obtained":["Well Laid Plans"]},{"damage_healed":0.0,"max_hp_gain":0.0,"max_hp_loss":0.0,"gold_gain":50.0,"event_name":"Golden Shrine","player_choice":"Pray","floor":36.0,"gold_loss":0.0,"damage_taken":0.0},{"damage_healed":0.0,"max_hp_gain":0.0,"max_hp_loss":3.0,"gold_gain":0.0,"event_name":"Winding Halls","player_choice":"Max HP","floor":39.0,"gold_loss":0.0,"damage_taken":0.0},{"damage_healed":0.0,"max_hp_gain":0.0,"max_hp_loss":0.0,"gold_gain":0.0,"event_name":"Lab","player_choice":"Got Potions","floor":48.0,"gold_loss":0.0,"damage_taken":0.0}],"is_beta":false,"boss_relics":[{"not_picked":["Lizard Tail","Coffee Dripper"],"picked":"Eternal Feather"},{"not_picked":["Tiny House","White Beast Statue"],"picked":"Philosopher\u0027s Stone"}],"items_purged_floors":[27,45],"is_endless":false,"potions_floor_spawned":[3,12,16,20,24,31,37,42],"killed_by":"Shield and Spear","ascension_level":20}