{"gold_per_floor":[116,136,147,163,180,205,205,205,205,205,224,224,244,273,273,273],"floor_reached":16,"playtime":774,"items_purged":[],"score":217,"play_id":"b54ea69a-90cd-4066-965b-b7aad63d3daf","local_time":"20190519170156","is_ascension_mode":true,"campfire_choices":[{"floor":7.0,"key":"REST"},{"data":"Shrug It Off","floor":10.0,"key":"SMITH"},{"data":"Shrug It Off","floor":12.0,"key":"SMITH"},{"data":"Shrug It Off","floor":15.0,"key":"SMITH"}],"neow_cost":"NONE","seed_source_timestamp":19072597517718,"circlet_count":0,"master_deck":["AscendersBane","Strike_R","Strike_R","Strike_R","Strike_R","Strike_R","Defend_R","Defend_R","Defend_R","Defend_R","Bash","Purity","Cleave","Flame Barrier","Rampage","Uppercut","Shrug It Off+1","Shrug It Off+1","Pain","Headbutt","Shrug It Off+1"],"special_seed":0,"relics":["Burning Blood","Anchor","WarpedTongs","Blue Candle","Shuriken"],"potions_floor_usage":[],"damage_taken":[{"damage":6.0,"enemies":"Cultist","floor":1.0,"turns":3.0},{"damage":7.0,"enemies":"Small Slimes","floor":2.0,"turns":3.0},{"damage":0.0,"enemies":"2 Louse","floor":3.0,"turns":2.0},{"damage":16.0,"enemies":"Exordium Thugs","floor":4.0,"turns":5.0},{"damage":29.0,"enemies":"Lots of Slimes","floor":5.0,"turns":5.0},{"damage":26.0,"enemies":"Gremlin Nob","floor":6.0,"turns":4.0},{"damage":5.0,"enemies":"Large Slime","floor":11.0,"turns":5.0},{"damage":1.0,"enemies":"Looter","floor":13.0,"turns":4.0},{"damage":10.0,"enemies":"Lagavulin","floor":14.0,"turns":8.0},{"damage":64,"enemies":"The Guardian","floor":16,"turns":15}],"seed_played":"8424472647415089156","potions_obtained":[{"floor":3.0,"key":"Ancient Potion"},{"floor":4.0,"key":"SpeedPotion"},{"floor":5.0,"key":"SkillPotion"},{"floor":13.0,"key":"LiquidBronze"}],"is_trial":false,"path_per_floor":["M","M","M","M","M","E","R","?","T","R","M","R","M","E","R","B"],"character_chosen":"IRONCLAD","items_purchased":[],"campfire_rested":1,"item_purchase_floors":[],"current_hp_per_floor":[68,67,73,63,40,20,42,42,42,42,43,43,48,44,44,0],"gold":273,"neow_bonus":"RANDOM_COLORLESS","is_prod":false,"is_daily":false,"chose_seed":false,"campfire_upgraded":3,"win_rate":0,"timestamp":1558310516,"path_taken":["M","?","?","M","M","E","R","?","T","R","?","R","M","E","R","BOSS"],"build_version":"2019-01-23","purchased_purges":0,"victory":false,"max_hp_per_floor":[75,75,75,75,75,75,75,75,75,75,75,75,75,75,75,75],"card_choices":[{"not_picked":["Warcry","Rampage"],"picked":"Cleave","floor":1.0},{"not_picked":["Pommel Strike","Twin Strike"],"picked":"Flame Barrier","floor":2.0},{"not_picked":["Thunderclap","Perfected Strike"],"picked":"Rampage","floor":3.0},{"not_picked":["Pummel","Twin Strike"],"picked":"Uppercut","floor":4.0},{"not_picked":["Metallicize","Combust"],"picked":"Shrug It Off","floor":5.0},{"not_picked":["Burning Pact","Power Through"],"picked":"Shrug It Off","floor":6.0},{"not_picked":["Clothesline","Barricade"],"picked":"Headbutt","floor":11.0},{"not_picked":["Corruption","Sword Boomerang"],"picked":"Shrug It Off","floor":13.0},{"not_picked":["Havoc","Reckless Charge","Dropkick"],"picked":"SKIP","floor":14.0}],"player_experience":777337,"relics_obtained":[{"floor":6.0,"key":"Anchor"},{"floor":9.0,"key":"Blue Candle"},{"floor":14.0,"key":"Shuriken"}],"event_choices":[{"damage_healed":0.0,"max_hp_gain":0.0,"max_hp_loss":0.0,"gold_gain":0.0,"event_name":"Accursed Blacksmith","player_choice":"Rummage","floor":8.0,"gold_loss":0.0,"damage_taken":0.0,"relics_obtained":["WarpedTongs"],"cards_obtained":["Pain"]}],"is_beta":false,"boss_relics":[],"items_purged_floors":[],"is_endless":false,"potions_floor_spawned":[3,4,5,11,13],"killed_by":"The Guardian","ascension_level":18}