{"gold_per_floor":[118,118,133,98,117,146,146,175,175,206,206,131,147,181,181,181],"floor_reached":16,"playtime":981,"items_purged":["Strike_G"],"score":306,"play_id":"66e7bab2-85f6-4259-9949-25652b3f5d9f","local_time":"20181212052512","is_ascension_mode":true,"campfire_choices":[{"data":"Neutralize","floor":7.0,"key":"SMITH"},{"data":"Malaise","floor":11.0,"key":"SMITH"},{"data":"Skewer","floor":15.0,"key":"SMITH"}],"neow_cost":"NONE","seed_source_timestamp":14350564592140,"circlet_count":0,"master_deck":["AscendersBane","Defend_G+1","Defend_G+1","Defend_G+1","Defend_G","Defend_G","Strike_G","Strike_G","Strike_G","Strike_G","Survivor","Neutralize+1","Backflip","Terror","Masterful Stab","Endless Agony","Heel Hook+1","Dodge and Roll","Skewer+1","Dagger Throw","Malaise+1","Dodge and Roll","After Image"],"special_seed":0,"relics":["Orrery","War Paint","Bottled Lightning","PreservedInsect","Anchor","Regal Pillow"],"potions_floor_usage":[],"damage_taken":[{"damage":0.0,"enemies":"Small Slimes","floor":1.0,"turns":3.0},{"damage":0.0,"enemies":"2 Louse","floor":3.0,"turns":2.0},{"damage":0.0,"enemies":"Cultist","floor":5.0,"turns":3.0},{"damage":23.0,"enemies":"Gremlin Nob","floor":6.0,"turns":4.0},{"damage":17.0,"enemies":"3 Sentries","floor":8.0,"turns":9.0},{"damage":0.0,"enemies":"Lagavulin","floor":10.0,"turns":3.0},{"damage":0.0,"enemies":"Gremlin Gang","floor":13.0,"turns":5.0},{"damage":3.0,"enemies":"3 Sentries","floor":14.0,"turns":9.0},{"damage":0,"enemies":"The Guardian","floor":16,"turns":2}],"seed_played":"-449311912274602943","potions_obtained":[{"floor":1.0,"key":"FearPotion"},{"floor":3.0,"key":"Dexterity Potion"},{"floor":10.0,"key":"SteroidPotion"}],"is_trial":false,"path_per_floor":["M","?","M","?","M","E","R","E","T","E","R","$","M","E","R","B"],"character_chosen":"THE_SILENT","items_purchased":[],"campfire_rested":0,"item_purchase_floors":[],"current_hp_per_floor":[59,39,39,55,55,32,32,15,15,15,15,15,15,12,12,12],"gold":181,"neow_bonus":"BOSS_RELIC","is_prod":false,"is_daily":false,"chose_seed":false,"campfire_upgraded":3,"win_rate":0,"timestamp":1544588712,"path_taken":["M","?","M","?","M","E","R","E","T","E","R","$","M","E","R","BOSS"],"build_version":"2018-12-10","purchased_purges":1,"victory":false,"max_hp_per_floor":[66,66,66,66,66,66,66,66,66,66,66,66,66,66,66,66],"card_choices":[{"not_picked":["Choke","Flechettes"],"picked":"Backflip","floor":0.0},{"not_picked":["Dodge and Roll","Deadly Poison"],"picked":"Terror","floor":0.0},{"not_picked":["Well Laid Plans","Dagger Throw"],"picked":"Masterful Stab","floor":0.0},{"not_picked":["Poisoned Stab","PiercingWail"],"picked":"Endless Agony","floor":0.0},{"not_picked":["Flying Knee","Concentrate"],"picked":"Heel Hook","floor":0.0},{"not_picked":["Flechettes","Expertise"],"picked":"Dodge and Roll","floor":1.0},{"not_picked":["Accuracy","Concentrate"],"picked":"Skewer","floor":3.0},{"not_picked":["Tactician","Deflect"],"picked":"Dagger Throw","floor":5.0},{"not_picked":["Caltrops","Quick Slash","Setup"],"picked":"SKIP","floor":6.0},{"not_picked":["Prepared","Dagger Spray"],"picked":"Malaise","floor":8.0},{"not_picked":["Dagger Spray","Storm of Steel"],"picked":"Dodge and Roll","floor":10.0},{"not_picked":["Well Laid Plans","Poisoned Stab","Distraction"],"picked":"SKIP","floor":13.0},{"not_picked":["Dagger Spray","Flying Knee"],"picked":"After Image","floor":14.0}],"player_experience":1138881,"relics_obtained":[{"floor":6.0,"key":"War Paint"},{"floor":8.0,"key":"Bottled Lightning"},{"floor":9.0,"key":"PreservedInsect"},{"floor":10.0,"key":"Anchor"},{"floor":14.0,"key":"Regal Pillow"}],"event_choices":[{"damage_healed":0.0,"max_hp_gain":0.0,"max_hp_loss":0.0,"gold_gain":0.0,"event_name":"Shining Light","player_choice":"Entered Light","floor":2.0,"gold_loss":0.0,"damage_taken":20.0,"cards_upgraded":["Defend_G","Heel Hook"]},{"damage_healed":16.0,"max_hp_gain":0.0,"max_hp_loss":0.0,"gold_gain":0.0,"event_name":"The Cleric","player_choice":"Healed","floor":4.0,"gold_loss":35.0,"damage_taken":0.0}],"is_beta":true,"boss_relics":[],"items_purged_floors":[12],"is_endless":false,"potions_floor_spawned":[1,3,10],"killed_by":"The Guardian","ascension_level":20}