{"gold_per_floor":[118,132,152,14,0,0,27,27,95,95,106,106],"floor_reached":12,"playtime":726,"items_purged":[],"score":156,"play_id":"30a57844-152e-4d21-a93a-093b7df6962b","local_time":"20190311211955","is_ascension_mode":true,"campfire_choices":[{"data":"Zap","floor":6,"key":"SMITH"},{"data":"Defragment","floor":8,"key":"SMITH"},{"data":"Dualcast","floor":10,"key":"SMITH"}],"neow_cost":"NONE","seed_source_timestamp":441632464284,"circlet_count":0,"master_deck":["AscendersBane","Strike_B","Strike_B","Strike_B","Strike_B","Defend_B","Defend_B","Defend_B","Defend_B","Zap+1","Dualcast+1","Glacier","Undo","Genetic Algorithm","Defragment+1","Consume","Rebound","Rip and Tear"],"relics":["Nuclear Battery","Lantern"],"potions_floor_usage":[],"damage_taken":[{"damage":2,"enemies":"Cultist","floor":1,"turns":4},{"damage":11,"enemies":"2 Louse","floor":2,"turns":3},{"damage":0,"enemies":"Small Slimes","floor":3,"turns":3},{"damage":5,"enemies":"Looter","floor":5,"turns":4},{"damage":5,"enemies":"Lagavulin","floor":7,"turns":11},{"damage":8,"enemies":"3 Louse","floor":11,"turns":5},{"damage":52,"enemies":"Gremlin Gang","floor":12,"turns":4}],"seed_played":"-3732342883874781021","potions_obtained":[{"floor":3,"key":"Poison Potion"}],"is_trial":false,"path_per_floor":["M","M","M","$","M","R","E","R","T","R","M","M"],"character_chosen":"DEFECT","items_purchased":["Defragment","FearPotion"],"campfire_rested":0,"item_purchase_floors":[4,4],"current_hp_per_floor":[62,51,51,51,46,46,41,41,41,41,33,0],"gold":106,"neow_bonus":"BOSS_RELIC","is_prod":false,"is_daily":false,"chose_seed":false,"campfire_upgraded":3,"win_rate":0,"timestamp":1552335595,"path_taken":["M","M","M","?","M","R","E","R","T","R","M","?"],"build_version":"2019-01-23","purchased_purges":0,"victory":false,"max_hp_per_floor":[71,71,71,71,71,71,71,71,71,71,71,71],"card_choices":[{"not_picked":["Redo","Hologram"],"picked":"Glacier","floor":1},{"not_picked":["Static Discharge","Self Repair"],"picked":"Undo","floor":2},{"not_picked":["Sweeping Beam","Steam"],"picked":"Genetic Algorithm","floor":3},{"not_picked":["Compile Driver","Skim"],"picked":"Consume","floor":5},{"not_picked":["Barrage","Undo"],"picked":"Rebound","floor":7},{"not_picked":["Steam","Aggregate"],"picked":"Rip and Tear","floor":11}],"player_experience":1994273,"relics_obtained":[{"floor":7,"key":"Lantern"}],"event_choices":[],"is_beta":false,"boss_relics":[],"items_purged_floors":[],"is_endless":false,"potions_floor_spawned":[3,11],"killed_by":"Gremlin Gang","ascension_level":20}