{"gold_per_floor":[111,186,202,44,56,56,87,87,87,113,113,113],"floor_reached":12,"playtime":689,"items_purged":["Strike_B"],"score":172,"play_id":"66d74603-3bf3-49ad-a1d6-89d555135e42","local_time":"20190520113011","is_ascension_mode":true,"campfire_choices":[{"data":"Chill","floor":6.0,"key":"SMITH"},{"floor":8.0,"key":"REST"},{"floor":11,"key":"REST"}],"neow_cost":"NONE","seed_source_timestamp":426496974253154,"circlet_count":0,"master_deck":["AscendersBane","Strike_B","Strike_B","Strike_B","Defend_B","Defend_B","Defend_B","Defend_B","Zap","Dualcast","Chill+1","Leap","Darkness","Biased Cognition"],"special_seed":0,"relics":["Cracked Core","NeowsBlessing","Shovel","Darkstone Periapt","Symbiotic Virus"],"potions_floor_usage":[10],"damage_taken":[{"damage":0.0,"enemies":"2 Louse","floor":1.0,"turns":1.0},{"damage":0.0,"enemies":"Small Slimes","floor":3.0,"turns":1.0},{"damage":0.0,"enemies":"Jaw Worm","floor":5.0,"turns":1.0},{"damage":18.0,"enemies":"3 Sentries","floor":7.0,"turns":9.0},{"damage":42,"enemies":"Gremlin Nob","floor":10,"turns":6},{"damage":38,"enemies":"3 Sentries","floor":12,"turns":11}],"seed_played":"2022502939907049674","potions_obtained":[{"floor":3.0,"key":"SneckoOil"},{"floor":5.0,"key":"EssenceOfSteel"}],"is_trial":false,"path_per_floor":["M","?","M","$","M","R","E","R","T","E","R","E"],"character_chosen":"DEFECT","items_purchased":["Darkness"],"campfire_rested":2,"item_purchase_floors":[4],"current_hp_per_floor":[64,53,53,53,53,53,35,56,56,14,35,0],"gold":113,"neow_bonus":"THREE_ENEMY_KILL","is_prod":false,"is_daily":false,"chose_seed":false,"campfire_upgraded":1,"win_rate":0,"timestamp":1558344611,"path_taken":["M","?","M","$","M","R","E","R","T","E","R","E"],"build_version":"2019-01-23","purchased_purges":1,"victory":false,"max_hp_per_floor":[71,71,71,71,71,71,71,71,71,71,71,71],"card_choices":[{"not_picked":["Cold Snap","Barrage"],"picked":"Chill","floor":1.0},{"not_picked":["Beam Cell","Reprogram"],"picked":"Leap","floor":3.0},{"not_picked":["Aggregate","Beam Cell","Stack"],"picked":"SKIP","floor":5.0},{"not_picked":["Aggregate","Genetic Algorithm"],"picked":"Biased Cognition","floor":7.0},{"not_picked":["Leap","White Noise","Streamline"],"picked":"SKIP","floor":10}],"player_experience":2724539,"relics_obtained":[{"floor":7.0,"key":"Shovel"},{"floor":9.0,"key":"Darkstone Periapt"},{"floor":10,"key":"Symbiotic Virus"}],"event_choices":[{"damage_healed":0.0,"max_hp_gain":0.0,"max_hp_loss":0.0,"gold_gain":75.0,"event_name":"World of Goop","player_choice":"Gather Gold","floor":2.0,"gold_loss":0.0,"damage_taken":11.0}],"is_beta":false,"boss_relics":[],"items_purged_floors":[4],"is_endless":false,"potions_floor_spawned":[3,5],"killed_by":"3 Sentries","ascension_level":20}