{"gold_per_floor":[211,22,34,34,0,27,27,57,87,87],"floor_reached":10,"playtime":651,"items_purged":["Strike_B"],"score":148,"play_id":"05eb62ad-7c58-4b2b-8729-d7edc33bcd50","local_time":"20190212225246","is_ascension_mode":true,"campfire_choices":[{"floor":7,"key":"REST"}],"neow_cost":"NONE","seed_source_timestamp":1650352467388773,"circlet_count":0,"master_deck":["AscendersBane","Strike_B","Strike_B+1","Defend_B","Defend_B","Defend_B","Defend_B","Zap","Dualcast","Darkness","Coolheaded","Compile Driver+1","Coolheaded","Undo","Sunder"],"relics":["Cracked Core","Symbiotic Virus","Whetstone","Tiny Chest"],"potions_floor_usage":[6,8],"damage_taken":[{"damage":7,"enemies":"Jaw Worm","floor":1,"turns":4},{"damage":1,"enemies":"Small Slimes","floor":3,"turns":3},{"damage":37,"enemies":"3 Sentries","floor":6,"turns":14},{"damage":31,"enemies":"Gremlin Nob","floor":8,"turns":4},{"damage":11,"enemies":"Lagavulin","floor":10,"turns":4}],"seed_played":"-1690394633972104578","potions_obtained":[{"floor":1,"key":"SteroidPotion"},{"floor":3,"key":"Energy Potion"}],"is_trial":false,"path_per_floor":["M","$","M","?","?","E","R","E","T","E"],"character_chosen":"DEFECT","items_purchased":["Coolheaded","Compile Driver"],"campfire_rested":1,"item_purchase_floors":[2,2],"current_hp_per_floor":[57,57,56,49,49,12,33,2,2,0],"gold":87,"neow_bonus":"HUNDRED_GOLD","is_prod":false,"is_daily":false,"chose_seed":false,"campfire_upgraded":0,"win_rate":0,"timestamp":1550008366,"path_taken":["M","$","M","?","?","E","R","E","T","E"],"build_version":"2019-01-23","purchased_purges":1,"victory":false,"max_hp_per_floor":[71,71,71,71,71,71,71,71,71,71],"card_choices":[{"not_picked":["Hello World","Skim"],"picked":"Darkness","floor":1},{"not_picked":["Rebound","Lockon"],"picked":"Coolheaded","floor":3},{"not_picked":["Force Field","Hyperbeam"],"picked":"Undo","floor":6},{"not_picked":["Aggregate","Redo"],"picked":"Sunder","floor":8}],"player_experience":1675951,"relics_obtained":[{"floor":6,"key":"Symbiotic Virus"},{"floor":8,"key":"Whetstone"},{"floor":9,"key":"Tiny Chest"}],"event_choices":[{"cards_removed":["Strike_B"],"damage_healed":0,"gold_gain":0,"player_choice":"Card Removal","damage_taken":7,"max_hp_gain":0,"max_hp_loss":0,"event_name":"Golden Wing","floor":4,"gold_loss":0},{"damage_healed":0,"gold_gain":0,"player_choice":"Left Gold","damage_taken":0,"max_hp_gain":0,"max_hp_loss":0,"event_name":"World of Goop","floor":5,"gold_loss":34}],"is_beta":false,"boss_relics":[],"items_purged_floors":[2],"is_endless":false,"potions_floor_spawned":[1,3],"killed_by":"Lagavulin","ascension_level":20}