{"gold_per_floor":[118,118,193,21,71,104,104,131,131,131,143,154,182,200,200,272,272,283,39,51,51,70,99,115,115,115,132,132,132,160,3,3,78,78,94,94,104,117,117],"floor_reached":39,"playtime":2975,"items_purged":["Strike_G"],"score":978,"play_id":"af384018-0ae6-4f20-a8e6-66dbbf037d8b","local_time":"20190217131609","is_ascension_mode":true,"campfire_choices":[{"floor":7.0,"key":"REST"},{"data":"Glass Knife","floor":10.0,"key":"SMITH"},{"data":"Dash","floor":15.0,"key":"SMITH"},{"data":"Wraith Form v2","floor":25.0,"key":"SMITH"},{"data":"Footwork","floor":28.0,"key":"SMITH"},{"data":"Leg Sweep","floor":32.0,"key":"SMITH"}],"neow_cost":"NONE","seed_source_timestamp":213405572451264,"circlet_count":0,"master_deck":["AscendersBane","Defend_G+1","Defend_G","Defend_G","Defend_G+1","Defend_G","Strike_G+1","Strike_G","Strike_G","Survivor","Neutralize+1","Poisoned Stab","Glass Knife+1","Backstab","Leg Sweep+1","PiercingWail","All Out Attack","Dash+1","Wraith Form v2+1","All Out Attack","Footwork+1","Deadly Poison+1","Cloak And Dagger+1","Cloak And Dagger+1","After Image","Acrobatics+1","Terror+1","PiercingWail+1"],"special_seed":0,"relics":["Ring of the Snake","NeowsBlessing","Pear","Tingsha","Meat on the Bone","Kunai","Coffee Dripper","Oddly Smooth Stone","Toxic Egg 2","Singing Bowl","War Paint","Bronze Scales","Sozu"],"potions_floor_usage":[],"damage_taken":[{"damage":0.0,"enemies":"2 Louse","floor":1.0,"turns":1.0},{"damage":0.0,"enemies":"Lagavulin","floor":6.0,"turns":1.0},{"damage":0.0,"enemies":"3 Sentries","floor":8.0,"turns":1.0},{"damage":0.0,"enemies":"Jaw Worm","floor":11.0,"turns":2.0},{"damage":0.0,"enemies":"Cultist","floor":12.0,"turns":2.0},{"damage":18.0,"enemies":"Lagavulin","floor":13.0,"turns":6.0},{"damage":0.0,"enemies":"Exordium Thugs","floor":14.0,"turns":6.0},{"damage":11.0,"enemies":"Hexaghost","floor":16.0,"turns":10.0},{"damage":1.0,"enemies":"2 Thieves","floor":18.0,"turns":4.0},{"damage":0.0,"enemies":"Spheric Guardian","floor":20.0,"turns":4.0},{"damage":16.0,"enemies":"Cultist and Chosen","floor":22.0,"turns":8.0},{"damage":28.0,"enemies":"Book of Stabbing","floor":23.0,"turns":7.0},{"damage":0.0,"enemies":"Snecko","floor":24.0,"turns":6.0},{"damage":3.0,"enemies":"3 Cultists","floor":27.0,"turns":5.0},{"damage":15.0,"enemies":"Slavers","floor":30.0,"turns":5.0},{"damage":29.0,"enemies":"Champ","floor":33.0,"turns":19.0},{"damage":26.0,"enemies":"3 Darklings","floor":35.0,"turns":8.0},{"damage":1.0,"enemies":"Orb Walker","floor":37.0,"turns":4.0},{"damage":3.0,"enemies":"Transient","floor":38.0,"turns":6.0},{"damage":52,"enemies":"2 Orb Walkers","floor":39,"turns":4}],"seed_played":"-7426360753293373765","potions_obtained":[{"floor":1.0,"key":"GamblersBrew"},{"floor":12.0,"key":"FearPotion"},{"floor":13.0,"key":"PowerPotion"},{"floor":16.0,"key":"Block Potion"},{"floor":18.0,"key":"FairyPotion"},{"floor":22.0,"key":"Fire Potion"},{"floor":33.0,"key":"Ancient Potion"}],"is_trial":false,"path_per_floor":["M","?","?","$","?","E","R","E","T","R","M","M","E","M","R","B",null,"M","$","M","?","M","E","M","R","T","M","R","?","E","$","R","B",null,"M","?","M","M","?"],"character_chosen":"THE_SILENT","items_purchased":["Glass Knife","Oddly Smooth Stone","Bronze Scales"],"campfire_rested":1,"item_purchase_floors":[4,19,31],"current_hp_per_floor":[59,39,28,28,28,38,60,60,60,60,60,60,42,42,42,43,68,67,67,67,67,51,35,47,47,47,44,44,22,19,19,19,20,66,52,52,51,48,0],"gold":117,"neow_bonus":"THREE_ENEMY_KILL","is_prod":false,"is_daily":false,"chose_seed":false,"campfire_upgraded":5,"win_rate":0,"timestamp":1550405769,"path_taken":["M","?","?","$","?","E","R","E","T","R","M","M","E","M","R","BOSS","M","$","?","?","M","E","?","R","T","M","R","?","E","?","R","BOSS","M","?","M","M","?"],"build_version":"2019-01-23","purchased_purges":1,"victory":false,"max_hp_per_floor":[66,66,66,66,66,76,76,76,76,76,76,76,76,76,76,76,76,76,76,76,76,76,76,76,76,76,76,76,81,81,81,81,81,81,81,77,77,77,77],"card_choices":[{"not_picked":["Cloak And Dagger","Leg Sweep"],"picked":"Poisoned Stab","floor":1.0},{"not_picked":["Expertise","Grand Finale"],"picked":"Backstab","floor":6.0},{"not_picked":["Endless Agony","Blade Dance"],"picked":"Leg Sweep","floor":8.0},{"not_picked":["Choke","Endless Agony","Bane"],"picked":"SKIP","floor":11.0},{"not_picked":["Outmaneuver","Underhanded Strike"],"picked":"PiercingWail","floor":12.0},{"not_picked":["Bane","Flying Knee"],"picked":"All Out Attack","floor":13.0},{"not_picked":["Cloak And Dagger","Backflip"],"picked":"Dash","floor":14.0},{"not_picked":["Die Die Die","Doppelganger"],"picked":"Wraith Form v2","floor":16.0},{"not_picked":["Underhanded Strike","Riddle With Holes"],"picked":"All Out Attack","floor":18.0},{"not_picked":["Dagger Throw","Masterful Stab","Riddle With Holes"],"picked":"SKIP","floor":20.0},{"not_picked":["Tactician","Reflex","Flying Knee"],"picked":"SKIP","floor":22.0},{"not_picked":["Underhanded Strike","Escape Plan"],"picked":"Footwork","floor":23.0},{"not_picked":["Concentrate+1","Endless Agony+1"],"picked":"Deadly Poison+1","floor":24.0},{"not_picked":["Concentrate+1","Glass Knife"],"picked":"Cloak And Dagger+1","floor":27.0},{"not_picked":["Escape Plan+1","Deflect+1"],"picked":"Cloak And Dagger+1","floor":30.0},{"not_picked":["Doppelganger+1","Tools of the Trade"],"picked":"After Image","floor":33.0},{"not_picked":["Deflect+1","Dash"],"picked":"Acrobatics+1","floor":35.0},{"not_picked":["Cloak And Dagger+1","PiercingWail+1"],"picked":"Terror+1","floor":37.0},{"not_picked":["Quick Slash+1","Dash"],"picked":"PiercingWail+1","floor":38.0}],"player_experience":1706361,"relics_obtained":[{"floor":6.0,"key":"Pear"},{"floor":8.0,"key":"Tingsha"},{"floor":9.0,"key":"Meat on the Bone"},{"floor":13.0,"key":"Kunai"},{"floor":23.0,"key":"Toxic Egg 2"},{"floor":26.0,"key":"Singing Bowl"},{"floor":30.0,"key":"War Paint"}],"event_choices":[{"damage_healed":0.0,"max_hp_gain":0.0,"max_hp_loss":0.0,"gold_gain":0.0,"event_name":"Shining Light","player_choice":"Entered Light","floor":2.0,"gold_loss":0.0,"damage_taken":20.0,"cards_upgraded":["Strike_G","Neutralize"]},{"damage_healed":0.0,"max_hp_gain":0.0,"max_hp_loss":0.0,"gold_gain":75.0,"event_name":"World of Goop","player_choice":"Gather Gold","floor":3.0,"gold_loss":0.0,"damage_taken":11.0},{"damage_healed":0.0,"max_hp_gain":0.0,"max_hp_loss":0.0,"gold_gain":50.0,"event_name":"Golden Shrine","player_choice":"Pray","floor":5.0,"gold_loss":0.0,"damage_taken":0.0},{"cards_removed":["Strike_G"],"damage_healed":0.0,"max_hp_gain":0.0,"max_hp_loss":0.0,"gold_gain":0.0,"event_name":"Bonfire Elementals","player_choice":"Offered Basic","floor":21.0,"gold_loss":0.0,"damage_taken":0.0},{"damage_healed":0.0,"max_hp_gain":5.0,"max_hp_loss":0.0,"gold_gain":0.0,"event_name":"Forgotten Altar","player_choice":"Shed Blood","floor":29.0,"gold_loss":0.0,"damage_taken":27.0},{"damage_healed":0.0,"max_hp_gain":0.0,"max_hp_loss":4.0,"gold_gain":0.0,"event_name":"Winding Halls","player_choice":"Max HP","floor":36.0,"gold_loss":0.0,"damage_taken":0.0},{"damage_healed":0,"gold_gain":0,"player_choice":"Fight","damage_taken":0,"max_hp_gain":0,"max_hp_loss":0,"event_name":"Mysterious Sphere","floor":39,"gold_loss":0}],"is_beta":false,"boss_relics":[{"not_picked":["WristBlade","Busted Crown"],"picked":"Coffee Dripper"},{"not_picked":["Fusion Hammer","Black Star"],"picked":"Sozu"}],"items_purged_floors":[19],"is_endless":false,"potions_floor_spawned":[1,12,13,16,18,22,23,33,37],"killed_by":"2 Orb Walkers","ascension_level":20}