{"gold_per_floor":[113,133,133,144,144,122,142,168,238,238,270,282,282],"floor_reached":13,"playtime":582,"items_purged":[],"score":184,"play_id":"f85d0086-ded2-4899-b664-0e99d94c2209","local_time":"20190428010411","is_ascension_mode":true,"campfire_choices":[],"neow_cost":"NONE","seed_source_timestamp":4610865931456,"circlet_count":0,"master_deck":["AscendersBane","Strike_R","Strike_R","Strike_R","Defend_R","Defend_R","Defend_R","Defend_R","Bash","Pommel Strike","Ghostly Armor","Armaments","Twin Strike","Offering","Sword Boomerang","Ghostly Armor"],"special_seed":0,"relics":["Burning Blood","Omamori","Matryoshka","Turnip","Strawberry","Singing Bowl","Regal Pillow"],"potions_floor_usage":[11],"damage_taken":[{"damage":1.0,"enemies":"2 Louse","floor":1.0,"turns":2.0},{"damage":1.0,"enemies":"Cultist","floor":2.0,"turns":3.0},{"damage":7.0,"enemies":"Small Slimes","floor":4.0,"turns":4.0},{"damage":5.0,"enemies":"Exordium Thugs","floor":6.0,"turns":4.0},{"damage":0.0,"enemies":"Blue Slaver","floor":7.0,"turns":6.0},{"damage":54.0,"enemies":"Gremlin Nob","floor":8.0,"turns":5.0},{"damage":41,"enemies":"Lagavulin","floor":11,"turns":6},{"damage":0,"enemies":"3 Louse","floor":12,"turns":7},{"damage":34,"enemies":"Gremlin Nob","floor":13,"turns":3}],"seed_played":"-6150834837425208514","potions_obtained":[{"floor":2.0,"key":"FairyPotion"},{"floor":4.0,"key":"Block Potion"},{"floor":8.0,"key":"Fire Potion"}],"is_trial":false,"path_per_floor":["M","M","?","M","?","M","M","E","T","?","E","M","E"],"character_chosen":"IRONCLAD","items_purchased":[],"campfire_rested":0,"item_purchase_floors":[],"current_hp_per_floor":[73,75,75,74,67,68,74,26,33,33,14,22,0],"gold":282,"neow_bonus":"RANDOM_COMMON_RELIC","is_prod":false,"is_daily":false,"chose_seed":false,"campfire_upgraded":0,"win_rate":0,"timestamp":1556438651,"path_taken":["M","M","?","M","?","M","M","E","T","?","E","M","E"],"build_version":"2019-01-23","purchased_purges":0,"victory":false,"max_hp_per_floor":[75,75,75,75,75,75,75,75,82,82,82,84,84],"card_choices":[{"not_picked":["Wild Strike","Hemokinesis"],"picked":"Pommel Strike","floor":1.0},{"not_picked":["Clash","Flex"],"picked":"Ghostly Armor","floor":2.0},{"not_picked":["Hemokinesis","Sword Boomerang"],"picked":"Armaments","floor":4.0},{"not_picked":["Seeing Red","Clash"],"picked":"Twin Strike","floor":6.0},{"not_picked":["Power Through","Flex"],"picked":"Offering","floor":7.0},{"not_picked":["Dropkick","Limit Break","Wild Strike"],"picked":"SKIP","floor":8.0},{"not_picked":["Warcry","Headbutt"],"picked":"Ghostly Armor","floor":11},{"not_picked":["Clash","Sword Boomerang","Seeing Red"],"picked":"Singing Bowl","floor":12}],"player_experience":761739,"relics_obtained":[{"floor":8.0,"key":"Turnip"},{"floor":9.0,"key":"Strawberry"},{"floor":9.0,"key":"Singing Bowl"},{"floor":11,"key":"Regal Pillow"}],"event_choices":[{"damage_healed":0.0,"max_hp_gain":0.0,"max_hp_loss":0.0,"gold_gain":0.0,"event_name":"Big Fish","player_choice":"Box","floor":3.0,"gold_loss":0.0,"damage_taken":0.0,"relics_obtained":["Matryoshka"],"cards_obtained":["Regret"]},{"cards_removed":["Strike_R"],"damage_healed":0.0,"max_hp_gain":0.0,"max_hp_loss":0.0,"gold_gain":0.0,"event_name":"Golden Wing","player_choice":"Card Removal","floor":5.0,"gold_loss":0.0,"damage_taken":7.0},{"damage_healed":0.0,"max_hp_gain":0.0,"max_hp_loss":0.0,"gold_gain":0.0,"cards_transformed":["Strike_R"],"event_name":"Transmorgrifier","player_choice":"Transformed","floor":10.0,"gold_loss":0.0,"damage_taken":0.0,"cards_obtained":["Sword Boomerang"]}],"is_beta":false,"boss_relics":[],"items_purged_floors":[],"is_endless":false,"potions_floor_spawned":[2,4,8],"killed_by":"Gremlin Nob","ascension_level":18}