{"gold_per_floor":[116,291,14,14,29,64,81,110,133,83,83,99,99,116,116,215,215],"floor_reached":17,"playtime":1375,"items_purged":["Doubt","Strike_R"],"score":173,"play_id":"cff7c7a3-7ba0-4e18-a7b4-cba58595eb01","local_time":"20190427221604","is_ascension_mode":true,"campfire_choices":[{"floor":11,"key":"REST"},{"data":"Bash","floor":15,"key":"SMITH"}],"neow_cost":"CURSE","seed_source_timestamp":729629791120300,"circlet_count":0,"master_deck":["Bash+1","Rampage","Shrug It Off","Body Slam","Ghostly Armor","Feed","Dark Embrace","Bloodletting","Combust","Bludgeon","Fire Breathing","Reckless Charge","Perfected Strike","Demon Form"],"relics":["Burning Blood","Thread and Needle","Happy Flower","Smiling Mask","Regal Pillow","Ornamental Fan","Orichalcum","Pandora\u0027s Box"],"potions_floor_usage":[6,16],"damage_taken":[{"damage":3,"enemies":"Jaw Worm","floor":1,"turns":4},{"damage":0,"enemies":"2 Louse","floor":5,"turns":3},{"damage":20,"enemies":"3 Sentries","floor":6,"turns":7},{"damage":0,"enemies":"Cultist","floor":7,"turns":3},{"damage":57,"enemies":"Lagavulin","floor":8,"turns":8},{"damage":13,"enemies":"Lots of Slimes","floor":12,"turns":4},{"damage":0,"enemies":"Looter","floor":14,"turns":3},{"damage":34,"enemies":"The Guardian","floor":16,"turns":12}],"seed_played":"-2808238060739813422","potions_obtained":[{"floor":1,"key":"PowerPotion"},{"floor":6,"key":"Swift Potion"},{"floor":14,"key":"FearPotion"}],"is_trial":false,"path_per_floor":["M","?","$","?","M","E","M","E","T","$","R","M","?","M","R","B",null],"character_chosen":"IRONCLAD","items_purchased":["Shrug It Off","Happy Flower"],"campfire_rested":1,"item_purchase_floors":[3,3],"current_hp_per_floor":[80,80,80,62,68,54,60,9,9,9,48,41,34,40,40,12,12],"gold":215,"neow_bonus":"ONE_RARE_RELIC","is_prod":false,"is_daily":false,"chose_seed":false,"campfire_upgraded":1,"win_rate":0,"timestamp":1556396164,"path_taken":["M","?","$","?","M","E","M","E","T","$","R","M","?","M","R","BOSS"],"build_version":"2019-01-23","purchased_purges":2,"victory":false,"max_hp_per_floor":[80,80,80,80,80,80,80,80,80,80,80,80,80,80,80,80,80],"card_choices":[{"not_picked":["Dropkick","Seeing Red"],"picked":"Rampage","floor":1},{"not_picked":["Cleave","Power Through","Wild Strike"],"picked":"SKIP","floor":5},{"not_picked":["Twin Strike","Havoc"],"picked":"Body Slam","floor":6},{"not_picked":["Armaments","Sever Soul"],"picked":"Ghostly Armor","floor":7},{"not_picked":["Pummel","Heavy Blade","Seeing Red"],"picked":"SKIP","floor":8},{"not_picked":["Sever Soul","Thunderclap","Clash"],"picked":"SKIP","floor":12},{"not_picked":["Anger","Flex","Headbutt"],"picked":"SKIP","floor":14},{"not_picked":["Fiend Fire","Juggernaut"],"picked":"Feed","floor":16}],"player_experience":237341,"relics_obtained":[{"floor":6,"key":"Regal Pillow"},{"floor":8,"key":"Ornamental Fan"},{"floor":9,"key":"Orichalcum"}],"event_choices":[{"damage_healed":0,"gold_gain":175,"player_choice":"AGREE","damage_taken":0,"max_hp_gain":0,"max_hp_loss":0,"event_name":"Liars Game","floor":2,"gold_loss":0,"cards_obtained":["Doubt"]},{"damage_healed":0,"gold_gain":0,"player_choice":"Success","damage_taken":18,"relics_obtained":["Smiling Mask"],"max_hp_gain":0,"max_hp_loss":0,"event_name":"Scrap Ooze","floor":4,"gold_loss":0},{"cards_removed":["Normality"],"damage_healed":0,"gold_gain":0,"player_choice":"Card Removal","damage_taken":7,"max_hp_gain":0,"max_hp_loss":0,"event_name":"Golden Wing","floor":13,"gold_loss":0}],"is_beta":false,"boss_relics":[{"not_picked":["Orrery","Coffee Dripper"],"picked":"Pandora\u0027s Box"}],"items_purged_floors":[3,10],"is_endless":false,"potions_floor_spawned":[1,6,14],"ascension_level":1}