{"gold_per_floor":[113,123,141,153,168,168,193,223],"floor_reached":8,"playtime":1224,"items_purged":[],"score":69,"play_id":"4ff9183e-257f-442b-8541-355bde2b743a","local_time":"20190518021143","is_ascension_mode":true,"campfire_choices":[{"data":"Venomology","floor":6.0,"key":"SMITH"}],"neow_cost":"PERCENT_DAMAGE","seed_source_timestamp":0,"circlet_count":0,"master_deck":["Defend_G","Defend_G","Defend_G","Defend_G","Defend_G","Strike_G","Strike_G","Strike_G","Strike_G","Strike_G","Survivor","Neutralize","Venomology+1","Catalyst","PiercingWail","Poisoned Stab","All Out Attack"],"special_seed":0,"relics":["Ring of the Snake","Potion Belt"],"potions_floor_usage":[],"damage_taken":[{"damage":1.0,"enemies":"Cultist","floor":1.0,"turns":6.0},{"damage":0.0,"enemies":"Small Slimes","floor":2.0,"turns":4.0},{"damage":0.0,"enemies":"2 Louse","floor":3.0,"turns":4.0},{"damage":5.0,"enemies":"Gremlin Gang","floor":4.0,"turns":5.0},{"damage":0.0,"enemies":"Blue Slaver","floor":5.0,"turns":6.0},{"damage":13.0,"enemies":"3 Sentries","floor":7.0,"turns":11.0},{"damage":31,"enemies":"3 Sentries","floor":8,"turns":5}],"seed_played":"8133049370015128742","potions_obtained":[{"floor":3.0,"key":"EntropicBrew"},{"floor":5.0,"key":"GhostInAJar"}],"is_trial":false,"path_per_floor":["M","M","M","M","M","R","E","?"],"character_chosen":"THE_SILENT","items_purchased":[],"campfire_rested":0,"item_purchase_floors":[],"current_hp_per_floor":[48,48,48,43,43,43,30,0],"gold":223,"neow_bonus":"THREE_RARE_CARDS","is_prod":false,"is_daily":false,"chose_seed":false,"campfire_upgraded":1,"win_rate":0,"timestamp":1558125703,"path_taken":["M","?","M","M","M","R","E","?"],"build_version":"2019-01-23","purchased_purges":0,"victory":false,"max_hp_per_floor":[70,70,70,70,70,70,70,70],"card_choices":[{"not_picked":["Storm of Steel","Grand Finale"],"picked":"Venomology","floor":0.0},{"not_picked":["Sucker Punch","Blade Dance"],"picked":"Catalyst","floor":1.0},{"not_picked":["Cloak And Dagger","Blur"],"picked":"PiercingWail","floor":2.0},{"not_picked":["Deflect","Eviscerate","Outmaneuver"],"picked":"SKIP","floor":3.0},{"not_picked":["Outmaneuver","Prepared"],"picked":"Poisoned Stab","floor":4.0},{"not_picked":["Heel Hook","Masterful Stab","Prepared"],"picked":"SKIP","floor":5.0},{"not_picked":["Poisoned Stab","Phantasmal Killer"],"picked":"All Out Attack","floor":7.0}],"player_experience":438440,"relics_obtained":[{"floor":7.0,"key":"Potion Belt"}],"event_choices":[{"damage_healed":0,"gold_gain":30,"player_choice":"Searched \u00273\u0027 times","damage_taken":0,"max_hp_gain":0,"max_hp_loss":0,"event_name":"Dead Adventurer","floor":8,"gold_loss":0}],"is_beta":false,"boss_relics":[],"items_purged_floors":[],"is_endless":false,"potions_floor_spawned":[3,5],"killed_by":"3 Sentries","ascension_level":3}