{"gold_per_floor":[114,114,189,189,202,230,242,242,242,276,290,290,290,324,324,324],"floor_reached":16,"playtime":569,"items_purged":[],"score":286,"play_id":"453c35cd-adab-4ea5-a6aa-68cc56753dc0","local_time":"20190310221444","is_ascension_mode":true,"campfire_choices":[{"data":"Zap","floor":8,"key":"SMITH"},{"floor":13,"key":"REST"},{"data":"White Noise","floor":15,"key":"SMITH"}],"neow_cost":"NONE","seed_source_timestamp":105942523538128,"circlet_count":0,"master_deck":["AscendersBane","Strike_B","Strike_B","Strike_B","Defend_B","Defend_B","Defend_B","Defend_B","Zap+1","Dualcast","Steam","Sweeping Beam","Reinforced Body","White Noise+1","Ball Lightning","Cold Snap","Decay","Self Repair"],"relics":["Cracked Core","NeowsBlessing","Mummified Hand","The Courier","Centennial Puzzle","Blood Vial"],"potions_floor_usage":[14,16],"damage_taken":[{"damage":0,"enemies":"Small Slimes","floor":1,"turns":1},{"damage":0,"enemies":"2 Louse","floor":5,"turns":1},{"damage":0,"enemies":"3 Sentries","floor":6,"turns":1},{"damage":0,"enemies":"Cultist","floor":7,"turns":3},{"damage":41,"enemies":"Lagavulin","floor":10,"turns":7},{"damage":1,"enemies":"Gremlin Gang","floor":11,"turns":4},{"damage":12,"enemies":"3 Sentries","floor":14,"turns":6},{"damage":34,"enemies":"The Guardian","floor":16,"turns":4}],"seed_played":"5808510901708369046","potions_obtained":[{"floor":7,"key":"Ancient Potion"},{"floor":10,"key":"PowerPotion"},{"floor":11,"key":"Fire Potion"}],"is_trial":false,"path_per_floor":["M","?","?","?","M","E","M","R","T","E","M","?","R","E","R","B"],"character_chosen":"DEFECT","items_purchased":[],"campfire_rested":1,"item_purchase_floors":[],"current_hp_per_floor":[64,69,58,58,58,58,58,58,58,17,16,16,38,26,26,0],"gold":324,"neow_bonus":"THREE_ENEMY_KILL","is_prod":false,"is_daily":false,"chose_seed":false,"campfire_upgraded":2,"win_rate":0,"timestamp":1552252484,"path_taken":["M","?","?","?","?","E","M","R","T","E","?","?","R","E","R","BOSS"],"build_version":"2019-01-23","purchased_purges":0,"victory":false,"max_hp_per_floor":[71,76,76,76,76,76,76,76,76,76,76,76,76,76,76,76],"card_choices":[{"not_picked":["Leap","Barrage"],"picked":"Steam","floor":1},{"not_picked":["Leap","Hologram"],"picked":"Sweeping Beam","floor":5},{"not_picked":["Steam","Coolheaded"],"picked":"Reinforced Body","floor":6},{"not_picked":["Go for the Eyes","Recycle"],"picked":"White Noise","floor":7},{"not_picked":["Scrape","Darkness"],"picked":"Ball Lightning","floor":10},{"not_picked":["Conserve Battery","Leap"],"picked":"Cold Snap","floor":11},{"not_picked":["Multi-Cast","Aggregate"],"picked":"Self Repair","floor":14}],"player_experience":1991393,"relics_obtained":[{"floor":6,"key":"Mummified Hand"},{"floor":9,"key":"The Courier"},{"floor":10,"key":"Centennial Puzzle"},{"floor":14,"key":"Blood Vial"}],"event_choices":[{"damage_healed":0,"gold_gain":0,"player_choice":"Donut","damage_taken":0,"max_hp_gain":5,"max_hp_loss":0,"event_name":"Big Fish","floor":2,"gold_loss":0},{"damage_healed":0,"gold_gain":75,"player_choice":"Gather Gold","damage_taken":11,"max_hp_gain":0,"max_hp_loss":0,"event_name":"World of Goop","floor":3,"gold_loss":0},{"cards_removed":["Strike_B"],"damage_healed":0,"gold_gain":0,"player_choice":"Purged","damage_taken":0,"max_hp_gain":0,"max_hp_loss":0,"event_name":"Purifier","floor":4,"gold_loss":0},{"damage_healed":0,"gold_gain":0,"player_choice":"Cursed","damage_taken":0,"max_hp_gain":0,"max_hp_loss":0,"event_name":"Wheel of Change","floor":12,"gold_loss":0,"cards_obtained":["Decay"]}],"is_beta":false,"boss_relics":[],"items_purged_floors":[],"is_endless":false,"potions_floor_spawned":[7,10,11],"killed_by":"The Guardian","ascension_level":20}