{"gold_per_floor":[369,383,12,12,25,25,52,52,52,79,79],"floor_reached":11,"playtime":384,"items_purged":["Strike_B"],"score":162,"play_id":"d99248c0-2d9d-43e2-8eb4-faa67d8ec634","local_time":"20190203215959","is_ascension_mode":true,"campfire_choices":[{"data":"Sunder","floor":6,"key":"SMITH"}],"neow_cost":"TEN_PERCENT_HP_LOSS","seed_source_timestamp":869831404076279,"circlet_count":0,"master_deck":["AscendersBane","Strike_B","Strike_B","Strike_B","Defend_B","Defend_B","Defend_B","Defend_B","Zap","Dualcast","Sunder+1","Self Repair","White Noise","Ball Lightning","Glacier"],"relics":["Cracked Core","OrangePellets","Bottled Flame","Bronze Scales","Symbiotic Virus","Potion Belt"],"potions_floor_usage":[],"damage_taken":[{"damage":3,"enemies":"2 Louse","floor":1,"turns":3},{"damage":3,"enemies":"Small Slimes","floor":2,"turns":3},{"damage":1,"enemies":"Cultist","floor":5,"turns":3},{"damage":38,"enemies":"Gremlin Nob","floor":7,"turns":4},{"damage":20,"enemies":"Lagavulin","floor":10,"turns":6},{"damage":13,"enemies":"Blue Slaver","floor":11,"turns":1}],"seed_played":"-6260817813108174255","potions_obtained":[{"floor":7,"key":"Poison Potion"},{"floor":10,"key":"Strength Potion"}],"is_trial":false,"path_per_floor":["M","M","$","?","M","R","E","?","T","E","M"],"character_chosen":"DEFECT","items_purchased":["OrangePellets","Self Repair"],"campfire_rested":0,"item_purchase_floors":[3,3],"current_hp_per_floor":[61,58,58,58,64,64,26,26,26,13,0],"gold":79,"neow_bonus":"TWO_FIFTY_GOLD","is_prod":false,"is_daily":false,"chose_seed":false,"campfire_upgraded":1,"win_rate":0,"timestamp":1549227599,"path_taken":["M","M","$","?","M","R","E","?","T","E","M"],"build_version":"2019-01-23","purchased_purges":1,"victory":false,"max_hp_per_floor":[64,64,64,64,64,64,64,64,64,64,64],"card_choices":[{"not_picked":["Leap","Compile Driver","Turbo"],"picked":"SKIP","floor":1},{"not_picked":["Genetic Algorithm","Coolheaded"],"picked":"Sunder","floor":2},{"not_picked":["Barrage","Rebound"],"picked":"White Noise","floor":5},{"not_picked":["Beam Cell","Capacitor"],"picked":"Ball Lightning","floor":7},{"not_picked":["Rebound","Fusion"],"picked":"Glacier","floor":10}],"player_experience":1633428,"relics_obtained":[{"floor":7,"key":"Bottled Flame"},{"floor":9,"key":"Symbiotic Virus"},{"floor":10,"key":"Potion Belt"}],"event_choices":[{"damage_healed":0,"gold_gain":0,"player_choice":"Leave","damage_taken":0,"max_hp_gain":0,"max_hp_loss":0,"event_name":"The Cleric","floor":4,"gold_loss":0},{"damage_healed":0,"gold_gain":0,"player_choice":"Gave Potion","damage_taken":0,"relics_obtained":["Bronze Scales"],"max_hp_gain":0,"max_hp_loss":0,"event_name":"WeMeetAgain","floor":8,"gold_loss":0}],"is_beta":false,"boss_relics":[],"items_purged_floors":[3],"is_endless":false,"potions_floor_spawned":[7,10],"killed_by":"Blue Slaver","ascension_level":20}