{"gold_per_floor":[109,8,20,33,50,50,77,87,111,111,126,26,26,59,71,161,173,205,162,190,227,259,271,311,323,383,395,417,444,486,548,560,572],"floor_reached":33,"playtime":1954,"items_purged":["Regret","Strike_R"],"score":594,"play_id":"4da311be-a410-4301-9eef-2b404644a332","local_time":"20190501173154","is_ascension_mode":true,"campfire_choices":[{"data":"Bash","floor":6.0,"key":"SMITH"},{"data":"Rampage","floor":10.0,"key":"SMITH"},{"data":"Shrug It Off","floor":15.0,"key":"SMITH"},{"floor":23.0,"key":"REST"},{"floor":25.0,"key":"REST"},{"floor":27,"key":"REST"},{"floor":32,"key":"REST"}],"neow_cost":"CURSE","seed_source_timestamp":1875069242660299,"circlet_count":0,"master_deck":["AscendersBane","Bash+1","Rampage+1","Headbutt","Pommel Strike+1","Reaper","Shrug It Off+1","Ghostly Armor","Immolate","Bludgeon","Inflame","Pummel","Uppercut","Bludgeon","Wild Strike","Disarm","Armaments","Disarm","Battle Trance+1"],"special_seed":0,"relics":["Burning Blood","Whetstone","Orichalcum","MawBank","Pandora\u0027s Box","Tiny Chest","Centennial Puzzle","Oddly Smooth Stone","Smiling Mask","Nunchaku"],"potions_floor_usage":[30,30],"damage_taken":[{"damage":4.0,"enemies":"Cultist","floor":1.0,"turns":4.0},{"damage":9.0,"enemies":"Jaw Worm","floor":3.0,"turns":3.0},{"damage":5.0,"enemies":"2 Louse","floor":4.0,"turns":3.0},{"damage":3.0,"enemies":"Exordium Wildlife","floor":5.0,"turns":3.0},{"damage":35.0,"enemies":"Lagavulin","floor":7.0,"turns":5.0},{"damage":6.0,"enemies":"Looter","floor":8.0,"turns":2.0},{"damage":4.0,"enemies":"Large Slime","floor":11.0,"turns":5.0},{"damage":2.0,"enemies":"Gremlin Nob","floor":14.0,"turns":3.0},{"damage":53.0,"enemies":"Slime Boss","floor":16.0,"turns":9.0},{"damage":23.0,"enemies":"Shell Parasite","floor":18.0,"turns":5.0},{"damage":21.0,"enemies":"Spheric Guardian","floor":20.0,"turns":4.0},{"damage":23.0,"enemies":"Snake Plant","floor":22.0,"turns":5.0},{"damage":48.0,"enemies":"Book of Stabbing","floor":24.0,"turns":5.0},{"damage":14,"enemies":"Centurion and Healer","floor":28,"turns":5},{"damage":0,"enemies":"3 Cultists","floor":29,"turns":3},{"damage":41,"enemies":"Slavers","floor":30,"turns":4},{"damage":79,"enemies":"Champ","floor":33,"turns":10}],"seed_played":"-2002509116895598653","potions_obtained":[{"floor":1.0,"key":"Energy Potion"},{"floor":7.0,"key":"Weak Potion"},{"floor":14.0,"key":"Strength Potion"},{"floor":22.0,"key":"Poison Potion"},{"floor":24.0,"key":"Explosive Potion"}],"is_trial":false,"path_per_floor":["M","$","M","M","M","R","E","M","T","R","M","$","?","E","R","B",null,"M","?","M","T","M","R","E","R","T","R","M","M","E","?","R","B"],"character_chosen":"IRONCLAD","items_purchased":["Headbutt"],"campfire_rested":4,"item_purchase_floors":[2],"current_hp_per_floor":[84,84,81,82,85,85,56,56,56,56,62,62,62,66,66,31,75,58,58,43,43,28,54,12,38,38,64,56,62,27,27,53,0],"gold":572,"neow_bonus":"TWENTY_PERCENT_HP_BONUS","is_prod":false,"is_daily":false,"chose_seed":false,"campfire_upgraded":3,"win_rate":0,"timestamp":1556724714,"path_taken":["M","?","M","M","M","R","E","M","T","R","M","$","?","E","R","BOSS","M","?","M","?","M","R","E","R","T","R","M","?","E","?","R","BOSS"],"build_version":"2019-01-23","purchased_purges":2,"victory":false,"max_hp_per_floor":[89,89,89,89,89,89,89,89,89,89,89,89,89,89,89,89,89,89,89,89,89,89,89,89,89,89,89,89,89,89,89,89,89],"card_choices":[{"not_picked":["Twin Strike","Iron Wave"],"picked":"Rampage","floor":1.0},{"not_picked":["Iron Wave","Cleave","Wild Strike"],"picked":"SKIP","floor":3.0},{"not_picked":["Wild Strike","Hemokinesis"],"picked":"Pommel Strike","floor":4.0},{"not_picked":["Fire Breathing","Rage","Sentinel"],"picked":"SKIP","floor":5.0},{"not_picked":["Wild Strike","Rupture","Sword Boomerang"],"picked":"SKIP","floor":7.0},{"not_picked":["Pommel Strike","Power Through"],"picked":"Reaper","floor":8.0},{"not_picked":["Thunderclap","Shrug It Off","Wild Strike"],"picked":"SKIP","floor":11.0},{"not_picked":["Rage","Sever Soul"],"picked":"Ghostly Armor","floor":14.0},{"not_picked":["Double Tap","Limit Break"],"picked":"Immolate","floor":16.0},{"not_picked":["Wild Strike+1","Clothesline","Rage"],"picked":"SKIP","floor":18.0},{"not_picked":["Searing Blow","Twin Strike"],"picked":"Armaments","floor":20.0},{"not_picked":["True Grit","Clothesline","Wild Strike"],"picked":"SKIP","floor":22.0},{"not_picked":["Clash+1","Warcry"],"picked":"Disarm","floor":24.0},{"not_picked":["Iron Wave","Havoc","Rage"],"picked":"SKIP","floor":28},{"not_picked":["Dark Embrace","Perfected Strike+1","Iron Wave"],"picked":"SKIP","floor":29},{"not_picked":["Anger","Whirlwind"],"picked":"Battle Trance+1","floor":30}],"player_experience":2619019,"relics_obtained":[{"floor":7.0,"key":"Whetstone"},{"floor":9.0,"key":"Orichalcum"},{"floor":14.0,"key":"MawBank"},{"floor":21.0,"key":"Centennial Puzzle"},{"floor":24.0,"key":"Oddly Smooth Stone"},{"floor":26,"key":"Smiling Mask"},{"floor":30,"key":"Nunchaku"}],"event_choices":[{"damage_healed":0.0,"max_hp_gain":0.0,"max_hp_loss":0.0,"gold_gain":0.0,"cards_transformed":["Strike_R"],"event_name":"Living Wall","player_choice":"Change","floor":13.0,"gold_loss":0.0,"damage_taken":0.0,"cards_obtained":["Shrug It Off"]},{"damage_healed":0.0,"max_hp_gain":0.0,"max_hp_loss":0.0,"gold_gain":0.0,"event_name":"Addict","player_choice":"Obtained Relic","floor":19.0,"gold_loss":85.0,"damage_taken":0.0,"relics_obtained":["Tiny Chest"]},{"damage_healed":0,"gold_gain":50,"player_choice":"Stole From Cult","damage_taken":0,"max_hp_gain":0,"max_hp_loss":0,"event_name":"Nest","floor":31,"gold_loss":0}],"is_beta":false,"boss_relics":[{"not_picked":["Philosopher\u0027s Stone","Eternal Feather"],"picked":"Pandora\u0027s Box"}],"items_purged_floors":[2,12],"is_endless":false,"potions_floor_spawned":[1,7,14,22,24,28],"killed_by":"Champ","ascension_level":20}