{"gold_per_floor":[111,111,111,130,145,145,176,189,189,206,234,254,254,268,268,363,363,377,151,170,270,195,195],"floor_reached":23,"playtime":4647,"items_purged":["Strike_R"],"score":264,"play_id":"00e52fe6-bcb5-4864-a556-3d373d182397","local_time":"20190522102951","is_ascension_mode":true,"campfire_choices":[{"data":"Bash","floor":6.0,"key":"SMITH"},{"data":"Exhume","floor":13.0,"key":"SMITH"},{"data":"Warcry","floor":15.0,"key":"SMITH"}],"neow_cost":"TEN_PERCENT_HP_LOSS","seed_source_timestamp":278020526354610,"circlet_count":0,"master_deck":["Strike_R","Strike_R","Defend_R","Defend_R","Defend_R","Defend_R","Bash+1","Reaper","Sword Boomerang","Reaper+1","Clash+1","Headbutt+1","Carnage+1","Shrug It Off","Exhume+1","Warcry+1","Disarm","Impervious","True Grit+1"],"special_seed":0,"relics":["Burning Blood","Molten Egg 2","Frozen Egg 2","Letter Opener","Strawberry","Velvet Choker","Oddly Smooth Stone","Turnip","Sundial"],"potions_floor_usage":[],"damage_taken":[{"damage":6.0,"enemies":"2 Louse","floor":1.0,"turns":3.0},{"damage":0.0,"enemies":"Small Slimes","floor":4.0,"turns":3.0},{"damage":6.0,"enemies":"Cultist","floor":5.0,"turns":4.0},{"damage":13.0,"enemies":"Gremlin Nob","floor":7.0,"turns":3.0},{"damage":5.0,"enemies":"Large Slime","floor":8.0,"turns":5.0},{"damage":7.0,"enemies":"Looter","floor":10.0,"turns":3.0},{"damage":5.0,"enemies":"Lagavulin","floor":11.0,"turns":6.0},{"damage":3.0,"enemies":"Blue Slaver","floor":12.0,"turns":3.0},{"damage":0.0,"enemies":"Large Slime","floor":14.0,"turns":4.0},{"damage":27.0,"enemies":"Slime Boss","floor":16.0,"turns":10.0},{"damage":11.0,"enemies":"Shell Parasite","floor":18.0,"turns":5.0},{"damage":12.0,"enemies":"Chosen","floor":20.0,"turns":4.0},{"damage":3.0,"enemies":"Colosseum Slavers","floor":21.0,"turns":5.0},{"damage":27.0,"enemies":"Colosseum Nobs","floor":21.0,"turns":7.0},{"damage":94,"enemies":"Gremlin Leader","floor":23,"turns":5}],"seed_played":"-372708233483462788","potions_obtained":[{"floor":5.0,"key":"Explosive Potion"},{"floor":8.0,"key":"Block Potion"},{"floor":10.0,"key":"Fire Potion"},{"floor":14.0,"key":"Dexterity Potion"},{"floor":18.0,"key":"Weak Potion"}],"is_trial":false,"path_per_floor":["M","?","?","M","M","R","E","M","T","M","E","M","R","M","R","B",null,"M","$","M","?","?","E"],"character_chosen":"IRONCLAD","items_purchased":["Oddly Smooth Stone"],"campfire_rested":0,"item_purchase_floors":[19],"current_hp_per_floor":[72,65,65,72,72,72,65,71,71,72,79,79,79,79,79,58,74,71,71,76,76,76,0],"gold":195,"neow_bonus":"THREE_RARE_CARDS","is_prod":false,"is_daily":false,"chose_seed":false,"campfire_upgraded":3,"win_rate":0,"timestamp":1558501191,"path_taken":["M","?","?","M","M","R","E","M","T","M","E","M","R","M","R","BOSS","M","$","M","?","?","E"],"build_version":"2019-01-23","purchased_purges":1,"victory":false,"max_hp_per_floor":[72,72,72,72,72,72,72,72,72,72,79,79,79,79,79,79,79,79,79,79,79,79,79],"card_choices":[{"not_picked":["Juggernaut","Impervious"],"picked":"Reaper","floor":0.0},{"not_picked":["Rampage","Warcry"],"picked":"Sword Boomerang","floor":1.0},{"not_picked":["Dropkick+1","Body Slam+1"],"picked":"Clash+1","floor":4.0},{"not_picked":["Warcry","Reckless Charge+1"],"picked":"Headbutt+1","floor":5.0},{"not_picked":["Ghostly Armor","Wild Strike+1"],"picked":"Carnage+1","floor":7.0},{"not_picked":["Pommel Strike+1","Twin Strike+1"],"picked":"Shrug It Off","floor":8.0},{"not_picked":["Havoc","Sever Soul+1","Body Slam+1"],"picked":"SKIP","floor":10.0},{"not_picked":["Warcry","Twin Strike+1"],"picked":"Exhume","floor":11.0},{"not_picked":["Sentinel","True Grit"],"picked":"Warcry","floor":12.0},{"not_picked":["Flex","Armaments"],"picked":"Disarm","floor":14.0},{"not_picked":["Double Tap","Dark Embrace+1"],"picked":"Impervious","floor":16.0},{"not_picked":["Sword Boomerang+1","Armaments"],"picked":"True Grit+1","floor":18.0},{"not_picked":["Thunderclap+1","Body Slam+1","Entrench"],"picked":"SKIP","floor":20.0}],"player_experience":618753,"relics_obtained":[{"floor":7.0,"key":"Frozen Egg 2"},{"floor":9.0,"key":"Letter Opener"},{"floor":11.0,"key":"Strawberry"},{"floor":21.0,"key":"Turnip"},{"floor":21.0,"key":"Sundial"}],"event_choices":[{"damage_healed":0.0,"max_hp_gain":0.0,"max_hp_loss":0.0,"gold_gain":0.0,"event_name":"Scrap Ooze","player_choice":"Success","floor":2.0,"gold_loss":0.0,"damage_taken":7.0,"relics_obtained":["Molten Egg 2"]},{"damage_healed":0.0,"max_hp_gain":0.0,"max_hp_loss":0.0,"gold_gain":0.0,"cards_transformed":["Strike_R"],"event_name":"Transmorgrifier","player_choice":"Transformed","floor":3.0,"gold_loss":0.0,"damage_taken":0.0,"cards_obtained":["Reaper"]},{"damage_healed":0.0,"max_hp_gain":0.0,"max_hp_loss":0.0,"gold_gain":0.0,"event_name":"Colosseum","player_choice":"Fight","floor":21.0,"gold_loss":0.0,"damage_taken":0.0},{"damage_healed":0.0,"max_hp_gain":0.0,"max_hp_loss":0.0,"gold_gain":0.0,"event_name":"Colosseum","player_choice":"Fought Nobs","floor":21.0,"gold_loss":0.0,"damage_taken":0.0},{"cards_removed":["Strike_R"],"damage_healed":0.0,"max_hp_gain":0.0,"max_hp_loss":0.0,"gold_gain":0.0,"event_name":"Beggar","player_choice":"Gave Gold","floor":22.0,"gold_loss":75.0,"damage_taken":0.0}],"is_beta":false,"boss_relics":[{"not_picked":["Mark of Pain","Lizard Tail"],"picked":"Velvet Choker"}],"items_purged_floors":[19],"is_endless":false,"potions_floor_spawned":[5,8,10,14,18],"killed_by":"Gremlin Leader","ascension_level":6}