{"gold_per_floor":[109,129,143,161,6,39,58,83,106,106],"floor_reached":10,"playtime":598,"items_purged":["Strike_B"],"score":160,"play_id":"bb1045d8-a0de-4657-af3a-99f422ab6400","local_time":"20190315200803","is_ascension_mode":true,"campfire_choices":[],"neow_cost":"NONE","seed_source_timestamp":107531917469,"circlet_count":0,"master_deck":["AscendersBane","Strike_B+1","Strike_B","Strike_B+1","Defend_B","Defend_B","Defend_B","Defend_B","Zap","Dualcast","Beam Cell","Auto Shields","White Noise","Ball Lightning","Conserve Battery","Sunder","Hologram","Reboot"],"relics":["Cracked Core","NeowsBlessing","Anchor","Molten Egg 2","Whetstone"],"potions_floor_usage":[4,6,8],"damage_taken":[{"damage":0,"enemies":"Cultist","floor":1,"turns":1},{"damage":0,"enemies":"Jaw Worm","floor":2,"turns":1},{"damage":0,"enemies":"Small Slimes","floor":3,"turns":1},{"damage":1,"enemies":"2 Fungi Beasts","floor":4,"turns":3},{"damage":23,"enemies":"Gremlin Nob","floor":6,"turns":4},{"damage":6,"enemies":"Lots of Slimes","floor":7,"turns":4},{"damage":5,"enemies":"3 Sentries","floor":8,"turns":7},{"damage":35,"enemies":"Gremlin Nob","floor":10,"turns":3}],"seed_played":"-7781924748629186054","potions_obtained":[{"floor":2,"key":"AttackPotion"},{"floor":3,"key":"PowerPotion"},{"floor":7,"key":"SteroidPotion"}],"is_trial":false,"path_per_floor":["M","M","M","M","$","E","M","E","T","E"],"character_chosen":"DEFECT","items_purchased":["Ball Lightning","Conserve Battery"],"campfire_rested":0,"item_purchase_floors":[5,5],"current_hp_per_floor":[64,64,64,63,63,40,34,29,29,0],"gold":106,"neow_bonus":"THREE_ENEMY_KILL","is_prod":false,"is_daily":false,"chose_seed":false,"campfire_upgraded":0,"win_rate":0,"timestamp":1552676883,"path_taken":["M","?","M","M","$","E","M","E","T","E"],"build_version":"2019-01-23","purchased_purges":1,"victory":false,"max_hp_per_floor":[71,71,71,71,71,71,71,71,71,71],"card_choices":[{"not_picked":["Conserve Battery","Scrape"],"picked":"Beam Cell","floor":1},{"not_picked":["Coolheaded","Compile Driver"],"picked":"Auto Shields","floor":2},{"not_picked":["Steam Power","Compile Driver"],"picked":"White Noise","floor":3},{"not_picked":["Fusion","Redo","Cold Snap"],"picked":"SKIP","floor":4},{"not_picked":["Steam","Go for the Eyes"],"picked":"Sunder","floor":6},{"not_picked":["Stack","Force Field"],"picked":"Hologram","floor":7},{"not_picked":["Sweeping Beam","Tempest"],"picked":"Reboot","floor":8}],"player_experience":2050311,"relics_obtained":[{"floor":6,"key":"Anchor"},{"floor":8,"key":"Molten Egg 2"},{"floor":9,"key":"Whetstone"}],"event_choices":[],"is_beta":false,"boss_relics":[],"items_purged_floors":[5],"is_endless":false,"potions_floor_spawned":[2,3,7],"killed_by":"Gremlin Nob","ascension_level":20}