{"gold_per_floor":[113,131,3,3,3,3,35,35,35,35,35,69,69,79,79,79],"floor_reached":16,"playtime":600,"items_purged":["Decay"],"score":212,"play_id":"7f84f2c7-c4ff-4eb6-bd2a-da0331b2804d","local_time":"20190219142123","is_ascension_mode":true,"campfire_choices":[{"data":"Armaments","floor":6,"key":"SMITH"},{"data":"True Grit","floor":8,"key":"SMITH"},{"data":"Immolate","floor":11,"key":"SMITH"},{"data":"Rupture","floor":15,"key":"SMITH"}],"neow_cost":"CURSE","seed_source_timestamp":392612500456625,"circlet_count":0,"master_deck":["AscendersBane","Strike_R","Strike_R","Strike_R","Strike_R","Strike_R","Defend_R","Defend_R","Defend_R","Defend_R","Bash","Immolate+1","True Grit+1","Armaments+1","Bludgeon+1","Bloodletting","Rupture+1","Shrug It Off"],"relics":["Burning Blood","Prayer Wheel","Turnip"],"potions_floor_usage":[7],"damage_taken":[{"damage":2,"enemies":"Cultist","floor":1,"turns":2},{"damage":9,"enemies":"Small Slimes","floor":2,"turns":3},{"damage":6,"enemies":"Gremlin Nob","floor":7,"turns":3},{"damage":34,"enemies":"Lagavulin","floor":12,"turns":8},{"damage":0,"enemies":"2 Louse","floor":14,"turns":1},{"damage":55,"enemies":"Hexaghost","floor":16,"turns":9}],"seed_played":"-3055956617222870149","potions_obtained":[{"floor":14,"key":"Explosive Potion"}],"is_trial":false,"path_per_floor":["M","M","$","?","?","R","E","R","T","$","R","E","?","M","R","B"],"character_chosen":"IRONCLAD","items_purchased":["Fire Potion"],"campfire_rested":0,"item_purchase_floors":[3],"current_hp_per_floor":[72,69,69,69,74,74,74,74,74,74,74,46,46,52,52,0],"gold":79,"neow_bonus":"THREE_RARE_CARDS","is_prod":false,"is_daily":false,"chose_seed":false,"campfire_upgraded":4,"win_rate":0,"timestamp":1550582483,"path_taken":["M","M","?","?","?","R","E","R","T","$","R","E","?","M","R","BOSS"],"build_version":"2019-01-23","purchased_purges":1,"victory":false,"max_hp_per_floor":[75,75,75,75,80,80,80,80,80,80,80,80,80,80,80,80],"card_choices":[{"not_picked":["Berserk","Offering"],"picked":"Immolate","floor":0},{"not_picked":["Wild Strike","Twin Strike"],"picked":"True Grit","floor":1},{"not_picked":["Reckless Charge","Heavy Blade"],"picked":"Armaments","floor":2},{"not_picked":["Fire Breathing","Havoc"],"picked":"Bludgeon","floor":7},{"not_picked":["Dual Wield","Headbutt"],"picked":"Bloodletting","floor":12},{"not_picked":["Searing Blow","Ghostly Armor"],"picked":"Rupture","floor":14},{"not_picked":["Sever Soul","Perfected Strike"],"picked":"Shrug It Off","floor":14}],"player_experience":1735445,"relics_obtained":[{"floor":7,"key":"Prayer Wheel"},{"floor":12,"key":"Turnip"}],"event_choices":[{"damage_healed":0,"gold_gain":0,"player_choice":"Leave","damage_taken":0,"max_hp_gain":0,"max_hp_loss":0,"event_name":"The Cleric","floor":4,"gold_loss":0},{"damage_healed":0,"gold_gain":0,"player_choice":"Donut","damage_taken":0,"max_hp_gain":5,"max_hp_loss":0,"event_name":"Big Fish","floor":5,"gold_loss":0},{"damage_healed":0,"gold_gain":0,"player_choice":"Forge","damage_taken":0,"max_hp_gain":0,"max_hp_loss":0,"event_name":"Accursed Blacksmith","floor":13,"gold_loss":0,"cards_upgraded":["Bludgeon"]}],"is_beta":false,"boss_relics":[],"items_purged_floors":[3],"is_endless":false,"potions_floor_spawned":[14],"killed_by":"Hexaghost","ascension_level":20}