{"gold_per_floor":[114,129,143,143,11,11,46,65,92,124,140,140,158,176,176,251,251,261,295,167,167,179,179,179],"floor_reached":24,"playtime":1579,"items_purged":["Clumsy","Strike_B"],"score":416,"play_id":"672a5b8b-b215-4425-a898-7cb00727b02b","local_time":"20190121221733","is_ascension_mode":true,"campfire_choices":[{"data":"Coolheaded","floor":6,"key":"SMITH"},{"floor":12,"key":"REST"},{"data":"Coolheaded","floor":15,"key":"SMITH"},{"floor":23,"key":"REST"}],"neow_cost":"CURSE","seed_source_timestamp":251385166117770,"circlet_count":0,"master_deck":["AscendersBane","Strike_B","Defend_B","Defend_B","Defend_B","Defend_B","Zap","Dualcast","Defragment+1","Double Energy","Ball Lightning","Ball Lightning","Conserve Battery","Hologram","Coolheaded+1","Biased Cognition","Ball Lightning","Genetic Algorithm","Hologram","Tempest","Coolheaded+1","Undo","Seek","Capacitor","Tempest","Cold Snap"],"relics":["Cracked Core","Prayer Wheel","PreservedInsect","Art of War","DataDisk","Empty Cage","Red Mask"],"potions_floor_usage":[10,16],"damage_taken":[{"damage":0,"enemies":"2 Louse","floor":1,"turns":2},{"damage":1,"enemies":"Cultist","floor":2,"turns":4},{"damage":0,"enemies":"Small Slimes","floor":3,"turns":3},{"damage":24,"enemies":"3 Sentries","floor":7,"turns":6},{"damage":2,"enemies":"Blue Slaver","floor":8,"turns":3},{"damage":3,"enemies":"Lagavulin","floor":10,"turns":4},{"damage":23,"enemies":"Exordium Thugs","floor":11,"turns":4},{"damage":0,"enemies":"Looter","floor":13,"turns":3},{"damage":16,"enemies":"3 Louse","floor":14,"turns":4},{"damage":3,"enemies":"The Guardian","floor":16,"turns":8},{"damage":3,"enemies":"Chosen","floor":18,"turns":5},{"damage":31,"enemies":"Masked Bandits","floor":19,"turns":3},{"damage":0,"enemies":"Spheric Guardian","floor":22,"turns":3},{"damage":57,"enemies":"Slavers","floor":24,"turns":3}],"seed_played":"4035834639750345491","potions_obtained":[{"floor":1,"key":"Explosive Potion"},{"floor":7,"key":"SteroidPotion"},{"floor":11,"key":"SkillPotion"}],"is_trial":false,"path_per_floor":["M","M","M","?","$","R","E","M","T","E","M","R","M","M","R","B",null,"M","?","$","?","M","R","E"],"character_chosen":"DEFECT","items_purchased":["Coolheaded","Cold Snap"],"campfire_rested":2,"item_purchase_floors":[5,20],"current_hp_per_floor":[64,63,63,63,63,63,39,37,37,34,11,32,32,16,16,13,57,54,23,23,23,23,44,0],"gold":179,"neow_bonus":"ONE_RARE_RELIC","is_prod":false,"is_daily":false,"chose_seed":false,"campfire_upgraded":2,"win_rate":0,"timestamp":1548105453,"path_taken":["M","M","M","?","$","R","E","M","T","E","M","R","?","M","R","BOSS","M","?","$","?","?","R","E"],"build_version":"2019-01-17v2","purchased_purges":2,"victory":false,"max_hp_per_floor":[71,71,71,71,71,71,71,71,71,71,71,71,71,71,71,71,71,71,71,71,71,71,71,71],"card_choices":[{"not_picked":["Turbo","Lockon"],"picked":"Defragment","floor":1},{"not_picked":["Steam Power","Barrage"],"picked":"Double Energy","floor":1},{"not_picked":["Aggregate","Gash"],"picked":"Ball Lightning","floor":2},{"not_picked":["Turbo","Gash"],"picked":"Ball Lightning","floor":2},{"not_picked":["Rainbow","Reinforced Body"],"picked":"Conserve Battery","floor":3},{"not_picked":["Reinforced Body","Sweeping Beam"],"picked":"Hologram","floor":3},{"not_picked":["Ball Lightning","Beam Cell"],"picked":"Biased Cognition","floor":7},{"not_picked":["Gash","Sweeping Beam"],"picked":"Ball Lightning","floor":8},{"not_picked":["Go for the Eyes","Leap","Rebound"],"picked":"SKIP","floor":8},{"not_picked":["Force Field","Rip and Tear"],"picked":"Genetic Algorithm","floor":10},{"not_picked":["FTL","Gash"],"picked":"Hologram","floor":11},{"not_picked":["Static Discharge","Ball Lightning","Sweeping Beam"],"picked":"SKIP","floor":11},{"not_picked":["Static Discharge","Ball Lightning","Sweeping Beam"],"picked":"SKIP","floor":11},{"not_picked":["Static Discharge","Ball Lightning","Sweeping Beam"],"picked":"SKIP","floor":11},{"not_picked":["Stack","Redo"],"picked":"Tempest","floor":13},{"not_picked":["Hologram","Turbo"],"picked":"Coolheaded","floor":13},{"not_picked":["Self Repair","Meteor Strike"],"picked":"Undo","floor":14},{"not_picked":["Chaos","Redo","Reinforced Body"],"picked":"SKIP","floor":14},{"not_picked":["Echo Form","Creative AI"],"picked":"Seek","floor":16},{"not_picked":["Chill","Genetic Algorithm"],"picked":"Capacitor","floor":18},{"not_picked":["Compile Driver","Genetic Algorithm","Redo"],"picked":"SKIP","floor":18},{"not_picked":["Darkness","Turbo"],"picked":"Tempest","floor":19},{"not_picked":["Ball Lightning","Streamline","Sweeping Beam"],"picked":"SKIP","floor":22},{"not_picked":["Reprogram","Static Discharge","Cold Snap+1"],"picked":"SKIP","floor":22}],"player_experience":1572473,"relics_obtained":[{"floor":7,"key":"PreservedInsect"},{"floor":9,"key":"Art of War"},{"floor":10,"key":"DataDisk"},{"floor":19,"key":"Red Mask"}],"event_choices":[{"damage_healed":0,"gold_gain":0,"player_choice":"Upgraded","damage_taken":0,"max_hp_gain":0,"max_hp_loss":0,"event_name":"Upgrade Shrine","floor":4,"gold_loss":0,"cards_upgraded":["Defragment"]},{"damage_healed":0,"gold_gain":0,"player_choice":"Fought Bandits","damage_taken":0,"max_hp_gain":0,"max_hp_loss":0,"event_name":"Masked Bandits","floor":19,"gold_loss":0},{"damage_healed":0,"gold_gain":0,"player_choice":"Ignored","damage_taken":0,"max_hp_gain":0,"max_hp_loss":0,"event_name":"The Mausoleum","floor":21,"gold_loss":0}],"is_beta":false,"boss_relics":[{"not_picked":["Calling Bell","Coffee Dripper"],"picked":"Empty Cage"}],"items_purged_floors":[5,20],"is_endless":false,"potions_floor_spawned":[1,7,11,14],"killed_by":"Slavers","ascension_level":20}