{"gold_per_floor":[114,114,130,205,355,355,381,381,381,446,289,301,316,327,327,398,398,417,417,431,114,114,114,133,165,165,192,192,192],"floor_reached":29,"playtime":1418,"items_purged":["Doubt","Strike_B+1"],"score":592,"play_id":"169850bb-2985-42bb-ba04-40d9c87eaade","local_time":"20190512120443","is_ascension_mode":true,"campfire_choices":[{"data":"Zap","floor":6.0,"key":"SMITH"},{"data":"Rainbow","floor":8.0,"key":"SMITH"},{"data":"Doom and Gloom","floor":15.0,"key":"SMITH"},{"floor":23.0,"key":"RECALL"}],"neow_cost":"NONE","seed_source_timestamp":84316929912819,"circlet_count":0,"master_deck":["AscendersBane","Strike_B+1","Strike_B+1","Strike_B+1","Defend_B+1","Defend_B+1","Defend_B+1","Defend_B+1","Zap+1","Dualcast","Ball Lightning","Sweeping Beam","Rainbow+1","Gash","Ball Lightning","Steam","Doom and Gloom+1","Compile Driver","All For One+1","Coolheaded","Coolheaded+1","Beam Cell+1","Tempest+1"],"special_seed":0,"relics":["Cracked Core","NeowsBlessing","PreservedInsect","Ornamental Fan","Tiny Chest","Fusion Hammer","Lee\u0027s Waffle","Toxic Egg 2","Whetstone","Dodecahedron","Nilry\u0027s Codex"],"potions_floor_usage":[25],"damage_taken":[{"damage":0.0,"enemies":"2 Louse","floor":1.0,"turns":1.0},{"damage":0.0,"enemies":"Jaw Worm","floor":3.0,"turns":1.0},{"damage":0.0,"enemies":"Lagavulin","floor":7.0,"turns":1.0},{"damage":12.0,"enemies":"Gremlin Nob","floor":10.0,"turns":3.0},{"damage":0.0,"enemies":"Small Slimes","floor":12.0,"turns":3.0},{"damage":12.0,"enemies":"Exordium Thugs","floor":13.0,"turns":3.0},{"damage":10.0,"enemies":"Looter","floor":14.0,"turns":3.0},{"damage":18.0,"enemies":"Hexaghost","floor":16.0,"turns":7.0},{"damage":25.0,"enemies":"Shell Parasite","floor":18.0,"turns":4.0},{"damage":0.0,"enemies":"Spheric Guardian","floor":20.0,"turns":3.0},{"damage":16,"enemies":"Centurion and Healer","floor":24,"turns":5},{"damage":16,"enemies":"Slavers","floor":25,"turns":4},{"damage":25,"enemies":"Gremlin Leader","floor":27,"turns":6},{"damage":15,"enemies":"Cultist and Chosen","floor":29,"turns":3}],"seed_played":"-2845042709310139682","potions_obtained":[{"floor":3.0,"key":"PowerPotion"},{"floor":7.0,"key":"Energy Potion"},{"floor":16.0,"key":"Ancient Potion"},{"floor":20.0,"key":"PowerPotion"}],"is_trial":false,"path_per_floor":["M","?","M","?","?","R","E","R","T","E","$","M","M","M","R","B",null,"M","?","M","$","T","R","M","E","T","E","?","M"],"character_chosen":"DEFECT","items_purchased":["Ball Lightning","Steam","Lee\u0027s Waffle"],"campfire_rested":0,"item_purchase_floors":[11,11,21],"current_hp_per_floor":[64,69,69,58,58,58,58,58,58,46,46,46,34,24,24,6,59,34,34,34,83,83,83,67,51,51,26,5,0],"gold":192,"neow_bonus":"THREE_ENEMY_KILL","is_prod":false,"is_daily":false,"chose_seed":false,"campfire_upgraded":3,"win_rate":0,"timestamp":1557655483,"path_taken":["M","?","M","?","?","R","E","R","T","E","$","M","?","M","R","BOSS","M","?","M","$","?","R","M","E","T","E","?","M"],"build_version":"2019-01-23","purchased_purges":2,"victory":false,"max_hp_per_floor":[71,76,76,76,76,76,76,76,76,76,76,76,76,76,76,76,76,76,76,76,83,83,83,83,83,83,83,83,83],"card_choices":[{"not_picked":["Sweeping Beam","Leap"],"picked":"Ball Lightning","floor":1.0},{"not_picked":["Stack","Heatsinks"],"picked":"Sweeping Beam","floor":3.0},{"not_picked":["Skim","Go for the Eyes"],"picked":"Rainbow","floor":7.0},{"not_picked":["White Noise","Leap"],"picked":"Gash","floor":10.0},{"not_picked":["Compile Driver","Rebound","Fusion"],"picked":"SKIP","floor":12.0},{"not_picked":["Steam","Beam Cell"],"picked":"Doom and Gloom","floor":13.0},{"not_picked":["Steam","Conserve Battery"],"picked":"Compile Driver","floor":14.0},{"not_picked":["Amplify","Machine Learning"],"picked":"All For One","floor":16.0},{"not_picked":["Steam","Stack","Force Field"],"picked":"SKIP","floor":18.0},{"not_picked":["Go for the Eyes","Static Discharge+1"],"picked":"Coolheaded","floor":20.0},{"not_picked":["Genetic Algorithm+1","Streamline"],"picked":"Coolheaded+1","floor":24},{"not_picked":["Turbo+1","Self Repair"],"picked":"Beam Cell","floor":25},{"not_picked":["Beam Cell","Auto Shields+1"],"picked":"Tempest+1","floor":27}],"player_experience":2650463,"relics_obtained":[{"floor":7.0,"key":"PreservedInsect"},{"floor":9.0,"key":"Ornamental Fan"},{"floor":10.0,"key":"Tiny Chest"},{"floor":22.0,"key":"Toxic Egg 2"},{"floor":25,"key":"Whetstone"},{"floor":27,"key":"Dodecahedron"},{"floor":28,"key":"Nilry\u0027s Codex"}],"event_choices":[{"damage_healed":0.0,"max_hp_gain":5.0,"max_hp_loss":0.0,"gold_gain":0.0,"event_name":"Big Fish","player_choice":"Donut","floor":2.0,"gold_loss":0.0,"damage_taken":0.0},{"damage_healed":0.0,"max_hp_gain":0.0,"max_hp_loss":0.0,"gold_gain":75.0,"event_name":"World of Goop","player_choice":"Gather Gold","floor":4.0,"gold_loss":0.0,"damage_taken":11.0},{"damage_healed":0.0,"max_hp_gain":0.0,"max_hp_loss":0.0,"gold_gain":150.0,"event_name":"Liars Game","player_choice":"AGREE","floor":5.0,"gold_loss":0.0,"damage_taken":0.0,"cards_obtained":["Doubt"]},{"damage_healed":0.0,"max_hp_gain":0.0,"max_hp_loss":0.0,"gold_gain":0.0,"event_name":"Back to Basics","player_choice":"Simplicity","floor":19.0,"gold_loss":0.0,"damage_taken":0.0,"cards_upgraded":["Strike_B","Strike_B","Strike_B","Strike_B","Defend_B","Defend_B","Defend_B","Defend_B"]},{"damage_healed":0,"gold_gain":0,"player_choice":"Obtained Book","damage_taken":21,"max_hp_gain":0,"max_hp_loss":0,"event_name":"Cursed Tome","floor":28,"gold_loss":0}],"is_beta":false,"boss_relics":[{"not_picked":["Coffee Dripper","Tiny House"],"picked":"Fusion Hammer"}],"items_purged_floors":[11,21],"is_endless":false,"potions_floor_spawned":[3,7,13,16,20],"killed_by":"Cultist and Chosen","ascension_level":20}