{"gold_per_floor":[116,41,60,78,89,120,138,138,183,206,218,218],"floor_reached":12,"playtime":820,"items_purged":["Clumsy"],"score":164,"play_id":"db78bb87-1dea-44cb-87b6-5a84518d855a","local_time":"20190203174800","is_ascension_mode":true,"campfire_choices":[{"floor":8,"key":"REST"}],"neow_cost":"CURSE","seed_source_timestamp":854274827503167,"circlet_count":0,"master_deck":["AscendersBane","Strike_B","Strike_B","Strike_B","Strike_B","Defend_B","Defend_B","Defend_B","Defend_B","Zap","Dualcast","Fission","Chill","Gash","Hologram","Consume","Scrape","Defragment","Coolheaded"],"relics":["Cracked Core","Potion Belt","Dream Catcher","Odd Mushroom"],"potions_floor_usage":[6,6],"damage_taken":[{"damage":8,"enemies":"2 Louse","floor":1,"turns":2},{"damage":0,"enemies":"Small Slimes","floor":3,"turns":3},{"damage":0,"enemies":"Cultist","floor":4,"turns":3},{"damage":1,"enemies":"Exordium Wildlife","floor":5,"turns":4},{"damage":36,"enemies":"Gremlin Nob","floor":6,"turns":4},{"damage":8,"enemies":"Looter","floor":7,"turns":4},{"damage":14,"enemies":"The Mushroom Lair","floor":10,"turns":6},{"damage":0,"enemies":"3 Louse","floor":11,"turns":3},{"damage":19,"enemies":"Lagavulin","floor":12,"turns":8}],"seed_played":"-4749535561238654921","potions_obtained":[{"floor":4,"key":"FearPotion"},{"floor":5,"key":"AttackPotion"},{"floor":10,"key":"GamblersBrew"}],"is_trial":false,"path_per_floor":["M","$","M","M","M","E","M","R","T","?","M","E"],"character_chosen":"DEFECT","items_purchased":[],"campfire_rested":1,"item_purchase_floors":[],"current_hp_per_floor":[56,56,56,56,55,19,11,32,32,18,18,0],"gold":218,"neow_bonus":"THREE_RARE_CARDS","is_prod":false,"is_daily":false,"chose_seed":false,"campfire_upgraded":0,"win_rate":0,"timestamp":1549212480,"path_taken":["M","$","M","M","M","E","M","R","T","?","M","E"],"build_version":"2019-01-23","purchased_purges":1,"victory":false,"max_hp_per_floor":[71,71,71,71,71,71,71,71,71,71,71,71],"card_choices":[{"not_picked":["Creative AI","Meteor Strike"],"picked":"Fission","floor":0},{"not_picked":["Conserve Battery","Hologram"],"picked":"Chill","floor":1},{"not_picked":["Barrage","Streamline","White Noise"],"picked":"SKIP","floor":3},{"not_picked":["Amplify","Compile Driver"],"picked":"Gash","floor":4},{"not_picked":["Turbo","Steam"],"picked":"Hologram","floor":5},{"not_picked":["Leap","Blizzard"],"picked":"Consume","floor":6},{"not_picked":["Double Energy","Rip and Tear"],"picked":"Scrape","floor":7},{"not_picked":["Undo","White Noise"],"picked":"Defragment","floor":10},{"not_picked":["Steam","Leap"],"picked":"Coolheaded","floor":11}],"player_experience":1617999,"relics_obtained":[{"floor":6,"key":"Potion Belt"},{"floor":9,"key":"Dream Catcher"},{"floor":10,"key":"Odd Mushroom"}],"event_choices":[{"damage_healed":0,"gold_gain":0,"player_choice":"Fought Mushrooms","damage_taken":0,"max_hp_gain":0,"max_hp_loss":0,"event_name":"Mushrooms","floor":10,"gold_loss":0}],"is_beta":false,"boss_relics":[],"items_purged_floors":[2],"is_endless":false,"potions_floor_spawned":[4,5,10],"killed_by":"Lagavulin","ascension_level":20}