{"gold_per_floor":[115,31,31,31,49,82,103,103,103,103,103,103,116,134,134,227,227,251,376,376,376],"floor_reached":21,"playtime":3216,"items_purged":[],"score":354,"play_id":"ae6407c0-556e-4006-b9be-3f823ce71e87","local_time":"20190319085506","is_ascension_mode":true,"campfire_choices":[{"floor":8,"key":"REST"},{"floor":15,"key":"REST"}],"neow_cost":"NONE","seed_source_timestamp":302719554844328,"circlet_count":0,"master_deck":["AscendersBane","Zap+1","Dualcast","Sweeping Beam","Cold Snap","Compile Driver","Core Surge","Ball Lightning","Go for the Eyes","Hyperbeam","Creative AI","Skim","Reinforced Body","Undo","Lockon","Coolheaded","Recycle","Hyperbeam","Ball Lightning","Gash"],"relics":["Lizard Tail","Golden Idol","Ginger","Ornamental Fan","Mercury Hourglass","Pandora\u0027s Box","Unceasing Top","Bottled Tornado"],"potions_floor_usage":[13,16,19],"damage_taken":[{"damage":9,"enemies":"2 Louse","floor":1,"turns":3},{"damage":2,"enemies":"Small Slimes","floor":5,"turns":5},{"damage":39,"enemies":"3 Sentries","floor":6,"turns":9},{"damage":7,"enemies":"Jaw Worm","floor":7,"turns":3},{"damage":5,"enemies":"Exordium Thugs","floor":13,"turns":4},{"damage":7,"enemies":"Blue Slaver","floor":14,"turns":3},{"damage":55,"enemies":"The Guardian","floor":16,"turns":13},{"damage":10,"enemies":"Chosen","floor":18,"turns":5},{"damage":23,"enemies":"Colosseum Slavers","floor":19,"turns":3},{"damage":19,"enemies":"Colosseum Nobs","floor":19,"turns":3},{"damage":12,"enemies":"Spheric Guardian","floor":21,"turns":3}],"seed_played":"-2410669957240166595","potions_obtained":[{"floor":7,"key":"Regen Potion"},{"floor":13,"key":"AttackPotion"},{"floor":16,"key":"Ancient Potion"},{"floor":18,"key":"Explosive Potion"},{"floor":19,"key":"Energy Potion"}],"is_trial":false,"path_per_floor":["M","$","?","?","M","E","M","R","T","?","?","T","M","M","R","B",null,"M","?","?","M"],"character_chosen":"DEFECT","items_purchased":["Sweeping Beam","Cold Snap"],"campfire_rested":2,"item_purchase_floors":[2,2],"current_hp_per_floor":[55,55,60,60,58,19,12,32,32,32,11,11,18,11,31,13,55,45,3,3,0],"gold":376,"neow_bonus":"BOSS_RELIC","is_prod":false,"is_daily":false,"chose_seed":false,"campfire_upgraded":0,"win_rate":0,"timestamp":1552982106,"path_taken":["M","$","?","?","M","E","M","R","T","?","?","?","?","M","R","BOSS","M","?","?","M"],"build_version":"2019-01-23","purchased_purges":0,"victory":false,"max_hp_per_floor":[71,71,76,69,69,69,69,69,69,69,69,69,69,69,69,69,69,69,69,69,69],"card_choices":[{"not_picked":["Stack","Hologram","Steam"],"picked":"SKIP","floor":1},{"not_picked":["Recycle","Steam Power"],"picked":"Compile Driver","floor":5},{"not_picked":["Streamline","Redo"],"picked":"Core Surge","floor":6},{"not_picked":["Leap","Machine Learning"],"picked":"Ball Lightning","floor":7},{"not_picked":["FTL","Fusion"],"picked":"Go for the Eyes","floor":13},{"not_picked":["Sweeping Beam","Stack","Go for the Eyes"],"picked":"SKIP","floor":14},{"not_picked":["Machine Learning","Buffer"],"picked":"Hyperbeam","floor":16},{"not_picked":["Consume","Sweeping Beam"],"picked":"Ball Lightning","floor":18},{"not_picked":["Go for the Eyes","Sweeping Beam"],"picked":"Gash","floor":19}],"player_experience":2124263,"relics_obtained":[{"floor":6,"key":"Ginger"},{"floor":9,"key":"Ornamental Fan"},{"floor":12,"key":"Mercury Hourglass"},{"floor":19,"key":"Unceasing Top"},{"floor":19,"key":"Bottled Tornado"}],"event_choices":[{"damage_healed":0,"gold_gain":0,"player_choice":"Donut","damage_taken":0,"max_hp_gain":5,"max_hp_loss":0,"event_name":"Big Fish","floor":3,"gold_loss":0},{"damage_healed":0,"gold_gain":0,"player_choice":"Lose Max HP","damage_taken":0,"relics_obtained":["Golden Idol"],"max_hp_gain":0,"max_hp_loss":7,"event_name":"Golden Idol","floor":4,"gold_loss":0},{"damage_healed":0,"gold_gain":0,"player_choice":"Grow","damage_taken":0,"max_hp_gain":0,"max_hp_loss":0,"event_name":"Living Wall","floor":10,"gold_loss":0,"cards_upgraded":["Zap"]},{"damage_healed":0,"gold_gain":0,"player_choice":"Entered Light","damage_taken":21,"max_hp_gain":0,"max_hp_loss":0,"event_name":"Shining Light","floor":11,"gold_loss":0,"cards_upgraded":["Strike_B","Strike_B"]},{"damage_healed":0,"gold_gain":0,"player_choice":"Fight","damage_taken":0,"max_hp_gain":0,"max_hp_loss":0,"event_name":"Colosseum","floor":19,"gold_loss":0},{"damage_healed":0,"gold_gain":0,"player_choice":"Fought Nobs","damage_taken":0,"max_hp_gain":0,"max_hp_loss":0,"event_name":"Colosseum","floor":19,"gold_loss":0},{"damage_healed":0,"gold_gain":0,"player_choice":"Ignored","damage_taken":0,"max_hp_gain":0,"max_hp_loss":0,"event_name":"Cursed Tome","floor":20,"gold_loss":0}],"is_beta":false,"boss_relics":[{"not_picked":["Orrery","Snecko Eye"],"picked":"Pandora\u0027s Box"}],"items_purged_floors":[],"is_endless":false,"potions_floor_spawned":[7,13,16,18,19],"killed_by":"Spheric Guardian","ascension_level":20}