{"gold_per_floor":[113,113,128,143,158,189,189,209,209,245,245,288,301,332,332,425,425,441,441,441,441,366,366,391,427,427,427,447,468,502,522,522,613,613,638,661,661,74,124,155,155,169,169,182,182,82,143,143,143,143,143],"floor_reached":52,"playtime":3232,"items_purged":["Strike_G","Bane"],"score":2010,"play_id":"96b6ea58-baf4-4c95-8e0f-18090b744bec","local_time":"20180904175115","is_ascension_mode":true,"campfire_choices":[{"data":"Bouncing Flask","floor":7.0,"key":"SMITH"},{"floor":11.0,"key":"REST"},{"data":"Deadly Poison","floor":15.0,"key":"SMITH"},{"data":"Burst","floor":23.0,"key":"SMITH"},{"data":"Calculated Gamble","floor":27.0,"key":"SMITH"},{"data":"Strike_G","floor":32.0,"key":"PURGE"},{"data":"Defend_G","floor":41.0,"key":"PURGE"},{"floor":49.0,"key":"REST"}],"neow_cost":"NONE","seed_source_timestamp":0,"circlet_count":0,"master_deck":["Defend_G","Defend_G","Defend_G","Defend_G","Survivor","Neutralize+1","AscendersBane","Bouncing Flask+1","Deadly Poison+1","Calculated Gamble+1","Flying Knee","Leg Sweep","Backstab","Burst+1","Eviscerate+1","Bouncing Flask+1","Ghostly","Ghostly","Ghostly","Ghostly","Ghostly","Malaise","Dodge and Roll","Corpse Explosion","Deadly Poison+1","Ghostly","Catalyst"],"special_seed":0,"relics":["Ring of the Snake","Golden Idol","PreservedInsect","Singing Bowl","Bottled Flame","Meat on the Bone","Dream Catcher","Astrolabe","Ninja Scroll","Peace Pipe","Mummified Hand","HoveringKite","TwistedFunnel","Gambling Chip","Frozen Egg 2","Question Card","Tiny Chest","The Specimen"],"potions_floor_usage":[51,51],"damage_taken":[{"damage":4.0,"enemies":"Small Slimes","floor":1.0,"turns":5.0},{"damage":0.0,"enemies":"Cultist","floor":3.0,"turns":3.0},{"damage":0.0,"enemies":"2 Louse","floor":4.0,"turns":4.0},{"damage":17.0,"enemies":"Exordium Thugs","floor":5.0,"turns":6.0},{"damage":32.0,"enemies":"Gremlin Nob","floor":6.0,"turns":4.0},{"damage":7.0,"enemies":"2 Fungi Beasts","floor":8.0,"turns":4.0},{"damage":9.0,"enemies":"Lagavulin","floor":10.0,"turns":5.0},{"damage":4.0,"enemies":"Gremlin Nob","floor":12.0,"turns":3.0},{"damage":18.0,"enemies":"Gremlin Gang","floor":13.0,"turns":8.0},{"damage":0.0,"enemies":"Lagavulin","floor":14.0,"turns":4.0},{"damage":9.0,"enemies":"The Guardian","floor":16.0,"turns":9.0},{"damage":26.0,"enemies":"3 Byrds","floor":18.0,"turns":7.0},{"damage":5.0,"enemies":"Shell Parasite","floor":24.0,"turns":5.0},{"damage":1.0,"enemies":"Gremlin Leader","floor":25.0,"turns":6.0},{"damage":11.0,"enemies":"Centurion and Healer","floor":28.0,"turns":8.0},{"damage":3.0,"enemies":"Shelled Parasite and Fungi","floor":29.0,"turns":6.0},{"damage":12.0,"enemies":"Slavers","floor":30.0,"turns":9.0},{"damage":15.0,"enemies":"Sentry and Sphere","floor":31.0,"turns":5.0},{"damage":4.0,"enemies":"Automaton","floor":33.0,"turns":7.0},{"damage":0.0,"enemies":"3 Shapes","floor":35.0,"turns":2.0},{"damage":6.0,"enemies":"3 Darklings","floor":36.0,"turns":7.0},{"damage":7.0,"enemies":"Nemesis","floor":40.0,"turns":5.0},{"damage":1.0,"enemies":"Sphere and 2 Shapes","floor":42.0,"turns":4.0},{"damage":8.0,"enemies":"Reptomancer","floor":44.0,"turns":8.0},{"damage":2.0,"enemies":"2 Orb Walkers","floor":47.0,"turns":4.0},{"damage":12.0,"enemies":"Time Eater","floor":50.0,"turns":8.0},{"damage":36,"enemies":"Awakened One","floor":51,"turns":15}],"seed_played":"1866853523667072501","potions_obtained":[{"floor":1.0,"key":"Regen Potion"},{"floor":3.0,"key":"LiquidBronze"},{"floor":5.0,"key":"LiquidBronze"},{"floor":6.0,"key":"Regen Potion"},{"floor":13.0,"key":"SteroidPotion"},{"floor":28.0,"key":"Strength Potion"},{"floor":29.0,"key":"GamblersBrew"},{"floor":31.0,"key":"Energy Potion"},{"floor":36.0,"key":"Fire Potion"},{"floor":42.0,"key":"Strength Potion"}],"is_trial":false,"path_per_floor":["M","?","M","M","M","E","R","M","T","E","R","E","M","E","R","B",null,"M","?","?","?","$","R","M","E","T","R","M","M","E","M","R","B",null,"M","M","?","$","?","E","R","M","T","M","?","$","E","T","R","B","B"],"character_chosen":"THE_SILENT","items_purchased":["TwistedFunnel","Gambling Chip"],"campfire_rested":2,"item_purchase_floors":[38,38],"current_hp_per_floor":[55,55,55,55,53,21,21,14,14,21,39,35,29,41,41,32,55,43,32,32,32,32,32,29,30,30,30,21,32,34,33,33,29,40,40,36,36,36,32,27,27,28,28,34,34,34,34,34,50,38,14],"gold":143,"neow_bonus":"UPGRADE_CARD","is_prod":false,"is_daily":false,"chose_seed":false,"campfire_upgraded":4,"win_rate":0,"timestamp":1536076275,"path_taken":["M","?","M","M","?","E","R","M","T","E","R","E","M","E","R","BOSS","M","?","?","?","$","R","M","E","T","R","M","M","E","M","R","BOSS","M","M","?","$","?","E","R","M","T","?","?","$","E","?","R","BOSS","BOSS"],"build_version":"2018-09-03","purchased_purges":2,"victory":true,"max_hp_per_floor":[66,60,60,60,60,60,60,60,60,62,62,62,62,62,62,62,62,64,32,32,32,32,32,34,36,36,36,38,40,42,44,44,44,44,44,46,46,46,46,48,48,50,50,52,52,52,54,54,54,54,54],"card_choices":[{"not_picked":["Poisoned Stab","Dagger Throw"],"picked":"Bouncing Flask","floor":1.0},{"not_picked":["Backflip","Unload"],"picked":"Deadly Poison","floor":3.0},{"not_picked":["Prepared","Underhanded Strike","Setup"],"picked":"SKIP","floor":4.0},{"not_picked":["Cloak And Dagger","Reflex","Acrobatics"],"picked":"SKIP","floor":5.0},{"not_picked":["Choke","Crippling Poison"],"picked":"Calculated Gamble","floor":6.0},{"not_picked":["Deflect","Escape Plan"],"picked":"Flying Knee","floor":8.0},{"not_picked":["Blur","Terror","Quick Slash"],"picked":"Singing Bowl","floor":10.0},{"not_picked":["Sucker Punch","Cloak And Dagger"],"picked":"Leg Sweep","floor":12.0},{"not_picked":["Finisher","Outmaneuver"],"picked":"Bane","floor":13.0},{"not_picked":["All Out Attack","Flying Knee"],"picked":"Backstab","floor":14.0},{"not_picked":["Adrenaline","Envenom"],"picked":"Burst","floor":16.0},{"not_picked":["Reflex","Sucker Punch","Deadly Poison"],"picked":"Singing Bowl","floor":18.0},{"not_picked":["Acrobatics","Slice","Dodge and Roll"],"picked":"Singing Bowl","floor":24.0},{"not_picked":["Escape Plan","Dagger Throw","Crippling Poison+1"],"picked":"Singing Bowl","floor":25.0},{"not_picked":["Prepared","Tactician","Poisoned Stab"],"picked":"Singing Bowl","floor":28.0},{"not_picked":["Blur","Dagger Spray","Concentrate"],"picked":"Singing Bowl","floor":29.0},{"not_picked":["Blade Dance","Cloak And Dagger+1","Dagger Spray"],"picked":"Singing Bowl","floor":30.0},{"not_picked":["Dodge and Roll","Deflect","Bane"],"picked":"Singing Bowl","floor":31.0},{"not_picked":["Unload","Glass Knife"],"picked":"Corpse Explosion","floor":33.0},{"not_picked":["Sucker Punch","Skewer"],"picked":"Deadly Poison+1","floor":35.0},{"not_picked":["Infinite Blades","Distraction","Quick Slash"],"picked":"Singing Bowl","floor":36.0},{"not_picked":["Choke","Skewer","Poisoned Stab"],"picked":"Singing Bowl","floor":40.0},{"not_picked":["Dagger Throw","Sucker Punch","Underhanded Strike"],"picked":"Singing Bowl","floor":42.0},{"not_picked":["Dagger Throw","Endless Agony","Blur+1","Sucker Punch"],"picked":"Singing Bowl","floor":44.0},{"not_picked":["Blur","Flying Knee","Cloak And Dagger","Eviscerate"],"picked":"Singing Bowl","floor":47.0},{"not_picked":["Dagger Spray+1","Envenom+1","Bane+1"],"picked":"Catalyst","floor":49.0}],"player_experience":950850,"relics_obtained":[{"floor":6.0,"key":"PreservedInsect"},{"floor":9.0,"key":"Singing Bowl"},{"floor":10.0,"key":"Bottled Flame"},{"floor":12.0,"key":"Meat on the Bone"},{"floor":14.0,"key":"Dream Catcher"},{"floor":25.0,"key":"Ninja Scroll"},{"floor":26.0,"key":"Peace Pipe"},{"floor":30.0,"key":"Mummified Hand"},{"floor":40.0,"key":"Frozen Egg 2"},{"floor":43.0,"key":"Question Card"},{"floor":47.0,"key":"Tiny Chest"},{"floor":48.0,"key":"The Specimen"}],"event_choices":[{"event_name":"Golden Idol","player_choice":"Lose Max HP","floor":2.0,"damage_taken":0.0},{"event_name":"Ghosts","player_choice":"Became a Ghost","floor":19.0,"damage_taken":0.0},{"event_name":"Match and Keep!","player_choice":"2 cards matched","floor":20.0,"damage_taken":0.0},{"event_name":"Vampires","player_choice":"Ignored","floor":21.0,"damage_taken":0.0},{"event_name":"Duplicator","player_choice":"One dupe","floor":37.0,"damage_taken":0.0},{"event_name":"FaceTrader","player_choice":"Touch","floor":39.0,"damage_taken":0.0},{"event_name":"Purifier","player_choice":"One Purge","floor":45.0,"damage_taken":0.0}],"is_beta":true,"boss_relics":[{"not_picked":["White Beast Statue","Empty Cage"],"picked":"Astrolabe"},{"not_picked":["Black Star","Snecko Eye"],"picked":"HoveringKite"}],"items_purged_floors":[22,46],"is_endless":false,"potions_floor_spawned":[1,3,5,6,13,28,29,31,36,42,44],"ascension_level":20}