{"gold_per_floor":[116,116,136,152,169,169,194,194,217,233,243,243,273,290,290,389,389,404,422,432,442,367,367,396,420,420,449,462,476,506,522,522,619,619,638,656,931,948,948,973,973,1007,1007,1007,1007,233,268,287,287,287],"floor_reached":50,"playtime":8077,"items_purged":["Doubt"],"score":739,"play_id":"fb18d08d-cf56-4158-949c-21c4893a7fa0","local_time":"20190516132930","is_ascension_mode":true,"campfire_choices":[{"data":"Noxious Fumes","floor":6.0,"key":"SMITH"},{"data":"Neutralize","floor":8.0,"key":"SMITH"},{"data":"Venomology","floor":12.0,"key":"SMITH"},{"data":"Deadly Poison","floor":15.0,"key":"SMITH"},{"data":"Wraith Form v2","floor":23.0,"key":"SMITH"},{"data":"Burst","floor":32.0,"key":"SMITH"},{"data":"Catalyst","floor":41.0,"key":"SMITH"},{"floor":49.0,"key":"RECALL"}],"neow_cost":"NONE","seed_source_timestamp":60097167363725,"circlet_count":0,"master_deck":["Survivor","Neutralize+1","Footwork","Deadly Poison+1","Noxious Fumes+1","Backflip","Skewer","Venomology+1","Wraith Form v2+1","Flying Knee","Die Die Die","Crippling Poison","Burst+1","All Out Attack","Setup","Flying Knee","Backflip","Storm of Steel","Backflip","Catalyst+1","Backflip","Catalyst","Venomology","Madness","Madness","Deadly Poison","Secret Technique","After Image"],"special_seed":0,"relics":["White Beast Statue","Art of War","Snake Skull","Oddly Smooth Stone","Pandora\u0027s Box","Regal Pillow","Juzu Bracelet","Anchor","Centennial Puzzle","Sundial","Busted Crown","Bronze Scales","Bag of Marbles","TwistedFunnel","Bottled Lightning","PreservedInsect"],"potions_floor_usage":[50,50],"damage_taken":[{"damage":0.0,"enemies":"Small Slimes","floor":1.0,"turns":6.0},{"damage":0.0,"enemies":"Cultist","floor":3.0,"turns":7.0},{"damage":0.0,"enemies":"Jaw Worm","floor":4.0,"turns":5.0},{"damage":0.0,"enemies":"Blue Slaver","floor":5.0,"turns":5.0},{"damage":2.0,"enemies":"Gremlin Nob","floor":7.0,"turns":5.0},{"damage":2.0,"enemies":"Red Slaver","floor":10.0,"turns":5.0},{"damage":0.0,"enemies":"2 Fungi Beasts","floor":11.0,"turns":3.0},{"damage":4.0,"enemies":"Lagavulin","floor":13.0,"turns":6.0},{"damage":4.0,"enemies":"Lots of Slimes","floor":14.0,"turns":3.0},{"damage":27.0,"enemies":"Hexaghost","floor":16.0,"turns":10.0},{"damage":0.0,"enemies":"Shell Parasite","floor":18.0,"turns":4.0},{"damage":10.0,"enemies":"Spheric Guardian","floor":19.0,"turns":3.0},{"damage":0.0,"enemies":"Cultist and Chosen","floor":20.0,"turns":5.0},{"damage":18.0,"enemies":"Snake Plant","floor":21.0,"turns":4.0},{"damage":1.0,"enemies":"Gremlin Leader","floor":24.0,"turns":5.0},{"damage":5.0,"enemies":"Slavers","floor":27.0,"turns":5.0},{"damage":2.0,"enemies":"Chosen and Byrds","floor":28.0,"turns":5.0},{"damage":2.0,"enemies":"Shelled Parasite and Fungi","floor":29.0,"turns":4.0},{"damage":0.0,"enemies":"Gremlin Leader","floor":30.0,"turns":4.0},{"damage":1.0,"enemies":"Snecko","floor":31.0,"turns":4.0},{"damage":43.0,"enemies":"Champ","floor":33.0,"turns":9.0},{"damage":2.0,"enemies":"Orb Walker","floor":35.0,"turns":3.0},{"damage":0.0,"enemies":"3 Shapes","floor":36.0,"turns":5.0},{"damage":0.0,"enemies":"Sphere and 2 Shapes","floor":38.0,"turns":4.0},{"damage":42.0,"enemies":"Reptomancer","floor":40.0,"turns":8.0},{"damage":3.0,"enemies":"Giant Head","floor":42.0,"turns":3.0},{"damage":9.0,"enemies":"Nemesis","floor":47.0,"turns":5.0},{"damage":1.0,"enemies":"4 Shapes","floor":48.0,"turns":4.0},{"damage":80,"enemies":"Time Eater","floor":50,"turns":8}],"seed_played":"-4814915200059105143","potions_obtained":[{"floor":1.0,"key":"SpeedPotion"},{"floor":3.0,"key":"Swift Potion"},{"floor":4.0,"key":"Weak Potion"},{"floor":5.0,"key":"Dexterity Potion"},{"floor":7.0,"key":"Weak Potion"},{"floor":10.0,"key":"Fire Potion"},{"floor":11.0,"key":"PowerPotion"},{"floor":13.0,"key":"AttackPotion"},{"floor":14.0,"key":"Explosive Potion"},{"floor":16.0,"key":"Ancient Potion"},{"floor":19.0,"key":"AttackPotion"},{"floor":20.0,"key":"Energy Potion"},{"floor":21.0,"key":"SkillPotion"},{"floor":24.0,"key":"Regen Potion"},{"floor":27.0,"key":"Regen Potion"},{"floor":28.0,"key":"Ancient Potion"},{"floor":29.0,"key":"GhostInAJar"},{"floor":33.0,"key":"SkillPotion"},{"floor":36.0,"key":"Energy Potion"},{"floor":38.0,"key":"SpeedPotion"},{"floor":40.0,"key":"AttackPotion"},{"floor":42.0,"key":"Poison Potion"},{"floor":47.0,"key":"Strength Potion"},{"floor":48.0,"key":"Strength Potion"}],"is_trial":false,"path_per_floor":["M","?","M","M","M","R","E","R","T","M","M","R","E","M","R","B",null,"M","M","M","M","?","R","E","T","T","E","M","M","E","M","R","B",null,"M","M","?","M","?","E","R","E","T","?","?","$","E","M","R","B"],"character_chosen":"THE_SILENT","items_purchased":["TwistedFunnel","Bottled Lightning","Deadly Poison","Secret Technique"],"campfire_rested":0,"item_purchase_floors":[46,46,46,46],"current_hp_per_floor":[70,70,70,70,70,70,68,68,68,66,66,66,62,58,58,31,70,70,60,60,42,42,42,41,41,41,51,58,56,56,55,55,12,70,68,68,68,68,59,17,17,14,14,14,70,70,61,60,60,0],"gold":287,"neow_bonus":"BOSS_RELIC","is_prod":false,"is_daily":false,"chose_seed":false,"campfire_upgraded":7,"win_rate":0,"timestamp":1557993570,"path_taken":["M","?","M","M","M","R","E","R","T","M","M","R","E","M","R","BOSS","M","?","M","M","?","R","E","?","T","E","M","M","E","M","R","BOSS","M","M","?","M","?","E","R","E","T","?","?","$","E","M","R","BOSS"],"build_version":"2019-01-23","purchased_purges":1,"victory":false,"max_hp_per_floor":[70,70,70,70,70,70,70,70,70,70,70,70,70,70,70,70,70,70,70,70,70,70,70,70,70,70,70,70,70,70,70,70,70,70,70,70,70,70,70,70,70,70,70,70,70,70,70,70,70,70],"card_choices":[{"not_picked":["Outmaneuver","Deflect"],"picked":"Footwork","floor":1.0},{"not_picked":["Outmaneuver","Skewer"],"picked":"Deadly Poison","floor":3.0},{"not_picked":["Concentrate","Acrobatics"],"picked":"Noxious Fumes","floor":4.0},{"not_picked":["Acrobatics","Bane"],"picked":"Backflip","floor":5.0},{"not_picked":["Flechettes","Concentrate"],"picked":"Skewer","floor":7.0},{"not_picked":["Acrobatics","Sucker Punch"],"picked":"Dagger Spray","floor":10.0},{"not_picked":["Setup","Bane"],"picked":"Venomology","floor":11.0},{"not_picked":["Distraction","Calculated Gamble","Quick Slash"],"picked":"SKIP","floor":13.0},{"not_picked":["Heel Hook","Distraction","Deflect"],"picked":"SKIP","floor":14.0},{"not_picked":["Venomology","Grand Finale"],"picked":"Wraith Form v2","floor":16.0},{"not_picked":["Poisoned Stab","Outmaneuver","Endless Agony"],"picked":"SKIP","floor":18.0},{"not_picked":["Setup","Quick Slash","Distraction+1"],"picked":"SKIP","floor":19.0},{"not_picked":["Blade Dance","Cloak And Dagger","Deflect"],"picked":"SKIP","floor":20.0},{"not_picked":["Poisoned Stab","Bane"],"picked":"Backflip","floor":21.0},{"not_picked":["Cloak And Dagger","Blur"],"picked":"Catalyst","floor":24.0},{"not_picked":["Sucker Punch","Dodge and Roll"],"picked":"Backflip","floor":27.0},{"not_picked":["Doppelganger","Quick Slash+1","Backstab+1"],"picked":"SKIP","floor":28.0},{"not_picked":["Acrobatics","Sucker Punch","Phantasmal Killer"],"picked":"SKIP","floor":29.0},{"not_picked":["All Out Attack","Night Terror"],"picked":"Catalyst","floor":30.0},{"not_picked":["Acrobatics","Poisoned Stab","Sucker Punch"],"picked":"SKIP","floor":31.0},{"not_picked":["Die Die Die","Grand Finale"],"picked":"Venomology","floor":33.0},{"not_picked":["Endless Agony"],"picked":"SKIP","floor":35.0},{"not_picked":["Dagger Spray"],"picked":"SKIP","floor":36.0},{"not_picked":["Blade Dance+1"],"picked":"SKIP","floor":38.0},{"not_picked":["Tactician+1"],"picked":"SKIP","floor":40.0},{"not_picked":["Sucker Punch+1"],"picked":"SKIP","floor":42.0},{"not_picked":[],"picked":"After Image","floor":47.0},{"not_picked":["Dodge and Roll"],"picked":"SKIP","floor":48.0}],"player_experience":363665,"relics_obtained":[{"floor":7.0,"key":"Art of War"},{"floor":9.0,"key":"Snake Skull"},{"floor":13.0,"key":"Oddly Smooth Stone"},{"floor":24.0,"key":"Regal Pillow"},{"floor":25.0,"key":"Juzu Bracelet"},{"floor":26.0,"key":"Anchor"},{"floor":27.0,"key":"Centennial Puzzle"},{"floor":30.0,"key":"Sundial"},{"floor":40.0,"key":"Bronze Scales"},{"floor":42.0,"key":"Bag of Marbles"},{"floor":47.0,"key":"PreservedInsect"}],"event_choices":[{"cards_removed":["Strike_G"],"damage_healed":0.0,"max_hp_gain":0.0,"max_hp_loss":0.0,"gold_gain":0.0,"event_name":"Bonfire Elementals","player_choice":"Offered Basic","floor":2.0,"gold_loss":0.0,"damage_taken":0.0},{"cards_removed":["Dagger Spray"],"damage_healed":0.0,"max_hp_gain":0.0,"max_hp_loss":0.0,"gold_gain":0.0,"event_name":"Beggar","player_choice":"Gave Gold","floor":22.0,"gold_loss":75.0,"damage_taken":0.0},{"damage_healed":0.0,"max_hp_gain":0.0,"max_hp_loss":0.0,"gold_gain":275.0,"event_name":"Golden Shrine","player_choice":"Desecrate","floor":37.0,"gold_loss":0.0,"damage_taken":0.0,"cards_obtained":["Regret"]},{"damage_healed":0.0,"max_hp_gain":0.0,"max_hp_loss":0.0,"gold_gain":0.0,"event_name":"Winding Halls","player_choice":"Embrace Madness","floor":39.0,"gold_loss":0.0,"damage_taken":9.0,"cards_obtained":["Madness","Madness"]},{"cards_removed":["Regret"],"damage_healed":0.0,"max_hp_gain":0.0,"max_hp_loss":0.0,"gold_gain":0.0,"event_name":"Fountain of Cleansing","player_choice":"Removed Curses","floor":44.0,"gold_loss":0.0,"damage_taken":0.0},{"damage_healed":56.0,"max_hp_gain":0.0,"max_hp_loss":0.0,"gold_gain":0.0,"event_name":"MindBloom","player_choice":"Heal","floor":45.0,"gold_loss":0.0,"damage_taken":0.0,"cards_obtained":["Doubt"]}],"is_beta":false,"boss_relics":[{"not_picked":["Orrery","Runic Dome"],"picked":"Pandora\u0027s Box"},{"not_picked":["Velvet Choker","Runic Pyramid"],"picked":"Busted Crown"}],"items_purged_floors":[46],"is_endless":false,"potions_floor_spawned":[1,3,4,5,7,10,11,13,14,16,18,19,20,21,24,27,28,29,30,31,33,35,36,38,40,42,47,48],"killed_by":"Time Eater","ascension_level":1}