{"gold_per_floor":[18,293,145,161,172,201,219,251,251,269,269,288,313,336,336,435,435,445,458,558,571,589,620,620,620,667,667],"floor_reached":27,"playtime":7751,"items_purged":["Regret"],"score":389,"play_id":"ec0ecf32-40e9-455e-b576-38eb6e756f5d","local_time":"20190522173220","is_ascension_mode":true,"campfire_choices":[{"data":"Dash","floor":11.0,"key":"SMITH"},{"data":"Neutralize","floor":15.0,"key":"SMITH"},{"floor":24.0,"key":"REST"}],"neow_cost":"NO_GOLD","seed_source_timestamp":297690785340231,"circlet_count":0,"master_deck":["Defend_G","Defend_G","Defend_G","Defend_G","Defend_G","Survivor","Neutralize+1","Blur","Dash+1","Leg Sweep","After Image","Crippling Poison","Flying Knee","Poisoned Stab","Corpse Explosion","Wraith Form v2","Quick Slash+1","Footwork","Bite","Bite","Bite","Bite","Bite"],"special_seed":0,"relics":["Ring of the Snake","Thread and Needle","Darkstone Periapt","Question Card","Pear","Pantograph","Odd Mushroom","Busted Crown","Tingsha","Mummified Hand","Bottled Lightning","Potion Belt"],"potions_floor_usage":[],"damage_taken":[{"damage":0.0,"enemies":"2 Louse","floor":1.0,"turns":5.0},{"damage":0.0,"enemies":"Cultist","floor":4.0,"turns":4.0},{"damage":0.0,"enemies":"Jaw Worm","floor":5.0,"turns":4.0},{"damage":1.0,"enemies":"Gremlin Nob","floor":6.0,"turns":7.0},{"damage":0.0,"enemies":"Looter","floor":7.0,"turns":5.0},{"damage":6.0,"enemies":"Lagavulin","floor":8.0,"turns":9.0},{"damage":0.0,"enemies":"2 Fungi Beasts","floor":10.0,"turns":5.0},{"damage":0.0,"enemies":"3 Louse","floor":12.0,"turns":6.0},{"damage":3.0,"enemies":"Gremlin Nob","floor":13.0,"turns":5.0},{"damage":13.0,"enemies":"The Mushroom Lair","floor":14.0,"turns":7.0},{"damage":53.0,"enemies":"Slime Boss","floor":16.0,"turns":19.0},{"damage":0.0,"enemies":"Shell Parasite","floor":18.0,"turns":8.0},{"damage":0.0,"enemies":"3 Byrds","floor":19.0,"turns":4.0},{"damage":0.0,"enemies":"Colosseum Slavers","floor":20.0,"turns":5.0},{"damage":0.0,"enemies":"Colosseum Nobs","floor":20.0,"turns":5.0},{"damage":11.0,"enemies":"Snake Plant","floor":21.0,"turns":7.0},{"damage":7.0,"enemies":"Centurion and Healer","floor":22.0,"turns":5.0},{"damage":22.0,"enemies":"Slavers","floor":23.0,"turns":4.0},{"damage":70,"enemies":"Gremlin Leader","floor":27,"turns":8}],"seed_played":"-394551699550383235","potions_obtained":[{"floor":1.0,"key":"EssenceOfSteel"},{"floor":6.0,"key":"Strength Potion"},{"floor":8.0,"key":"Poison Potion"},{"floor":12.0,"key":"SteroidPotion"},{"floor":20.0,"key":"AttackPotion"},{"floor":21.0,"key":"Regen Potion"},{"floor":22.0,"key":"Explosive Potion"},{"floor":23.0,"key":"GamblersBrew"}],"is_trial":false,"path_per_floor":["M","?","$","M","M","E","M","E","T","M","R","M","E","?","R","B",null,"M","M","?","M","M","E","R","?","T","E"],"character_chosen":"THE_SILENT","items_purchased":["GhostInAJar"],"campfire_rested":1,"item_purchase_floors":[3],"current_hp_per_floor":[63,63,63,63,63,62,62,56,66,66,66,66,63,50,50,22,66,66,66,66,55,63,41,65,56,56,0],"gold":667,"neow_bonus":"ONE_RARE_RELIC","is_prod":false,"is_daily":false,"chose_seed":false,"campfire_upgraded":2,"win_rate":0,"timestamp":1558526540,"path_taken":["M","?","$","M","M","E","M","E","T","M","R","?","E","?","R","BOSS","M","M","?","M","M","E","R","?","T","E"],"build_version":"2019-01-23","purchased_purges":1,"victory":false,"max_hp_per_floor":[70,70,70,70,70,70,70,70,80,80,80,80,80,80,80,80,80,80,80,80,80,80,80,80,56,56,56],"card_choices":[{"not_picked":["Caltrops","Expertise"],"picked":"Blur","floor":1.0},{"not_picked":["Outmaneuver","Backflip"],"picked":"Dash","floor":4.0},{"not_picked":["Backflip","Caltrops"],"picked":"Leg Sweep","floor":5.0},{"not_picked":["Acrobatics","Night Terror"],"picked":"After Image","floor":6.0},{"not_picked":["Slice","Bane","Sucker Punch"],"picked":"SKIP","floor":7.0},{"not_picked":["Flechettes","Expertise"],"picked":"Crippling Poison","floor":8.0},{"not_picked":["Acrobatics","Backflip","Dodge and Roll"],"picked":"Flying Knee","floor":10.0},{"not_picked":["Concentrate","Quick Slash","Cloak And Dagger"],"picked":"Poisoned Stab","floor":12.0},{"not_picked":["All Out Attack","Quick Slash","Dodge and Roll","Backflip"],"picked":"SKIP","floor":13.0},{"not_picked":["Deflect","Masterful Stab","Acrobatics"],"picked":"Corpse Explosion","floor":14.0},{"not_picked":["Doppelganger","Malaise","Night Terror"],"picked":"Wraith Form v2","floor":16.0},{"not_picked":["Deflect+1","Sucker Punch+1"],"picked":"SKIP","floor":18.0},{"not_picked":["Acrobatics"],"picked":"Quick Slash+1","floor":19.0},{"not_picked":["Prepared+1","Finisher"],"picked":"SKIP","floor":21.0},{"not_picked":["Heel Hook","Outmaneuver"],"picked":"SKIP","floor":22.0},{"not_picked":["Slice"],"picked":"Footwork","floor":23.0}],"player_experience":632471,"relics_obtained":[{"floor":6.0,"key":"Darkstone Periapt"},{"floor":8.0,"key":"Question Card"},{"floor":9.0,"key":"Pear"},{"floor":13.0,"key":"Pantograph"},{"floor":14.0,"key":"Odd Mushroom"},{"floor":20.0,"key":"Tingsha"},{"floor":20.0,"key":"Mummified Hand"},{"floor":23.0,"key":"Bottled Lightning"},{"floor":26.0,"key":"Potion Belt"}],"event_choices":[{"damage_healed":0.0,"max_hp_gain":0.0,"max_hp_loss":0.0,"gold_gain":275.0,"event_name":"Golden Shrine","player_choice":"Desecrate","floor":2.0,"gold_loss":0.0,"damage_taken":0.0,"cards_obtained":["Regret"]},{"damage_healed":0.0,"max_hp_gain":0.0,"max_hp_loss":0.0,"gold_gain":0.0,"event_name":"Mushrooms","player_choice":"Fought Mushrooms","floor":14.0,"gold_loss":0.0,"damage_taken":0.0},{"damage_healed":0.0,"max_hp_gain":0.0,"max_hp_loss":0.0,"gold_gain":0.0,"event_name":"Colosseum","player_choice":"Fight","floor":20.0,"gold_loss":0.0,"damage_taken":0.0},{"damage_healed":0.0,"max_hp_gain":0.0,"max_hp_loss":0.0,"gold_gain":0.0,"event_name":"Colosseum","player_choice":"Fought Nobs","floor":20.0,"gold_loss":0.0,"damage_taken":0.0},{"damage_healed":0.0,"max_hp_gain":0.0,"max_hp_loss":24.0,"gold_gain":0.0,"event_name":"Vampires","player_choice":"Became a vampire","floor":25.0,"gold_loss":0.0,"damage_taken":0.0,"cards_obtained":["Bite","Bite","Bite","Bite","Bite"]}],"is_beta":false,"boss_relics":[{"not_picked":["Velvet Choker","HoveringKite"],"picked":"Busted Crown"}],"items_purged_floors":[3],"is_endless":false,"potions_floor_spawned":[1,6,8,12,20,20,21,22,23],"killed_by":"Gremlin Leader","ascension_level":6}