{"gold_per_floor":[113,113,113,133,133,176,101,137,163,163,163,186,230,244,244,337,337,360,21,42,60,60],"floor_reached":22,"playtime":1093,"items_purged":["Strike_R","Strike_R"],"score":458,"play_id":"352584ea-3f76-439b-8ac8-ca5aa7e0473b","local_time":"20190309195506","is_ascension_mode":true,"campfire_choices":[{"data":"Bash","floor":10,"key":"SMITH"},{"data":"Rampage","floor":15,"key":"SMITH"}],"neow_cost":"NONE","seed_source_timestamp":10638413880405,"circlet_count":0,"master_deck":["AscendersBane","Strike_R","Strike_R","Strike_R","Defend_R","Defend_R","Defend_R","Defend_R","Bash+1","Feel No Pain","Twin Strike","Sever Soul","Dark Embrace","Flame Barrier","Intimidate","Rampage+1","Fiend Fire","Seeing Red","Limit Break","Heavy Blade","Uppercut"],"relics":["Burning Blood","NeowsBlessing","Golden Idol","Bronze Scales","Vajra","Orichalcum","Blood Vial","Dodecahedron","Runic Dome"],"potions_floor_usage":[8,14,16,16],"damage_taken":[{"damage":0,"enemies":"Jaw Worm","floor":1,"turns":1},{"damage":0,"enemies":"2 Louse","floor":4,"turns":1},{"damage":0,"enemies":"Lagavulin","floor":6,"turns":1},{"damage":8,"enemies":"Gremlin Nob","floor":8,"turns":3},{"damage":2,"enemies":"Small Slimes","floor":12,"turns":3},{"damage":15,"enemies":"3 Sentries","floor":13,"turns":9},{"damage":9,"enemies":"Gremlin Gang","floor":14,"turns":3},{"damage":32,"enemies":"Hexaghost","floor":16,"turns":9},{"damage":6,"enemies":"3 Byrds","floor":18,"turns":3},{"damage":18,"enemies":"Shell Parasite","floor":20,"turns":5},{"damage":26,"enemies":"Snake Plant","floor":21,"turns":3},{"damage":46,"enemies":"Shelled Parasite and Fungi","floor":22,"turns":3}],"seed_played":"-804845665022068090","potions_obtained":[{"floor":4,"key":"GamblersBrew"},{"floor":6,"key":"Strength Potion"},{"floor":13,"key":"SteroidPotion"},{"floor":14,"key":"FearPotion"}],"is_trial":false,"path_per_floor":["M","?","?","M","?","E","$","E","T","R","?","M","E","M","R","B",null,"M","$","M","M","M"],"character_chosen":"IRONCLAD","items_purchased":["Limit Break","SteroidPotion","Heavy Blade"],"campfire_rested":0,"item_purchase_floors":[19,19,19],"current_hp_per_floor":[74,79,51,57,31,37,37,35,35,35,35,41,34,33,33,9,62,64,64,54,36,0],"gold":60,"neow_bonus":"THREE_ENEMY_KILL","is_prod":false,"is_daily":false,"chose_seed":false,"campfire_upgraded":2,"win_rate":0,"timestamp":1552157706,"path_taken":["M","?","?","M","?","E","?","E","T","R","?","M","E","M","R","BOSS","M","$","M","M","M"],"build_version":"2019-01-23","purchased_purges":2,"victory":false,"max_hp_per_floor":[75,80,80,80,80,80,80,80,80,80,80,80,80,80,80,80,80,80,80,80,80,80],"card_choices":[{"not_picked":["Twin Strike","Armaments"],"picked":"Feel No Pain","floor":1},{"not_picked":["Armaments","Heavy Blade"],"picked":"Twin Strike","floor":4},{"not_picked":["Havoc","Shrug It Off"],"picked":"Sever Soul","floor":6},{"not_picked":["Intimidate","Hemokinesis"],"picked":"Dark Embrace","floor":8},{"not_picked":["Cleave","Blood for Blood"],"picked":"Flame Barrier","floor":12},{"not_picked":["Sever Soul","Thunderclap"],"picked":"Intimidate","floor":13},{"not_picked":["Fire Breathing","Battle Trance"],"picked":"Rampage","floor":14},{"not_picked":["Barricade","Exhume"],"picked":"Fiend Fire","floor":16},{"not_picked":["Body Slam","Headbutt"],"picked":"Seeing Red","floor":18},{"not_picked":["Rage","Body Slam+1"],"picked":"Uppercut","floor":20},{"not_picked":["Armaments","Headbutt","Clash"],"picked":"SKIP","floor":21}],"player_experience":1917098,"relics_obtained":[{"floor":6,"key":"Vajra"},{"floor":8,"key":"Orichalcum"},{"floor":9,"key":"Blood Vial"},{"floor":13,"key":"Dodecahedron"}],"event_choices":[{"damage_healed":0,"gold_gain":0,"player_choice":"Donut","damage_taken":0,"max_hp_gain":5,"max_hp_loss":0,"event_name":"Big Fish","floor":2,"gold_loss":0},{"damage_healed":0,"gold_gain":0,"player_choice":"Take Damage","damage_taken":28,"relics_obtained":["Golden Idol"],"max_hp_gain":0,"max_hp_loss":0,"event_name":"Golden Idol","floor":3,"gold_loss":0},{"damage_healed":0,"gold_gain":0,"player_choice":"Success","damage_taken":26,"relics_obtained":["Bronze Scales"],"max_hp_gain":0,"max_hp_loss":0,"event_name":"Scrap Ooze","floor":5,"gold_loss":0},{"damage_healed":0,"gold_gain":0,"player_choice":"Ignored","damage_taken":0,"max_hp_gain":0,"max_hp_loss":0,"event_name":"Liars Game","floor":11,"gold_loss":0}],"is_beta":false,"boss_relics":[{"not_picked":["Busted Crown","Orrery"],"picked":"Runic Dome"}],"items_purged_floors":[7,19],"is_endless":false,"potions_floor_spawned":[4,6,13,14],"killed_by":"Shelled Parasite and Fungi","ascension_level":20}