{"gold_per_floor":[117,132,207,207,223,254,254,254],"floor_reached":8,"playtime":1482,"items_purged":[],"score":73,"play_id":"25429799-8b46-497b-b7e6-adc856dbb6dc","local_time":"20190523083935","is_ascension_mode":true,"campfire_choices":[],"neow_cost":"NONE","seed_source_timestamp":362167947101972,"circlet_count":0,"master_deck":["Strike_B","Strike_B","Strike_B","Strike_B","Defend_B","Defend_B","Defend_B","Defend_B","Zap","Dualcast","Consume","Ball Lightning","Leap","Go for the Eyes","Pain"],"relics":["Cursed Key","Vajra","Bottled Flame","WarpedTongs"],"potions_floor_usage":[],"damage_taken":[{"damage":0,"enemies":"2 Louse","floor":1,"turns":2},{"damage":4,"enemies":"Small Slimes","floor":2,"turns":3},{"damage":2,"enemies":"Jaw Worm","floor":5,"turns":3},{"damage":25,"enemies":"3 Sentries","floor":6,"turns":8},{"damage":8,"enemies":"Gremlin Nob","floor":8,"turns":2}],"seed_played":"2014760815386438067","potions_obtained":[{"floor":1,"key":"SmokeBomb"},{"floor":2,"key":"Swift Potion"}],"is_trial":false,"path_per_floor":["M","M","?","?","M","E","?","E"],"character_chosen":"DEFECT","items_purchased":[],"campfire_rested":0,"item_purchase_floors":[],"current_hp_per_floor":[68,64,53,28,26,1,1,0],"gold":254,"neow_bonus":"BOSS_RELIC","is_prod":false,"is_daily":false,"chose_seed":false,"campfire_upgraded":0,"win_rate":0,"timestamp":1558580975,"path_taken":["M","M","?","?","M","E","?","E"],"build_version":"2019-01-23","purchased_purges":0,"victory":false,"max_hp_per_floor":[75,75,75,75,75,75,75,75],"card_choices":[{"not_picked":["Darkness","Steam"],"picked":"Consume","floor":1},{"not_picked":["Conserve Battery","Lockon"],"picked":"Ball Lightning","floor":2},{"not_picked":["Consume","Rebound"],"picked":"Leap","floor":5},{"not_picked":["Rebound","Rip and Tear"],"picked":"Go for the Eyes","floor":6}],"player_experience":653669,"relics_obtained":[{"floor":6,"key":"Bottled Flame"}],"event_choices":[{"damage_healed":0,"gold_gain":75,"player_choice":"Gather Gold","damage_taken":11,"max_hp_gain":0,"max_hp_loss":0,"event_name":"World of Goop","floor":3,"gold_loss":0},{"damage_healed":0,"gold_gain":0,"player_choice":"Success","damage_taken":25,"relics_obtained":["Vajra"],"max_hp_gain":0,"max_hp_loss":0,"event_name":"Scrap Ooze","floor":4,"gold_loss":0},{"damage_healed":0,"gold_gain":0,"player_choice":"Rummage","damage_taken":0,"relics_obtained":["WarpedTongs"],"max_hp_gain":0,"max_hp_loss":0,"event_name":"Accursed Blacksmith","floor":7,"gold_loss":0,"cards_obtained":["Pain"]}],"is_beta":false,"boss_relics":[],"items_purged_floors":[],"is_endless":false,"potions_floor_spawned":[1,2],"killed_by":"Gremlin Nob","ascension_level":6}