{"gold_per_floor":[114,114,39,58,73,73,103,103,130,130,165,183,210,223,223,300,300,313,313,330,245,245,245,245],"floor_reached":24,"playtime":1528,"items_purged":["Pain"],"score":428,"play_id":"6f0d7c1d-beac-40c4-b19e-d23f0524de44","local_time":"20190315141948","is_ascension_mode":true,"campfire_choices":[{"data":"Noxious Fumes","floor":6,"key":"SMITH"},{"floor":10,"key":"REST"},{"data":"Well Laid Plans","floor":15,"key":"SMITH"},{"floor":23,"key":"REST"}],"neow_cost":"NONE","seed_source_timestamp":71999158853337,"circlet_count":0,"master_deck":["AscendersBane","Defend_G+1","Defend_G","Defend_G","Defend_G","Defend_G","Strike_G","Strike_G","Survivor","Neutralize+1","Noxious Fumes+1","Footwork+1","Backflip","Crippling Poison+1","Noxious Fumes","Well Laid Plans+1","Backflip","Dagger Spray","Phantasmal Killer","Glass Knife+1","PiercingWail+1","Glass Knife+1","Acrobatics+1"],"special_seed":0,"relics":["Ring of the Snake","NeowsBlessing","WarpedTongs","War Paint","Potion Belt","Gremlin Horn","Juzu Bracelet","Astrolabe","Letter Opener"],"potions_floor_usage":[7,16,22,22],"damage_taken":[{"damage":0.0,"enemies":"2 Louse","floor":1.0,"turns":1.0},{"damage":0,"enemies":"Cultist","floor":4,"turns":1},{"damage":0,"enemies":"Small Slimes","floor":5,"turns":1},{"damage":45,"enemies":"Gremlin Nob","floor":7,"turns":5},{"damage":4,"enemies":"Lagavulin","floor":11,"turns":8},{"damage":0,"enemies":"Looter","floor":12,"turns":4},{"damage":1,"enemies":"3 Sentries","floor":13,"turns":7},{"damage":6,"enemies":"Gremlin Gang","floor":14,"turns":3},{"damage":5,"enemies":"Hexaghost","floor":16,"turns":11},{"damage":8,"enemies":"3 Byrds","floor":18,"turns":4},{"damage":11,"enemies":"2 Thieves","floor":20,"turns":4},{"damage":11,"enemies":"Colosseum Slavers","floor":22,"turns":5},{"damage":21,"enemies":"Colosseum Nobs","floor":22,"turns":3},{"damage":25,"enemies":"Slavers","floor":24,"turns":2}],"seed_played":"8951149592819283889","potions_obtained":[{"floor":4,"key":"PowerPotion"},{"floor":7,"key":"SteroidPotion"},{"floor":16,"key":"SmokeBomb"},{"floor":18,"key":"PowerPotion"}],"is_trial":false,"path_per_floor":["M","?","$","M","M","R","E","?","T","R","E","M","E","M","R","B",null,"M","?","M","?","?","R","E"],"character_chosen":"THE_SILENT","items_purchased":[],"campfire_rested":2,"item_purchase_floors":[],"current_hp_per_floor":[59,59,59,59,59,59,14,14,14,33,29,29,28,22,22,17,54,46,46,35,35,3,22,0],"gold":245,"neow_bonus":"THREE_ENEMY_KILL","is_prod":false,"is_daily":false,"chose_seed":false,"campfire_upgraded":2,"win_rate":0,"timestamp":1552655988,"path_taken":["M","?","$","M","?","R","E","?","T","R","E","M","E","M","R","BOSS","M","?","M","?","?","R","E"],"build_version":"2019-01-23","purchased_purges":1,"victory":false,"max_hp_per_floor":[66,66,66,66,66,66,66,66,66,66,66,66,66,66,66,66,66,66,66,66,66,66,66,66],"card_choices":[{"not_picked":["Flying Knee","Poisoned Stab"],"picked":"Noxious Fumes","floor":1.0},{"not_picked":["Reflex","Backflip"],"picked":"Footwork","floor":4},{"not_picked":["Outmaneuver","Prepared"],"picked":"Backflip","floor":5},{"not_picked":["PiercingWail","Noxious Fumes"],"picked":"Crippling Poison","floor":7},{"not_picked":["Caltrops","Backstab"],"picked":"Noxious Fumes","floor":11},{"not_picked":["Backstab","Backflip"],"picked":"Well Laid Plans","floor":12},{"not_picked":["Accuracy","Backflip","Deflect"],"picked":"SKIP","floor":13},{"not_picked":["Accuracy","Deflect"],"picked":"Backflip","floor":13},{"not_picked":["Sucker Punch","Quick Slash"],"picked":"Dagger Spray","floor":14},{"not_picked":["Tools of the Trade","Doppelganger"],"picked":"Phantasmal Killer","floor":16},{"not_picked":["Cloak And Dagger","Quick Slash","Noxious Fumes"],"picked":"SKIP","floor":18},{"not_picked":["Masterful Stab","Cloak And Dagger"],"picked":"Acrobatics+1","floor":20}],"player_experience":2044122,"relics_obtained":[{"floor":7,"key":"War Paint"},{"floor":9,"key":"Potion Belt"},{"floor":11,"key":"Gremlin Horn"},{"floor":13,"key":"Juzu Bracelet"}],"event_choices":[{"damage_healed":0,"gold_gain":0,"player_choice":"Rummage","damage_taken":0,"relics_obtained":["WarpedTongs"],"max_hp_gain":0,"max_hp_loss":0,"event_name":"Accursed Blacksmith","floor":2,"gold_loss":0,"cards_obtained":["Pain"]},{"damage_healed":0,"gold_gain":0,"player_choice":"Grow","damage_taken":0,"max_hp_gain":0,"max_hp_loss":0,"event_name":"Living Wall","floor":8,"gold_loss":0,"cards_upgraded":["Neutralize"]},{"damage_healed":0,"gold_gain":0,"player_choice":"Upgraded","damage_taken":0,"max_hp_gain":0,"max_hp_loss":0,"event_name":"Upgrade Shrine","floor":19,"gold_loss":0,"cards_upgraded":["Footwork"]},{"damage_healed":0,"gold_gain":0,"player_choice":"Obtained Relic","damage_taken":0,"relics_obtained":["Letter Opener"],"max_hp_gain":0,"max_hp_loss":0,"event_name":"Addict","floor":21,"gold_loss":85},{"damage_healed":0,"gold_gain":0,"player_choice":"Fight","damage_taken":0,"max_hp_gain":0,"max_hp_loss":0,"event_name":"Colosseum","floor":22,"gold_loss":0},{"damage_healed":0,"gold_gain":0,"player_choice":"Fought Nobs","damage_taken":0,"max_hp_gain":0,"max_hp_loss":0,"event_name":"Colosseum","floor":22,"gold_loss":0}],"is_beta":false,"boss_relics":[{"not_picked":["White Beast Statue","Runic Dome"],"picked":"Astrolabe"}],"items_purged_floors":[3],"is_endless":false,"potions_floor_spawned":[4,7,16,18,22],"killed_by":"Slavers","ascension_level":20}