{"gold_per_floor":[115,40,50,50,25,25,53,53,103,103,116,129,155,175,175,252,252,265,281,18,28,28,28,46,46,46,46],"floor_reached":27,"playtime":1598,"items_purged":["Strike_B"],"score":596,"play_id":"bf8bb06a-6ee6-4ed6-bf18-974090b9f845","local_time":"20190214210243","is_ascension_mode":true,"campfire_choices":[{"data":"Zap","floor":6,"key":"SMITH"},{"data":"Turbo","floor":10,"key":"SMITH"},{"data":"Hologram","floor":15,"key":"SMITH"},{"floor":23,"key":"REST"},{"floor":25,"key":"REST"}],"neow_cost":"NONE","seed_source_timestamp":10895581100774,"circlet_count":0,"master_deck":["AscendersBane","Strike_B","Defend_B","Defend_B","Defend_B","Defend_B","Zap+1","Dualcast+1","Melter","Ball Lightning","Turbo+1","Ball Lightning","Glacier","Hologram+1","Chill+1","Creative AI+1","Cold Snap"],"relics":["FrozenCore","NeowsBlessing","Smiling Mask","Bag of Preparation","War Paint","Runic Capacitor","Gremlin Horn"],"potions_floor_usage":[13,18,21,24],"damage_taken":[{"damage":0,"enemies":"Jaw Worm","floor":1,"turns":1},{"damage":0,"enemies":"2 Louse","floor":3,"turns":1},{"damage":0,"enemies":"Gremlin Nob","floor":7,"turns":1},{"damage":0,"enemies":"Cultist","floor":11,"turns":2},{"damage":0,"enemies":"Lots of Slimes","floor":12,"turns":5},{"damage":17,"enemies":"3 Sentries","floor":13,"turns":9},{"damage":0,"enemies":"Looter","floor":14,"turns":3},{"damage":0,"enemies":"The Guardian","floor":16,"turns":12},{"damage":8,"enemies":"Chosen","floor":18,"turns":7},{"damage":0,"enemies":"Spheric Guardian","floor":19,"turns":1},{"damage":29,"enemies":"Chosen and Byrds","floor":21,"turns":8},{"damage":24,"enemies":"Snake Plant","floor":24,"turns":4},{"damage":55,"enemies":"Book of Stabbing","floor":27,"turns":5}],"seed_played":"7820526607981137993","potions_obtained":[{"floor":1,"key":"Weak Potion"},{"floor":12,"key":"SkillPotion"},{"floor":19,"key":"GamblersBrew"},{"floor":21,"key":"Poison Potion"}],"is_trial":false,"path_per_floor":["M","?","M","?","$","R","E","?","T","R","M","M","E","M","R","B",null,"M","M","$","M","?","R","M","R","T","E"],"character_chosen":"DEFECT","items_purchased":["Turbo","Runic Capacitor"],"campfire_rested":2,"item_purchase_floors":[5,20],"current_hp_per_floor":[64,64,64,69,69,69,69,69,69,69,69,69,52,52,52,52,70,62,62,62,33,33,55,31,53,53,0],"gold":46,"neow_bonus":"THREE_ENEMY_KILL","is_prod":false,"is_daily":false,"chose_seed":false,"campfire_upgraded":3,"win_rate":0,"timestamp":1550174563,"path_taken":["M","?","M","?","$","R","E","?","T","R","M","?","E","M","R","BOSS","M","M","?","M","?","R","?","R","T","E"],"build_version":"2019-01-23","purchased_purges":1,"victory":false,"max_hp_per_floor":[71,71,71,76,76,76,76,76,76,76,76,76,76,76,76,76,76,76,76,76,76,76,76,76,76,76,76],"card_choices":[{"not_picked":["Streamline","Double Energy"],"picked":"Melter","floor":1},{"not_picked":["Streamline","Recycle"],"picked":"Ball Lightning","floor":3},{"not_picked":["Sunder","White Noise"],"picked":"Ball Lightning","floor":7},{"not_picked":["Heatsinks","Gash","Sweeping Beam"],"picked":"SKIP","floor":11},{"not_picked":["Conserve Battery","Go for the Eyes"],"picked":"Hologram","floor":12},{"not_picked":["Force Field","Beam Cell"],"picked":"Chill","floor":13},{"not_picked":["Gash","Stack","Turbo"],"picked":"SKIP","floor":14},{"not_picked":["Reboot","Rainbow"],"picked":"Creative AI","floor":16},{"not_picked":["Sweeping Beam","Gash+1"],"picked":"Cold Snap","floor":18},{"not_picked":["Redo","Gash","Stack"],"picked":"SKIP","floor":19},{"not_picked":["Beam Cell","Turbo","Sweeping Beam"],"picked":"SKIP","floor":21},{"not_picked":["Beam Cell+1","Thunder Strike","Compile Driver"],"picked":"SKIP","floor":24}],"player_experience":1682953,"relics_obtained":[{"floor":7,"key":"Smiling Mask"},{"floor":9,"key":"Bag of Preparation"},{"floor":13,"key":"War Paint"},{"floor":26,"key":"Gremlin Horn"}],"event_choices":[{"cards_removed":["Strike_B"],"damage_healed":0,"gold_gain":0,"player_choice":"Card Removal","damage_taken":0,"max_hp_gain":0,"max_hp_loss":0,"event_name":"The Cleric","floor":2,"gold_loss":75},{"damage_healed":0,"gold_gain":0,"player_choice":"Donut","damage_taken":0,"max_hp_gain":5,"max_hp_loss":0,"event_name":"Big Fish","floor":4,"gold_loss":0},{"damage_healed":0,"gold_gain":0,"cards_transformed":["Strike_B"],"player_choice":"Transformed","damage_taken":0,"max_hp_gain":0,"max_hp_loss":0,"event_name":"Transmorgrifier","floor":8,"gold_loss":0,"cards_obtained":["Glacier"]},{"damage_healed":0,"gold_gain":0,"player_choice":"Forge","damage_taken":0,"max_hp_gain":0,"max_hp_loss":0,"event_name":"Accursed Blacksmith","floor":22,"gold_loss":0,"cards_upgraded":["Creative AI"]}],"is_beta":false,"boss_relics":[{"not_picked":["Ectoplasm","Black Star"],"picked":"FrozenCore"}],"items_purged_floors":[20],"is_endless":false,"potions_floor_spawned":[1,12,19,21],"killed_by":"Book of Stabbing","ascension_level":20}