{"gold_per_floor":[209,3,20,37,51,78,78,110,110,110,122,122,136,163,163,240,240,252,268,107,107,119,145,145,179,179,207,307,318,318,330,330,404,404,415,461,2,20,32,57,57,90,140,140,158,158,170,182,182,182,182,182,182,22,56,56],"floor_reached":56,"playtime":8674,"items_purged":["Strike_G","Strike_G"],"score":2278,"play_id":"a17c270f-da6d-4bb7-b9bf-424c4d5d163b","local_time":"20190228165322","is_ascension_mode":true,"campfire_choices":[{"floor":7.0,"key":"REST"},{"floor":12.0,"key":"REST"},{"data":"Dagger Spray","floor":15.0,"key":"SMITH"},{"data":"Bouncing Flask","floor":24.0,"key":"SMITH"},{"data":"Dodge and Roll","floor":32.0,"key":"SMITH"},{"data":"Apotheosis","floor":41.0,"key":"SMITH"},{"floor":44.0,"key":"RECALL"},{"floor":49.0,"key":"REST"},{"data":"Noxious Fumes","floor":53.0,"key":"SMITH"}],"neow_cost":"NONE","seed_source_timestamp":751996467261399,"circlet_count":0,"master_deck":["AscendersBane","Defend_G","Defend_G","Defend_G","Defend_G","Strike_G","Survivor","Neutralize+1","Poisoned Stab","Bouncing Flask+1","Bane","Dagger Spray+1","Backflip","Noxious Fumes+1","All Out Attack","Backflip","Dodge and Roll","Backstab","Venomology","PiercingWail","Poisoned Stab","Infinite Blades","Endless Agony","Calculated Gamble","Crippling Poison","Escape Plan","PiercingWail","Caltrops+1","Dodge and Roll+1","After Image","Leg Sweep+1","Cloak And Dagger+1","Apotheosis+1","Footwork+1","Backflip","Catalyst","Footwork+1","Cloak And Dagger","Footwork","Acrobatics","Backflip"],"special_seed":0,"relics":["Ring of the Snake","Anchor","Ornamental Fan","Pen Nib","Strawberry","Kunai","Philosopher\u0027s Stone","Mercury Hourglass","Blood Vial","Turnip","FossilizedHelix","Torii","Ninja Scroll","Orichalcum","Empty Cage","Ice Cream","Lantern","Bottled Tornado","Art of War","Pantograph"],"potions_floor_usage":[56,56,56],"damage_taken":[{"damage":0.0,"enemies":"Small Slimes","floor":1.0,"turns":4.0},{"damage":0.0,"enemies":"2 Louse","floor":3.0,"turns":2.0},{"damage":1.0,"enemies":"Cultist","floor":4.0,"turns":3.0},{"damage":0.0,"enemies":"2 Fungi Beasts","floor":5.0,"turns":3.0},{"damage":50.0,"enemies":"Lagavulin","floor":6.0,"turns":7.0},{"damage":24.0,"enemies":"Gremlin Nob","floor":8.0,"turns":4.0},{"damage":0.0,"enemies":"Exordium Wildlife","floor":11.0,"turns":2.0},{"damage":0.0,"enemies":"Large Slime","floor":13.0,"turns":4.0},{"damage":7.0,"enemies":"3 Sentries","floor":14.0,"turns":7.0},{"damage":6.0,"enemies":"Hexaghost","floor":16.0,"turns":9.0},{"damage":3.0,"enemies":"Shell Parasite","floor":18.0,"turns":6.0},{"damage":6.0,"enemies":"Spheric Guardian","floor":19.0,"turns":5.0},{"damage":0.0,"enemies":"Snake Plant","floor":22.0,"turns":3.0},{"damage":10.0,"enemies":"Gremlin Leader","floor":23.0,"turns":7.0},{"damage":2.0,"enemies":"Slavers","floor":25.0,"turns":4.0},{"damage":6.0,"enemies":"Gremlin Leader","floor":27.0,"turns":7.0},{"damage":0.0,"enemies":"Colosseum Slavers","floor":28.0,"turns":4.0},{"damage":0.0,"enemies":"Colosseum Nobs","floor":28.0,"turns":3.0},{"damage":0.0,"enemies":"Chosen and Byrds","floor":29.0,"turns":4.0},{"damage":0.0,"enemies":"Centurion and Healer","floor":31.0,"turns":5.0},{"damage":6.0,"enemies":"Champ","floor":33.0,"turns":13.0},{"damage":0.0,"enemies":"Orb Walker","floor":35.0,"turns":3.0},{"damage":12.0,"enemies":"2 Orb Walkers","floor":36.0,"turns":5.0},{"damage":6.0,"enemies":"3 Darklings","floor":38.0,"turns":5.0},{"damage":0.0,"enemies":"4 Shapes","floor":39.0,"turns":5.0},{"damage":0.0,"enemies":"Nemesis","floor":40.0,"turns":9.0},{"damage":0.0,"enemies":"Reptomancer","floor":42.0,"turns":7.0},{"damage":0.0,"enemies":"Jaw Worm Horde","floor":45.0,"turns":4.0},{"damage":14.0,"enemies":"Transient","floor":47.0,"turns":6.0},{"damage":0.0,"enemies":"4 Shapes","floor":48.0,"turns":7.0},{"damage":0.0,"enemies":"Donu and Deca","floor":50.0,"turns":12.0},{"damage":0.0,"enemies":"Awakened One","floor":51.0,"turns":22.0},{"damage":21.0,"enemies":"Shield and Spear","floor":55.0,"turns":8.0},{"damage":75,"enemies":"The Heart","floor":56,"turns":5}],"seed_played":"7231740707860602652","potions_obtained":[{"floor":5.0,"key":"GamblersBrew"},{"floor":8.0,"key":"FearPotion"},{"floor":11.0,"key":"Dexterity Potion"},{"floor":14.0,"key":"EssenceOfSteel"},{"floor":16.0,"key":"Swift Potion"},{"floor":18.0,"key":"Block Potion"},{"floor":19.0,"key":"SteroidPotion"},{"floor":27.0,"key":"SpeedPotion"},{"floor":33.0,"key":"EntropicBrew"},{"floor":36.0,"key":"FearPotion"},{"floor":42.0,"key":"Energy Potion"},{"floor":48.0,"key":"Block Potion"}],"is_trial":false,"path_per_floor":["M","$","M","M","M","E","R","E","T","?","M","R","M","E","R","B",null,"M","M","$","?","M","E","R","E","T","E","?","M","T","M","R","B",null,"M","?","$","M","M","E","R","E","T","R","M","?","M","M","R","B","B",null,"R","$","E","B"],"character_chosen":"THE_SILENT","items_purchased":["Anchor","Bouncing Flask","Infinite Blades","Lantern","Apotheosis","Acrobatics","PowerPotion","Poison Potion"],"campfire_rested":3,"item_purchase_floors":[2,2,20,37,37,54,54,54],"current_hp_per_floor":[59,59,59,58,58,8,27,3,10,10,10,31,31,24,24,18,59,71,65,65,65,65,55,55,53,53,49,53,55,55,57,57,53,68,70,60,60,56,58,60,60,62,62,62,64,64,52,54,73,73,73,73,73,73,52,0],"gold":56,"neow_bonus":"HUNDRED_GOLD","is_prod":false,"is_daily":false,"chose_seed":false,"campfire_upgraded":5,"win_rate":0,"timestamp":1551369202,"path_taken":["M","$","M","M","M","E","R","E","T","?","M","R","M","E","R","BOSS","M","M","$","?","?","E","R","E","T","E","?","M","?","M","R","BOSS","M","?","$","M","M","E","R","E","T","R","M","?","M","?","R","BOSS","BOSS","R","$","E","BOSS"],"build_version":"2019-01-23","purchased_purges":2,"victory":false,"max_hp_per_floor":[66,66,66,66,66,66,66,66,73,73,73,73,73,73,73,73,73,73,73,73,73,73,73,73,73,73,73,73,73,73,73,73,73,73,73,73,73,73,73,73,73,73,73,73,73,73,73,73,73,73,73,73,73,73,73,73],"card_choices":[{"not_picked":["Backflip","Flying Knee"],"picked":"Poisoned Stab","floor":1.0},{"not_picked":["Infinite Blades","Poisoned Stab"],"picked":"Bane","floor":3.0},{"not_picked":["Backflip","Bouncing Flask"],"picked":"Dagger Spray","floor":4.0},{"not_picked":["Acrobatics","Escape Plan"],"picked":"Backflip","floor":5.0},{"not_picked":["Blur","Deadly Poison"],"picked":"Noxious Fumes","floor":6.0},{"not_picked":["Dagger Throw","Blur"],"picked":"All Out Attack","floor":8.0},{"not_picked":["Deadly Poison","Dagger Throw"],"picked":"Backflip","floor":11.0},{"not_picked":["Outmaneuver","Prepared"],"picked":"Dodge and Roll","floor":13.0},{"not_picked":["Prepared","Escape Plan"],"picked":"Backstab","floor":14.0},{"not_picked":["Unload","Phantasmal Killer"],"picked":"Venomology","floor":16.0},{"not_picked":["Prepared","Deflect+1"],"picked":"PiercingWail","floor":18.0},{"not_picked":["Outmaneuver","Bane"],"picked":"Poisoned Stab","floor":19.0},{"not_picked":["Underhanded Strike","Dodge and Roll"],"picked":"Endless Agony","floor":22.0},{"not_picked":["Dagger Spray","Finisher+1"],"picked":"Calculated Gamble","floor":23.0},{"not_picked":["Flechettes+1","Poisoned Stab"],"picked":"Crippling Poison","floor":25.0},{"not_picked":["Flechettes","Dagger Spray"],"picked":"Escape Plan","floor":27.0},{"not_picked":["Calculated Gamble","Prepared"],"picked":"PiercingWail","floor":28.0},{"not_picked":["Tactician","Predator"],"picked":"Caltrops+1","floor":29.0},{"not_picked":["Tools of the Trade","Outmaneuver"],"picked":"Dodge and Roll","floor":31.0},{"not_picked":["Night Terror","Envenom"],"picked":"After Image","floor":33.0},{"not_picked":["Sucker Punch","Deflect"],"picked":"Leg Sweep+1","floor":35.0},{"not_picked":["Acrobatics","Crippling Poison"],"picked":"Cloak And Dagger+1","floor":36.0},{"not_picked":["Dagger Throw","Terror","Finisher+1"],"picked":"SKIP","floor":38.0},{"not_picked":["Acrobatics","Well Laid Plans"],"picked":"Footwork+1","floor":39.0},{"not_picked":["Crippling Poison+1","Dagger Throw"],"picked":"Backflip","floor":40.0},{"not_picked":["Poisoned Stab","Outmaneuver","Sucker Punch"],"picked":"SKIP","floor":42.0},{"not_picked":["Tactician","Prepared+1"],"picked":"Catalyst","floor":45.0},{"not_picked":["Envenom","Outmaneuver"],"picked":"Cloak And Dagger","floor":47.0},{"not_picked":["Dagger Spray+1","Sucker Punch"],"picked":"Footwork","floor":48.0},{"not_picked":["Flechettes","Infinite Blades"],"picked":"Backflip","floor":55.0}],"player_experience":1744774,"relics_obtained":[{"floor":6.0,"key":"Ornamental Fan"},{"floor":8.0,"key":"Pen Nib"},{"floor":9.0,"key":"Strawberry"},{"floor":14.0,"key":"Kunai"},{"floor":23.0,"key":"Mercury Hourglass"},{"floor":25.0,"key":"Blood Vial"},{"floor":26.0,"key":"Turnip"},{"floor":27.0,"key":"FossilizedHelix"},{"floor":28.0,"key":"Torii"},{"floor":28.0,"key":"Ninja Scroll"},{"floor":30.0,"key":"Orichalcum"},{"floor":36.0,"key":"Ice Cream"},{"floor":40.0,"key":"Bottled Tornado"},{"floor":42.0,"key":"Art of War"},{"floor":55.0,"key":"Pantograph"}],"event_choices":[{"damage_healed":0.0,"max_hp_gain":0.0,"max_hp_loss":0.0,"gold_gain":0.0,"event_name":"Living Wall","player_choice":"Grow","floor":10.0,"gold_loss":0.0,"damage_taken":0.0,"cards_upgraded":["Neutralize"]},{"cards_removed":["Strike_G"],"damage_healed":0.0,"max_hp_gain":0.0,"max_hp_loss":0.0,"gold_gain":0.0,"event_name":"Bonfire Elementals","player_choice":"Offered Basic","floor":21.0,"gold_loss":0.0,"damage_taken":0.0},{"damage_healed":0.0,"max_hp_gain":0.0,"max_hp_loss":0.0,"gold_gain":0.0,"event_name":"Colosseum","player_choice":"Fight","floor":28.0,"gold_loss":0.0,"damage_taken":0.0},{"damage_healed":0.0,"max_hp_gain":0.0,"max_hp_loss":0.0,"gold_gain":0.0,"event_name":"Colosseum","player_choice":"Fought Nobs","floor":28.0,"gold_loss":0.0,"damage_taken":0.0},{"damage_healed":0.0,"max_hp_gain":0.0,"max_hp_loss":0.0,"gold_gain":0.0,"event_name":"Mysterious Sphere","player_choice":"Fight","floor":36.0,"gold_loss":0.0,"damage_taken":0.0},{"damage_healed":0.0,"max_hp_gain":0.0,"max_hp_loss":0.0,"gold_gain":0.0,"event_name":"Duplicator","player_choice":"Copied","floor":46.0,"gold_loss":0.0,"damage_taken":0.0,"cards_obtained":["Footwork"]}],"is_beta":false,"boss_relics":[{"not_picked":["Fusion Hammer","Orrery"],"picked":"Philosopher\u0027s Stone"},{"not_picked":["Coffee Dripper","Black Star"],"picked":"Empty Cage"}],"items_purged_floors":[20,37],"is_endless":false,"potions_floor_spawned":[5,8,11,14,16,18,19,27,33,36,42,48],"killed_by":"The Heart","ascension_level":20}