{"gold_per_floor":[18,31,31,43,43,68,68,68,114,114,124,151,76,105,105,105],"floor_reached":16,"playtime":825,"items_purged":["Defend_G"],"score":236,"play_id":"cb3c2319-bec4-4a4d-ac3d-5754163871ea","local_time":"20190326174526","is_ascension_mode":true,"campfire_choices":[{"floor":7,"key":"REST"},{"floor":10,"key":"REST"},{"floor":15,"key":"REST"}],"neow_cost":"NO_GOLD","seed_source_timestamp":161292491939362,"circlet_count":0,"master_deck":["AscendersBane","Defend_G","Defend_G","Defend_G","Defend_G","Strike_G","Strike_G","Strike_G","Strike_G","Survivor","Neutralize","Die Die Die","Terror","Flying Knee","Flechettes","Deadly Poison","Leg Sweep","Leg Sweep"],"relics":["Ring of the Snake","Omamori","PreservedInsect","Oddly Smooth Stone","Bronze Scales","Centennial Puzzle"],"potions_floor_usage":[6,16,16],"damage_taken":[{"damage":0,"enemies":"2 Louse","floor":1,"turns":2},{"damage":0,"enemies":"Small Slimes","floor":2,"turns":3},{"damage":4,"enemies":"Jaw Worm","floor":4,"turns":3},{"damage":37,"enemies":"3 Sentries","floor":6,"turns":17},{"damage":0,"enemies":"3 Louse","floor":11,"turns":1},{"damage":16,"enemies":"Lagavulin","floor":12,"turns":6},{"damage":14,"enemies":"3 Sentries","floor":14,"turns":3},{"damage":50,"enemies":"Slime Boss","floor":16,"turns":10}],"seed_played":"-7603944928360578725","potions_obtained":[{"floor":1,"key":"GhostInAJar"},{"floor":2,"key":"Fire Potion"},{"floor":11,"key":"Weak Potion"}],"is_trial":false,"path_per_floor":["M","M","?","M","?","E","R","?","T","R","M","E","$","E","R","B"],"character_chosen":"THE_SILENT","items_purchased":[],"campfire_rested":3,"item_purchase_floors":[],"current_hp_per_floor":[59,59,64,60,53,16,37,32,32,53,53,37,37,23,44,0],"gold":105,"neow_bonus":"THREE_RARE_CARDS","is_prod":false,"is_daily":false,"chose_seed":false,"campfire_upgraded":0,"win_rate":0,"timestamp":1553618726,"path_taken":["M","M","?","M","?","E","R","?","T","R","M","E","$","E","R","BOSS"],"build_version":"2019-01-23","purchased_purges":1,"victory":false,"max_hp_per_floor":[66,66,71,71,71,71,71,71,71,71,71,71,71,71,71,71],"card_choices":[{"not_picked":["Unload","Doppelganger"],"picked":"Die Die Die","floor":0},{"not_picked":["Finisher","Outmaneuver","Dodge and Roll"],"picked":"SKIP","floor":1},{"not_picked":["Slice","Dagger Spray"],"picked":"Terror","floor":2},{"not_picked":["Caltrops","Sucker Punch"],"picked":"Flying Knee","floor":4},{"not_picked":["Deflect","Night Terror"],"picked":"Flechettes","floor":6},{"not_picked":["Outmaneuver","Cloak And Dagger"],"picked":"Deadly Poison","floor":11},{"not_picked":["Backflip","Flying Knee"],"picked":"Leg Sweep","floor":12},{"not_picked":["Underhanded Strike","Flying Knee"],"picked":"Leg Sweep","floor":14}],"player_experience":2200525,"relics_obtained":[{"floor":6,"key":"Omamori"},{"floor":9,"key":"Oddly Smooth Stone"},{"floor":12,"key":"Bronze Scales"},{"floor":14,"key":"Centennial Puzzle"}],"event_choices":[{"damage_healed":0,"gold_gain":0,"player_choice":"Donut","damage_taken":0,"max_hp_gain":5,"max_hp_loss":0,"event_name":"Big Fish","floor":3,"gold_loss":0},{"cards_removed":["Strike_G"],"damage_healed":0,"gold_gain":0,"player_choice":"Card Removal","damage_taken":7,"max_hp_gain":0,"max_hp_loss":0,"event_name":"Golden Wing","floor":5,"gold_loss":0},{"damage_healed":0,"gold_gain":0,"player_choice":"Success","damage_taken":5,"relics_obtained":["PreservedInsect"],"max_hp_gain":0,"max_hp_loss":0,"event_name":"Scrap Ooze","floor":8,"gold_loss":0}],"is_beta":false,"boss_relics":[],"items_purged_floors":[13],"is_endless":false,"potions_floor_spawned":[1,2,11,12],"killed_by":"Slime Boss","ascension_level":20}