{"gold_per_floor":[115,265,190,190,210,227,257,257,304,304,304],"floor_reached":11,"playtime":402,"items_purged":[],"score":135,"play_id":"48aa9211-5421-4ff1-b33f-ba751d9942ff","local_time":"20190518014831","is_ascension_mode":true,"campfire_choices":[{"floor":8,"key":"REST"},{"data":"Body Slam","floor":10,"key":"SMITH"}],"neow_cost":"NONE","seed_source_timestamp":30456519212294,"circlet_count":0,"master_deck":["AscendersBane","Strike_R","Strike_R","Strike_R","Strike_R","Strike_R","Defend_R","Defend_R","Defend_R","Defend_R","Bash+1","Clothesline","Body Slam+1","Uppercut"],"relics":["Burning Blood","Centennial Puzzle","Dream Catcher"],"potions_floor_usage":[7],"damage_taken":[{"damage":1,"enemies":"2 Louse","floor":1,"turns":4},{"damage":4,"enemies":"Small Slimes","floor":5,"turns":4},{"damage":4,"enemies":"Jaw Worm","floor":6,"turns":3},{"damage":49,"enemies":"Lagavulin","floor":7,"turns":10},{"damage":50,"enemies":"3 Sentries","floor":11,"turns":9}],"seed_played":"6265497581362613596","potions_obtained":[{"floor":1,"key":"GamblersBrew"}],"is_trial":false,"path_per_floor":["M","?","?","$","M","M","E","R","T","R","E"],"character_chosen":"IRONCLAD","items_purchased":[],"campfire_rested":1,"item_purchase_floors":[],"current_hp_per_floor":[73,73,73,73,75,75,32,54,54,54,4],"gold":304,"neow_bonus":"UPGRADE_CARD","is_prod":false,"is_daily":false,"chose_seed":false,"campfire_upgraded":1,"win_rate":0,"timestamp":1558169311,"path_taken":["M","?","?","?","?","M","E","R","T","R","E"],"build_version":"2019-01-23","purchased_purges":0,"victory":false,"max_hp_per_floor":[75,75,75,75,75,75,75,75,75,75,75],"card_choices":[{"not_picked":["Feel No Pain","Heavy Blade"],"picked":"Clothesline","floor":1},{"not_picked":["Feel No Pain","Clothesline","Warcry"],"picked":"SKIP","floor":5},{"not_picked":["Sword Boomerang","Second Wind"],"picked":"Body Slam","floor":6},{"not_picked":["Hemokinesis","Juggernaut"],"picked":"Uppercut","floor":7}],"player_experience":772409,"relics_obtained":[{"floor":7,"key":"Centennial Puzzle"},{"floor":9,"key":"Dream Catcher"}],"event_choices":[{"damage_healed":0,"gold_gain":150,"player_choice":"AGREE","damage_taken":0,"max_hp_gain":0,"max_hp_loss":0,"event_name":"Liars Game","floor":2,"gold_loss":0,"cards_obtained":["Doubt"]},{"cards_removed":["Doubt"],"damage_healed":0,"gold_gain":0,"player_choice":"Card Removal","damage_taken":0,"max_hp_gain":0,"max_hp_loss":0,"event_name":"The Cleric","floor":3,"gold_loss":75}],"is_beta":false,"boss_relics":[],"items_purged_floors":[],"is_endless":false,"potions_floor_spawned":[1],"killed_by":"3 Sentries","ascension_level":18}