{"gold_per_floor":[113,113,131,151,76,105,119,138,164,176,204,216,239,263,275,364,376,401,428,440,452,464,476],"floor_reached":23,"playtime":1060,"items_purged":[],"score":453,"play_id":"3b3ae57b-20e4-4859-a90a-a729f76ef39f","local_time":"20190420030701","is_ascension_mode":true,"campfire_choices":[{"data":"Demon Form","floor":10.0,"key":"SMITH"},{"data":"Inflame","floor":12.0,"key":"SMITH"},{"data":"Metallicize","floor":15.0,"key":"SMITH"}],"neow_cost":"NONE","seed_source_timestamp":55774242595593,"circlet_count":0,"master_deck":["AscendersBane","Strike_R","Strike_R","Strike_R","Strike_R","Strike_R","Defend_R","Defend_R","Defend_R","Defend_R","Bash","Fiend Fire","Body Slam","Disarm","Metallicize+1","Demon Form+1","Iron Wave","Shrug It Off","Inflame+1","Impervious","Headbutt","Warcry+1","Metallicize"],"special_seed":0,"relics":["Black Blood","WarpedTongs","Nunchaku","MawBank"],"potions_floor_usage":[20],"damage_taken":[{"damage":1.0,"enemies":"Cultist","floor":1.0,"turns":3.0},{"damage":12.0,"enemies":"2 Louse","floor":3.0,"turns":4.0},{"damage":7.0,"enemies":"Small Slimes","floor":4.0,"turns":3.0},{"damage":19.0,"enemies":"3 Sentries","floor":6.0,"turns":12.0},{"damage":1.0,"enemies":"2 Fungi Beasts","floor":7.0,"turns":4.0},{"damage":0.0,"enemies":"Looter","floor":8.0,"turns":3.0},{"damage":4.0,"enemies":"3 Louse","floor":11.0,"turns":3.0},{"damage":10.0,"enemies":"Gremlin Gang","floor":13.0,"turns":5.0},{"damage":9.0,"enemies":"Exordium Wildlife","floor":14.0,"turns":3.0},{"damage":0.0,"enemies":"Slime Boss","floor":16.0,"turns":7.0},{"damage":25.0,"enemies":"Chosen","floor":18.0,"turns":5.0},{"damage":7.0,"enemies":"3 Byrds","floor":19.0,"turns":8.0},{"damage":11,"enemies":"Colosseum Slavers","floor":20,"turns":5},{"damage":18,"enemies":"Gremlin Leader","floor":23,"turns":4}],"seed_played":"-3250466654290235073","potions_obtained":[{"floor":1.0,"key":"SpeedPotion"},{"floor":6.0,"key":"SteroidPotion"},{"floor":7.0,"key":"SpeedPotion"},{"floor":13.0,"key":"GamblersBrew"},{"floor":18.0,"key":"FearPotion"}],"is_trial":false,"path_per_floor":["M","?","M","M","?","E","M","M","T","R","M","R","M","M","R","B",null,"M","M","?","?","?","E"],"character_chosen":"IRONCLAD","items_purchased":[],"campfire_rested":0,"item_purchase_floors":[],"current_hp_per_floor":[73,73,67,66,66,53,58,64,64,64,66,66,62,59,59,65,73,58,61,60,60,60,42],"gold":476,"neow_bonus":"ONE_RANDOM_RARE_CARD","is_prod":false,"is_daily":false,"chose_seed":false,"campfire_upgraded":3,"win_rate":0,"timestamp":1555754821,"path_taken":["M","?","M","?","?","E","M","M","T","R","M","R","M","M","R","BOSS","M","M","?","?","?","E"],"build_version":"2019-01-23","purchased_purges":0,"victory":false,"max_hp_per_floor":[75,75,75,75,75,75,75,75,75,75,75,75,75,75,75,75,75,75,75,75,75,75,75],"card_choices":[{"not_picked":["Blood for Blood","Shockwave"],"picked":"Body Slam","floor":1.0},{"not_picked":["Burning Pact","True Grit"],"picked":"Disarm","floor":3.0},{"not_picked":["Anger","Whirlwind"],"picked":"Metallicize","floor":4.0},{"not_picked":["Seeing Red","Rupture"],"picked":"Demon Form","floor":6.0},{"not_picked":["Sentinel","Twin Strike"],"picked":"Iron Wave","floor":7.0},{"not_picked":["Uppercut","Whirlwind"],"picked":"Shrug It Off","floor":8.0},{"not_picked":["Headbutt","Perfected Strike"],"picked":"Inflame","floor":11.0},{"not_picked":["Infernal Blade","Twin Strike"],"picked":"Impervious","floor":13.0},{"not_picked":["Flex","Second Wind"],"picked":"Headbutt","floor":14.0},{"not_picked":["Shrug It Off","Clash"],"picked":"Warcry+1","floor":18.0},{"not_picked":["Flex","True Grit","Sword Boomerang"],"picked":"SKIP","floor":19.0}],"player_experience":731614,"relics_obtained":[{"floor":6.0,"key":"Nunchaku"},{"floor":9.0,"key":"MawBank"}],"event_choices":[{"damage_healed":0.0,"max_hp_gain":0.0,"max_hp_loss":0.0,"gold_gain":0.0,"event_name":"Accursed Blacksmith","player_choice":"Rummage","floor":2.0,"gold_loss":0.0,"damage_taken":0.0,"relics_obtained":["WarpedTongs"],"cards_obtained":["Pain"]},{"cards_removed":["Pain"],"damage_healed":0.0,"max_hp_gain":0.0,"max_hp_loss":0.0,"gold_gain":0.0,"event_name":"The Cleric","player_choice":"Card Removal","floor":5.0,"gold_loss":75.0,"damage_taken":0.0},{"damage_healed":0,"gold_gain":0,"player_choice":"Fight","damage_taken":0,"max_hp_gain":0,"max_hp_loss":0,"event_name":"Colosseum","floor":20,"gold_loss":0},{"damage_healed":0,"gold_gain":0,"player_choice":"Fled From Nobs","damage_taken":0,"max_hp_gain":0,"max_hp_loss":0,"event_name":"Colosseum","floor":20,"gold_loss":0},{"damage_healed":0,"gold_gain":0,"player_choice":"Read","damage_taken":0,"max_hp_gain":0,"max_hp_loss":0,"event_name":"The Library","floor":21,"gold_loss":0,"cards_obtained":["Metallicize"]},{"damage_healed":0,"gold_gain":0,"player_choice":"Ignored","damage_taken":0,"max_hp_gain":0,"max_hp_loss":0,"event_name":"Ghosts","floor":22,"gold_loss":0}],"is_beta":false,"boss_relics":[{"not_picked":["Runic Pyramid","Eternal Feather"],"picked":"Black Blood"}],"items_purged_floors":[],"is_endless":false,"potions_floor_spawned":[1,6,7,13,18],"killed_by":"Gremlin Leader","ascension_level":17}