{"gold_per_floor":[119,135,155,230,245,272,283,308,308,319,344,373,390,78,78,181,181,197,207,207,207,207],"floor_reached":22,"playtime":6695,"items_purged":["Strike_G"],"score":208,"play_id":"dc4c8c77-9fa5-43ea-b252-0422485ee714","local_time":"20190510101429","is_ascension_mode":false,"campfire_choices":[{"data":"Noxious Fumes","floor":15.0,"key":"SMITH"}],"neow_cost":"NONE","seed_source_timestamp":65462161002386,"circlet_count":0,"master_deck":["Defend_G","Defend_G","Defend_G","Defend_G","Defend_G","Strike_G","Strike_G","Strike_G","Strike_G","Survivor","Neutralize","Deadly Poison","Predator","Deadly Poison","Backflip","Flechettes","Caltrops","Envenom","Backstab","Noxious Fumes+1","Electrodynamics","Riddle With Holes"],"special_seed":0,"relics":["Ring of the Snake","Lantern","Gambling Chip","Gremlin Horn","Potion Belt","Juzu Bracelet","Bronze Scales","PrismaticShard","Fusion Hammer","Dream Catcher"],"potions_floor_usage":[],"damage_taken":[{"damage":0.0,"enemies":"Cultist","floor":1.0,"turns":5.0},{"damage":0.0,"enemies":"Jaw Worm","floor":2.0,"turns":5.0},{"damage":0.0,"enemies":"Small Slimes","floor":3.0,"turns":3.0},{"damage":0.0,"enemies":"2 Fungi Beasts","floor":5.0,"turns":5.0},{"damage":24.0,"enemies":"3 Sentries","floor":6.0,"turns":12.0},{"damage":0.0,"enemies":"Looter","floor":7.0,"turns":4.0},{"damage":16.0,"enemies":"Gremlin Nob","floor":8.0,"turns":3.0},{"damage":0.0,"enemies":"Exordium Thugs","floor":10.0,"turns":3.0},{"damage":9.0,"enemies":"3 Sentries","floor":12.0,"turns":9.0},{"damage":0.0,"enemies":"Blue Slaver","floor":13.0,"turns":3.0},{"damage":3.0,"enemies":"The Guardian","floor":16.0,"turns":7.0},{"damage":17.0,"enemies":"2 Thieves","floor":18.0,"turns":3.0},{"damage":14.0,"enemies":"Chosen","floor":19.0,"turns":4.0},{"damage":28,"enemies":"Sentry and Sphere","floor":22,"turns":5}],"seed_played":"-2074638868838454659","potions_obtained":[{"floor":3.0,"key":"Block Potion"},{"floor":7.0,"key":"SkillPotion"},{"floor":8.0,"key":"Poison Potion"},{"floor":10.0,"key":"Dexterity Potion"},{"floor":12.0,"key":"EssenceOfSteel"},{"floor":18.0,"key":"LiquidBronze"}],"is_trial":false,"path_per_floor":["M","M","M","?","M","E","M","E","T","M","T","E","M","$","R","B",null,"M","M","T","?","M"],"character_chosen":"THE_SILENT","items_purchased":["Noxious Fumes","PrismaticShard"],"campfire_rested":0,"item_purchase_floors":[14,14],"current_hp_per_floor":[70,70,70,59,59,35,35,19,19,19,19,10,10,10,10,7,70,53,39,39,26,0],"gold":207,"neow_bonus":"RANDOM_COMMON_RELIC","is_prod":false,"is_daily":false,"chose_seed":false,"campfire_upgraded":1,"win_rate":0.0,"timestamp":1557463469,"path_taken":["M","?","M","?","M","E","M","E","T","M","?","E","M","$","R","BOSS","M","M","?","?","M"],"build_version":"2019-01-23","purchased_purges":1,"victory":false,"max_hp_per_floor":[70,70,70,70,70,70,70,70,70,70,70,70,70,70,70,70,70,70,70,70,75,75],"card_choices":[{"not_picked":["Blade Dance","Slice"],"picked":"Deadly Poison","floor":1.0},{"not_picked":["Prepared","Blur"],"picked":"Predator","floor":2.0},{"not_picked":["Backflip","Escape Plan","Calculated Gamble"],"picked":"SKIP","floor":3.0},{"not_picked":["Dash","PiercingWail"],"picked":"Deadly Poison","floor":5.0},{"not_picked":["Backflip","Eviscerate","Acrobatics"],"picked":"SKIP","floor":6.0},{"not_picked":["Eviscerate","Acrobatics"],"picked":"Backflip","floor":6.0},{"not_picked":["Dagger Throw","Riddle With Holes"],"picked":"Flechettes","floor":7.0},{"not_picked":["Riddle With Holes","Calculated Gamble","Eviscerate"],"picked":"SKIP","floor":8.0},{"not_picked":["Flying Knee","Calculated Gamble"],"picked":"Caltrops","floor":10.0},{"not_picked":["Sucker Punch","Deadly Poison"],"picked":"Envenom","floor":12.0},{"not_picked":["Deadly Poison","Caltrops"],"picked":"Backstab","floor":13.0},{"not_picked":["Bludgeon","Limit Break"],"picked":"Electrodynamics","floor":16.0},{"not_picked":["Hologram","Dagger Throw","Anger"],"picked":"SKIP","floor":18.0},{"not_picked":["Slice","PiercingWail"],"picked":"Riddle With Holes","floor":19.0}],"player_experience":87201,"relics_obtained":[{"floor":6.0,"key":"Gambling Chip"},{"floor":8.0,"key":"Gremlin Horn"},{"floor":9.0,"key":"Potion Belt"},{"floor":11.0,"key":"Juzu Bracelet"},{"floor":12.0,"key":"Bronze Scales"},{"floor":20.0,"key":"Dream Catcher"}],"event_choices":[{"damage_healed":0.0,"max_hp_gain":0.0,"max_hp_loss":0.0,"gold_gain":75.0,"event_name":"World of Goop","player_choice":"Gather Gold","floor":4.0,"gold_loss":0.0,"damage_taken":11.0},{"damage_healed":0.0,"max_hp_gain":5.0,"max_hp_loss":0.0,"gold_gain":0.0,"event_name":"Forgotten Altar","player_choice":"Shed Blood","floor":21.0,"gold_loss":0.0,"damage_taken":18.0}],"is_beta":false,"boss_relics":[{"not_picked":["Calling Bell","Lizard Tail"],"picked":"Fusion Hammer"}],"items_purged_floors":[14],"is_endless":false,"potions_floor_spawned":[3,7,8,10,12,18],"killed_by":"Sentry and Sphere","ascension_level":0}