{"gold_per_floor":[109,109,109,68,33,33,63,74,98,114,130,165,165,176,176,253,253,271,285,285,265,23,23],"floor_reached":23,"playtime":1008,"items_purged":["Writhe"],"score":378,"play_id":"22cc0121-f22f-458c-8854-54685e797a24","local_time":"20190504120204","is_ascension_mode":true,"campfire_choices":[{"data":"Defragment","floor":6.0,"key":"SMITH"},{"data":"Zap","floor":13.0,"key":"SMITH"},{"data":"Reinforced Body","floor":15.0,"key":"SMITH"}],"neow_cost":"NONE","seed_source_timestamp":2126728639777392,"circlet_count":0,"master_deck":["AscendersBane","Strike_B","Strike_B","Strike_B","Defend_B","Defend_B","Defend_B","Defend_B","Zap+1","Dualcast","Defragment+1","Reinforced Body+1","Ball Lightning","Ball Lightning","Ball Lightning","BootSequence","Biased Cognition","Tempest"],"special_seed":0,"relics":["Eternal Feather","Du-Vu Doll","Inserter","DataDisk","Lantern"],"potions_floor_usage":[23,23],"damage_taken":[{"damage":9.0,"enemies":"2 Louse","floor":1.0,"turns":4.0},{"damage":7.0,"enemies":"Small Slimes","floor":8.0,"turns":4.0},{"damage":7.0,"enemies":"Jaw Worm","floor":10.0,"turns":3.0},{"damage":6.0,"enemies":"Large Slime","floor":11.0,"turns":5.0},{"damage":15.0,"enemies":"Lagavulin","floor":12.0,"turns":6.0},{"damage":6.0,"enemies":"Exordium Wildlife","floor":14.0,"turns":3.0},{"damage":41.0,"enemies":"Hexaghost","floor":16.0,"turns":8.0},{"damage":18.0,"enemies":"Spheric Guardian","floor":18.0,"turns":4.0},{"damage":24.0,"enemies":"2 Thieves","floor":19.0,"turns":5.0},{"damage":24,"enemies":"Chosen and Byrds","floor":23,"turns":2}],"seed_played":"4399083678710987047","potions_obtained":[{"floor":10.0,"key":"Swift Potion"},{"floor":12.0,"key":"EssenceOfSteel"},{"floor":16.0,"key":"Ancient Potion"},{"floor":19.0,"key":"SpeedPotion"},{"floor":21.0,"key":"FocusPotion"}],"is_trial":false,"path_per_floor":["M","?","?","$","?","R","?","M","T","M","M","E","R","M","R","B",null,"M","M","?","?","$","M"],"character_chosen":"DEFECT","items_purchased":["Reinforced Body","Lantern"],"campfire_rested":0,"item_purchase_floors":[4,22],"current_hp_per_floor":[55,60,53,53,72,76,76,69,69,62,56,41,50,44,53,12,60,42,18,18,18,18,0],"gold":23,"neow_bonus":"BOSS_RELIC","is_prod":false,"is_daily":false,"chose_seed":false,"campfire_upgraded":3,"win_rate":0,"timestamp":1556964124,"path_taken":["M","?","?","$","?","R","?","?","T","M","M","E","R","M","R","BOSS","M","M","?","?","$","?"],"build_version":"2019-01-23","purchased_purges":1,"victory":false,"max_hp_per_floor":[71,76,76,76,76,76,76,76,76,76,76,76,76,76,76,76,76,76,76,76,76,76,76],"card_choices":[{"not_picked":["Ball Lightning","Gash"],"picked":"Defragment","floor":1.0},{"not_picked":["Lockon","Reprogram"],"picked":"Ball Lightning","floor":8.0},{"not_picked":["Steam","Fusion"],"picked":"Ball Lightning","floor":10.0},{"not_picked":["Hologram","Fission"],"picked":"Ball Lightning","floor":11.0},{"not_picked":["Sunder","Force Field"],"picked":"BootSequence","floor":12.0},{"not_picked":["Redo","Rebound","Sweeping Beam"],"picked":"SKIP","floor":14.0},{"not_picked":["Rainbow","Core Surge"],"picked":"Biased Cognition","floor":16.0},{"not_picked":["Stack","Beam Cell","Compile Driver"],"picked":"SKIP","floor":18.0},{"not_picked":["Go for the Eyes","Sweeping Beam"],"picked":"Tempest","floor":19.0}],"player_experience":2640953,"relics_obtained":[{"floor":12.0,"key":"Du-Vu Doll"}],"event_choices":[{"damage_healed":0.0,"max_hp_gain":5.0,"max_hp_loss":0.0,"gold_gain":0.0,"event_name":"Big Fish","player_choice":"Donut","floor":2.0,"gold_loss":0.0,"damage_taken":0.0},{"cards_removed":["Strike_B"],"damage_healed":0.0,"max_hp_gain":0.0,"max_hp_loss":0.0,"gold_gain":0.0,"event_name":"Golden Wing","player_choice":"Card Removal","floor":3.0,"gold_loss":0.0,"damage_taken":7.0},{"damage_healed":19.0,"max_hp_gain":0.0,"max_hp_loss":0.0,"gold_gain":0.0,"event_name":"The Cleric","player_choice":"Healed","floor":5.0,"gold_loss":35.0,"damage_taken":0.0},{"damage_healed":0.0,"max_hp_gain":0.0,"max_hp_loss":0.0,"gold_gain":30.0,"event_name":"Dead Adventurer","player_choice":"Searched \u00272\u0027 times","floor":7.0,"gold_loss":0.0,"damage_taken":0.0},{"damage_healed":0.0,"max_hp_gain":0.0,"max_hp_loss":0.0,"gold_gain":0.0,"event_name":"The Mausoleum","player_choice":"Opened","floor":20.0,"gold_loss":0.0,"damage_taken":0.0,"relics_obtained":["DataDisk"],"cards_obtained":["Writhe"]},{"damage_healed":0.0,"max_hp_gain":0.0,"max_hp_loss":0.0,"gold_gain":0.0,"event_name":"The Woman in Blue","player_choice":"Bought 1 Potion","floor":21.0,"gold_loss":0.0,"damage_taken":0.0}],"is_beta":false,"boss_relics":[{"not_picked":["White Beast Statue","Sozu"],"picked":"Inserter"}],"items_purged_floors":[22],"is_endless":false,"potions_floor_spawned":[10,12,16,19],"killed_by":"Chosen and Byrds","ascension_level":20}