{"gold_per_floor":[119,137,148,148,148,173,173,201,226,256,268,280,292,327,339,444,456,483,545,573,135,149,189,189,189,189,189],"floor_reached":27,"playtime":1709,"items_purged":["Pain"],"score":458,"play_id":"01ae2cb4-3c1c-4bf0-9cff-7d27bd5b180c","local_time":"20190427210925","is_ascension_mode":true,"campfire_choices":[{"data":"Predator","floor":7.0,"key":"SMITH"},{"floor":11.0,"key":"REST"},{"data":"Footwork","floor":15.0,"key":"SMITH"},{"floor":25,"key":"REST"}],"neow_cost":"NONE","seed_source_timestamp":0,"circlet_count":0,"master_deck":["AscendersBane","Defend_G","Defend_G","Defend_G","Defend_G","Defend_G","Strike_G","Strike_G","Survivor","Neutralize","Leg Sweep","Predator+1","Sucker Punch","Tools of the Trade","Terror","Injury","Footwork+1","Envenom","Distraction+1","Tools of the Trade+1","Masterful Stab+1","Deflect","Crippling Poison+1","Dodge and Roll+1"],"special_seed":0,"relics":["Ring of the Snake","Art of War","Centennial Puzzle","MawBank","Golden Idol","WarpedTongs","Astrolabe","Meat on the Bone","Letter Opener","StoneCalendar","Lantern"],"potions_floor_usage":[23,27],"damage_taken":[{"damage":1.0,"enemies":"Small Slimes","floor":1.0,"turns":4.0},{"damage":1.0,"enemies":"Cultist","floor":2.0,"turns":3.0},{"damage":4.0,"enemies":"2 Louse","floor":3.0,"turns":3.0},{"damage":25.0,"enemies":"Lagavulin","floor":6.0,"turns":8.0},{"damage":41.0,"enemies":"3 Sentries","floor":8.0,"turns":12.0},{"damage":8.0,"enemies":"Gremlin Gang","floor":10.0,"turns":6.0},{"damage":3.0,"enemies":"Looter","floor":14.0,"turns":4.0},{"damage":21.0,"enemies":"The Guardian","floor":16.0,"turns":12.0},{"damage":0.0,"enemies":"Chosen","floor":18.0,"turns":6.0},{"damage":29.0,"enemies":"3 Byrds","floor":20.0,"turns":13.0},{"damage":11.0,"enemies":"Snecko","floor":22.0,"turns":8.0},{"damage":22,"enemies":"Book of Stabbing","floor":23,"turns":7},{"damage":15,"enemies":"Slavers","floor":27,"turns":3}],"seed_played":"-704037520005310916","potions_obtained":[{"floor":6.0,"key":"Regen Potion"},{"floor":14.0,"key":"Dexterity Potion"},{"floor":22.0,"key":"Strength Potion"},{"floor":23,"key":"Poison Potion"}],"is_trial":false,"path_per_floor":["M","M","M","?","$","E","R","E","T","M","R","?","?","M","R","B",null,"M","?","M","$","M","E","?","R","T","E"],"character_chosen":"THE_SILENT","items_purchased":["Meat on the Bone","Fruit Juice"],"campfire_rested":2,"item_purchase_floors":[21,21],"current_hp_per_floor":[64,63,59,72,72,47,47,21,21,13,34,34,34,31,31,10,57,57,57,28,33,34,24,24,47,47,32],"gold":189,"neow_bonus":"TEN_PERCENT_HP_BONUS","is_prod":false,"is_daily":false,"chose_seed":false,"campfire_upgraded":2,"win_rate":0,"timestamp":1556424565,"path_taken":["M","M","M","?","?","E","R","E","T","M","R","?","?","?","R","BOSS","M","?","?","$","M","E","?","R","T","E"],"build_version":"2019-01-23","purchased_purges":1,"victory":false,"max_hp_per_floor":[72,72,72,72,72,72,72,72,72,72,72,72,72,72,72,72,72,72,72,72,77,77,77,77,77,77,77],"card_choices":[{"not_picked":["Acrobatics","Finisher"],"picked":"Flying Knee","floor":1.0},{"not_picked":["Outmaneuver","Calculated Gamble"],"picked":"Leg Sweep","floor":2.0},{"not_picked":["Crippling Poison","Acrobatics"],"picked":"Predator","floor":3.0},{"not_picked":["Dodge and Roll","Setup"],"picked":"Sucker Punch","floor":6.0},{"not_picked":["Bane","Wraith Form v2"],"picked":"Tools of the Trade","floor":8.0},{"not_picked":["Bouncing Flask","Blade Dance"],"picked":"Terror","floor":10.0},{"not_picked":["Deflect","Eviscerate"],"picked":"Footwork","floor":14.0},{"not_picked":["Storm of Steel","Bullet Time"],"picked":"Envenom","floor":16.0},{"not_picked":["Heel Hook","Noxious Fumes"],"picked":"Deflect","floor":18.0},{"not_picked":["Outmaneuver+1","Poisoned Stab"],"picked":"Crippling Poison+1","floor":20.0},{"not_picked":["Outmaneuver","PiercingWail","Prepared"],"picked":"SKIP","floor":22.0},{"not_picked":["Slice","Bouncing Flask"],"picked":"Dodge and Roll+1","floor":23}],"player_experience":757135,"relics_obtained":[{"floor":6.0,"key":"Art of War"},{"floor":8.0,"key":"Centennial Puzzle"},{"floor":9.0,"key":"MawBank"},{"floor":23,"key":"Letter Opener"},{"floor":26,"key":"Lantern"}],"event_choices":[{"damage_healed":13.0,"max_hp_gain":0.0,"max_hp_loss":0.0,"gold_gain":0.0,"event_name":"Wheel of Change","player_choice":"Full Heal","floor":4.0,"gold_loss":0.0,"damage_taken":0.0},{"damage_healed":0.0,"max_hp_gain":0.0,"max_hp_loss":0.0,"gold_gain":0.0,"event_name":"Golden Idol","player_choice":"Take Wound","floor":12.0,"gold_loss":0.0,"damage_taken":0.0,"relics_obtained":["Golden Idol"],"cards_obtained":["Injury"]},{"damage_healed":0.0,"max_hp_gain":0.0,"max_hp_loss":0.0,"gold_gain":0.0,"event_name":"Accursed Blacksmith","player_choice":"Rummage","floor":13.0,"gold_loss":0.0,"damage_taken":0.0,"relics_obtained":["WarpedTongs"],"cards_obtained":["Pain"]},{"damage_healed":0.0,"max_hp_gain":0.0,"max_hp_loss":0.0,"gold_gain":100.0,"event_name":"The Joust","player_choice":"Bet on Murderer","floor":19.0,"gold_loss":50.0,"damage_taken":0.0},{"cards_removed":["Flying Knee"],"damage_healed":0,"gold_gain":0,"player_choice":"Gave Card","damage_taken":0,"relics_obtained":["StoneCalendar"],"max_hp_gain":0,"max_hp_loss":0,"event_name":"WeMeetAgain","floor":24,"gold_loss":0}],"is_beta":false,"boss_relics":[{"not_picked":["Tiny House","WristBlade"],"picked":"Astrolabe"}],"items_purged_floors":[21],"is_endless":false,"potions_floor_spawned":[6,14,22,23],"killed_by":"Slavers","ascension_level":18}