{"gold_per_floor":[119,137,150,166,47,47,82,82,82,95,95,116,116,159,159,255,255,278,278,34,34,47,47,47,47,47,47,104,104,135,153,153,230,230,246,1245,977,988,998,1031,1031,1065,1065,1065,1075,1091,1091,804,804,804,804,804,804,68,97,97],"floor_reached":57,"playtime":4680,"items_purged":["Strike_G","Normality","Normality","Parasite"],"score":2691,"play_id":"ad1ac546-08be-4634-bb4a-0fd011b0856f","local_time":"20190307150009","is_ascension_mode":true,"campfire_choices":[{"data":"Bouncing Flask","floor":6.0,"key":"SMITH"},{"data":"Catalyst","floor":8.0,"key":"SMITH"},{"data":"Leg Sweep","floor":13.0,"key":"SMITH"},{"data":"Footwork","floor":15.0,"key":"SMITH"},{"data":"Night Terror","floor":23.0,"key":"SMITH"},{"data":"Acrobatics","floor":27.0,"key":"SMITH"},{"data":"Acrobatics","floor":29.0,"key":"SMITH"},{"floor":32.0,"key":"REST"},{"data":"Deadly Poison","floor":41.0,"key":"SMITH"},{"floor":47.0,"key":"RECALL"},{"data":"Catalyst","floor":49.0,"key":"SMITH"},{"data":"Well Laid Plans","floor":53.0,"key":"SMITH"}],"neow_cost":"NONE","seed_source_timestamp":0,"circlet_count":0,"master_deck":["AscendersBane","Defend_G+1","Defend_G+1","Defend_G+1","Defend_G+1","Defend_G+1","Survivor","Neutralize","Bouncing Flask+1","Footwork+1","Leg Sweep+1","Catalyst+1","Acrobatics+1","Acrobatics+1","PiercingWail+1","Night Terror+1","Backflip","Unload+1","Prepared+1","Adrenaline+1","Bullet Time","Deadly Poison+1","Prepared+1","Well Laid Plans+1","Catalyst+1","PiercingWail","Dodge and Roll+1","PiercingWail","Bullet Time"],"special_seed":0,"relics":["Cursed Key","Ninja Scroll","Bloody Idol","Molten Egg 2","Empty Cage","Art of War","Tiny Chest","Torii","Philosopher\u0027s Stone","Snake Skull","Anchor","Blood Vial","War Paint","TwistedFunnel","Happy Flower","Oddly Smooth Stone"],"potions_floor_usage":[56,56],"damage_taken":[{"damage":8.0,"enemies":"Small Slimes","floor":1.0,"turns":5.0},{"damage":2.0,"enemies":"2 Louse","floor":2.0,"turns":3.0},{"damage":0.0,"enemies":"Jaw Worm","floor":3.0,"turns":3.0},{"damage":10.0,"enemies":"Looter","floor":4.0,"turns":4.0},{"damage":15.0,"enemies":"Lagavulin","floor":7.0,"turns":5.0},{"damage":3.0,"enemies":"3 Louse","floor":10.0,"turns":3.0},{"damage":0.0,"enemies":"Blue Slaver","floor":12.0,"turns":5.0},{"damage":11.0,"enemies":"3 Sentries","floor":14.0,"turns":10.0},{"damage":3.0,"enemies":"Slime Boss","floor":16.0,"turns":7.0},{"damage":8.0,"enemies":"Shell Parasite","floor":18.0,"turns":9.0},{"damage":0.0,"enemies":"Spheric Guardian","floor":22.0,"turns":4.0},{"damage":12.0,"enemies":"Gremlin Leader","floor":28.0,"turns":8.0},{"damage":35.0,"enemies":"Slavers","floor":30.0,"turns":8.0},{"damage":6.0,"enemies":"Cultist and Chosen","floor":31.0,"turns":5.0},{"damage":12.0,"enemies":"Champ","floor":33.0,"turns":4.0},{"damage":1.0,"enemies":"3 Shapes","floor":35.0,"turns":6.0},{"damage":13.0,"enemies":"3 Darklings","floor":38.0,"turns":4.0},{"damage":9.0,"enemies":"Maw","floor":39.0,"turns":4.0},{"damage":19.0,"enemies":"Reptomancer","floor":40.0,"turns":3.0},{"damage":15.0,"enemies":"Giant Head","floor":42.0,"turns":5.0},{"damage":0.0,"enemies":"Sphere and 2 Shapes","floor":45.0,"turns":5.0},{"damage":1.0,"enemies":"3 Darklings","floor":46.0,"turns":6.0},{"damage":20.0,"enemies":"Donu and Deca","floor":50.0,"turns":9.0},{"damage":1.0,"enemies":"Awakened One","floor":51.0,"turns":16.0},{"damage":1.0,"enemies":"Shield and Spear","floor":55.0,"turns":7.0},{"damage":39,"enemies":"The Heart","floor":56,"turns":6}],"seed_played":"-5560328720146396299","potions_obtained":[{"floor":2.0,"key":"PowerPotion"},{"floor":7.0,"key":"Dexterity Potion"},{"floor":16.0,"key":"LiquidBronze"},{"floor":22.0,"key":"Ancient Potion"},{"floor":33.0,"key":"Dexterity Potion"},{"floor":35.0,"key":"EssenceOfSteel"}],"is_trial":false,"path_per_floor":["M","M","M","M","$","R","E","R","T","M","?","M","R","E","R","B",null,"M","?","$","?","M","R","?","?","T","R","E","R","E","M","R","B",null,"M","?","$","M","M","E","R","E","T","?","M","M","R","$","R","B","B",null,"R","$","E","B",null],"character_chosen":"THE_SILENT","items_purchased":["Footwork","Leg Sweep","Art of War","Snake Skull","War Paint","TwistedFunnel","Ancient Potion","Explosive Potion","PiercingWail","Happy Flower"],"campfire_rested":1,"item_purchase_floors":[5,5,20,37,48,54,54,54,54,54],"current_hp_per_floor":[51,49,49,39,39,39,24,24,24,21,21,21,21,10,10,7,47,39,39,39,39,39,39,39,39,39,39,37,37,7,6,24,17,49,53,58,58,50,46,32,32,22,22,22,29,35,35,35,35,17,18,50,50,50,56,18],"gold":97,"neow_bonus":"BOSS_RELIC","is_prod":false,"is_daily":false,"chose_seed":false,"campfire_upgraded":10,"win_rate":0,"timestamp":1551967209,"path_taken":["M","M","M","M","$","R","E","R","T","M","?","M","R","E","R","BOSS","M","?","$","?","?","R","?","?","T","R","E","R","E","M","R","BOSS","M","?","$","M","M","E","R","E","T","?","M","M","R","$","R","BOSS","BOSS","R","$","E","BOSS"],"build_version":"2019-02-06","purchased_purges":4,"victory":true,"max_hp_per_floor":[66,66,66,66,66,66,66,66,66,66,60,60,60,60,60,60,60,60,60,60,60,60,60,60,60,60,60,60,60,60,60,60,60,60,60,60,60,60,60,60,60,60,60,60,60,60,60,60,60,60,60,60,60,57,57,57],"card_choices":[{"not_picked":["Deflect","Heel Hook","Slice"],"picked":"SKIP","floor":1.0},{"not_picked":["Setup","Finisher"],"picked":"Bouncing Flask","floor":2.0},{"not_picked":["Dagger Throw","All Out Attack","Cloak And Dagger"],"picked":"SKIP","floor":3.0},{"not_picked":["Underhanded Strike","Bane","Outmaneuver"],"picked":"SKIP","floor":4.0},{"not_picked":["Die Die Die","Dagger Throw"],"picked":"Catalyst","floor":7.0},{"not_picked":["Outmaneuver","Skewer"],"picked":"Acrobatics","floor":10.0},{"not_picked":["Expertise","Predator"],"picked":"Acrobatics","floor":12.0},{"not_picked":["Blur","Eviscerate"],"picked":"PiercingWail","floor":14.0},{"not_picked":["Die Die Die+1","Grand Finale+1"],"picked":"Night Terror","floor":16.0},{"not_picked":["Dagger Spray+1","Caltrops"],"picked":"Backflip","floor":18.0},{"not_picked":["Expertise","Infinite Blades","Deflect"],"picked":"SKIP","floor":22.0},{"not_picked":["Infinite Blades","Backstab+1"],"picked":"Prepared+1","floor":28.0},{"not_picked":["Acrobatics","Dagger Spray+1"],"picked":"Adrenaline","floor":30.0},{"not_picked":["Flying Knee+1","Endless Agony+1","Dagger Throw+1"],"picked":"SKIP","floor":31.0},{"not_picked":["Grand Finale+1","A Thousand Cuts"],"picked":"Bullet Time","floor":33.0},{"not_picked":["Cloak And Dagger+1","Dagger Throw+1","Bane+1"],"picked":"SKIP","floor":35.0},{"not_picked":["Choke+1","Adrenaline"],"picked":"Deadly Poison","floor":38.0},{"not_picked":["Blade Dance","Dagger Throw+1"],"picked":"Prepared+1","floor":39.0},{"not_picked":["Distraction","Blade Dance"],"picked":"Well Laid Plans","floor":40.0},{"not_picked":["Escape Plan","Reflex+1","Choke+1"],"picked":"SKIP","floor":42.0},{"not_picked":["Acrobatics+1","Sucker Punch+1"],"picked":"PiercingWail","floor":45.0},{"not_picked":["Outmaneuver+1","Well Laid Plans"],"picked":"Dodge and Roll+1","floor":46.0},{"not_picked":["Infinite Blades","Quick Slash+1"],"picked":"Bullet Time","floor":55.0}],"player_experience":1255023,"relics_obtained":[{"floor":7.0,"key":"Ninja Scroll"},{"floor":14.0,"key":"Molten Egg 2"},{"floor":28.0,"key":"Tiny Chest"},{"floor":30.0,"key":"Torii"},{"floor":40.0,"key":"Anchor"},{"floor":42.0,"key":"Blood Vial"},{"floor":55.0,"key":"Oddly Smooth Stone"}],"event_choices":[{"damage_healed":0.0,"max_hp_gain":0.0,"max_hp_loss":6.0,"gold_gain":0.0,"event_name":"Golden Idol","player_choice":"Lose Max HP","floor":11.0,"gold_loss":0.0,"damage_taken":0.0,"relics_obtained":["Golden Idol"]},{"damage_healed":0.0,"max_hp_gain":0.0,"max_hp_loss":0.0,"gold_gain":0.0,"event_name":"The Mausoleum","player_choice":"Ignored","floor":19.0,"gold_loss":0.0,"damage_taken":0.0},{"damage_healed":0.0,"max_hp_gain":0.0,"max_hp_loss":0.0,"gold_gain":0.0,"event_name":"Back to Basics","player_choice":"Simplicity","floor":21.0,"gold_loss":0.0,"damage_taken":0.0,"cards_upgraded":["Defend_G","Defend_G","Defend_G","Defend_G","Defend_G","Strike_G","Strike_G"]},{"damage_healed":0.0,"max_hp_gain":0.0,"max_hp_loss":0.0,"gold_gain":0.0,"cards_transformed":["Strike_G","Strike_G"],"event_name":"Drug Dealer","player_choice":"Became Test Subject","floor":24.0,"gold_loss":0.0,"damage_taken":0.0,"cards_obtained":["Finisher","Unload"]},{"damage_healed":0.0,"max_hp_gain":0.0,"max_hp_loss":0.0,"gold_gain":0.0,"event_name":"Forgotten Altar","player_choice":"Gave Idol","floor":25.0,"relics_lost":["Golden Idol"],"gold_loss":0.0,"damage_taken":0.0,"relics_obtained":["Bloody Idol"]},{"damage_healed":0.0,"max_hp_gain":0.0,"max_hp_loss":0.0,"gold_gain":999.0,"event_name":"MindBloom","player_choice":"Gold","floor":36.0,"gold_loss":0.0,"damage_taken":0.0,"cards_obtained":["Normality","Normality"]},{"damage_healed":0.0,"max_hp_gain":0.0,"max_hp_loss":0.0,"gold_gain":0.0,"cards_transformed":["Finisher"],"event_name":"Transmorgrifier","player_choice":"Transformed","floor":44.0,"gold_loss":0.0,"damage_taken":0.0,"cards_obtained":["Catalyst"]}],"is_beta":true,"boss_relics":[{"not_picked":["Orrery","Velvet Choker"],"picked":"Empty Cage"},{"not_picked":["Snecko Eye","Pandora\u0027s Box"],"picked":"Philosopher\u0027s Stone"}],"items_purged_floors":[20,37,48,54],"is_endless":false,"potions_floor_spawned":[2,7,12,16,22,33,35,38],"ascension_level":20}