{"gold_per_floor":[19,33,51,51,74,109,109],"floor_reached":7,"playtime":481,"items_purged":[],"score":106,"play_id":"052a3700-9990-4b42-9f6f-0e90c1521f56","local_time":"20190109222353","is_ascension_mode":true,"campfire_choices":[],"neow_cost":"NO_GOLD","seed_source_timestamp":737369200833870,"circlet_count":0,"master_deck":["AscendersBane","Strike_B","Strike_B","Strike_B","Strike_B","Defend_B","Defend_B","Defend_B","Defend_B","Zap","Dualcast","Hologram","Echo Form","Go for the Eyes","Buffer"],"relics":["Cracked Core","Dead Branch","Golden Idol","Symbiotic Virus"],"potions_floor_usage":[6],"damage_taken":[{"damage":9,"enemies":"Jaw Worm","floor":1,"turns":4},{"damage":0,"enemies":"2 Louse","floor":2,"turns":2},{"damage":1,"enemies":"Cultist","floor":3,"turns":4},{"damage":11,"enemies":"Blue Slaver","floor":5,"turns":4},{"damage":24,"enemies":"Gremlin Nob","floor":6,"turns":4},{"damage":21,"enemies":"The Mushroom Lair","floor":7,"turns":3}],"seed_played":"6137815228965208760","potions_obtained":[{"floor":5,"key":"LiquidBronze"},{"floor":6,"key":"SteroidPotion"}],"is_trial":false,"path_per_floor":["M","M","M","?","M","E","?"],"character_chosen":"DEFECT","items_purchased":[],"campfire_rested":0,"item_purchase_floors":[],"current_hp_per_floor":[55,55,54,54,43,19,0],"gold":109,"neow_bonus":"ONE_RARE_RELIC","is_prod":false,"is_daily":false,"chose_seed":false,"campfire_upgraded":0,"win_rate":0,"timestamp":1547069033,"path_taken":["M","M","M","?","M","E","?"],"build_version":"2019-01-03v4","purchased_purges":0,"victory":false,"max_hp_per_floor":[71,71,71,64,64,64,64],"card_choices":[{"not_picked":["Gash","Stack"],"picked":"Hologram","floor":1},{"not_picked":["Stack","Hologram","Gash"],"picked":"SKIP","floor":2},{"not_picked":["Conserve Battery","Rebound"],"picked":"Echo Form","floor":3},{"not_picked":["Beam Cell","Reprogram"],"picked":"Go for the Eyes","floor":5},{"not_picked":["Redo","Compile Driver"],"picked":"Buffer","floor":6}],"player_experience":1535892,"relics_obtained":[{"floor":6,"key":"Symbiotic Virus"}],"event_choices":[{"damage_healed":0,"gold_gain":0,"player_choice":"Lose Max HP","damage_taken":0,"relics_obtained":["Golden Idol"],"max_hp_gain":0,"max_hp_loss":7,"event_name":"Golden Idol","floor":4,"gold_loss":0},{"damage_healed":0,"gold_gain":0,"player_choice":"Fought Mushrooms","damage_taken":0,"max_hp_gain":0,"max_hp_loss":0,"event_name":"Mushrooms","floor":7,"gold_loss":0}],"is_beta":false,"boss_relics":[],"items_purged_floors":[],"is_endless":false,"potions_floor_spawned":[5,6],"killed_by":"The Mushroom Lair","ascension_level":20}