{"gold_per_floor":[112,127,145,115,128,160,174,192,219,219,93,109,144,156,156,259,259,279,204,216,39,56,84,97,130,130,159,178,178,211,225,225,321,321,341,360,376,376,389,414,426,438,464,93,93,93,93,42,42,42],"floor_reached":51,"playtime":10915,"items_purged":["Strike_B","Strike_B"],"score":750,"play_id":"21dad3ab-d145-4d3c-bc51-0bf485c7bf7f","local_time":"20190512034601","is_ascension_mode":false,"campfire_choices":[{"data":"Dualcast","floor":10.0,"key":"SMITH"},{"data":"Consume","floor":15.0,"key":"SMITH"},{"data":"Electrodynamics","floor":32.0,"key":"SMITH"},{"data":"Fission","floor":46,"key":"SMITH"},{"data":"White Noise","floor":49,"key":"SMITH"}],"neow_cost":"NONE","seed_source_timestamp":211937086492797,"circlet_count":0,"master_deck":["Defend_B+1","Defend_B+1","Zap+1","Dualcast+1","Genetic Algorithm+1","Auto Shields+1","Ball Lightning+1","Doom and Gloom+1","Conserve Battery+1","Coolheaded+1","Coolheaded+1","Doom and Gloom+1","Hologram+1","Consume+1","Electrodynamics+1","Capacitor+1","BootSequence+1","Darkness+1","Sweeping Beam+1","Compile Driver+1","Conserve Battery+1","Reinforced Body+1","Biased Cognition+1","All For One+1","Melter+1","Barrage+1","Consume+1","Loop+1","Fission+1","Lockon","White Noise+1","The Bomb","Redo"],"special_seed":0,"relics":["Cracked Core","Happy Flower","Anchor","Mercury Hourglass","Philosopher\u0027s Stone","Pen Nib","Orichalcum","Sundial","Matryoshka","Enchiridion","Letter Opener","Astrolabe","Mark of the Bloom","Vajra","Omamori","Potion Belt","Juzu Bracelet"],"potions_floor_usage":[42,50,50,50,50],"damage_taken":[{"damage":0.0,"enemies":"2 Louse","floor":1.0,"turns":2.0},{"damage":1.0,"enemies":"Cultist","floor":2.0,"turns":4.0},{"damage":5.0,"enemies":"Small Slimes","floor":3.0,"turns":4.0},{"damage":0.0,"enemies":"Blue Slaver","floor":5.0,"turns":4.0},{"damage":2.0,"enemies":"Lagavulin","floor":6.0,"turns":4.0},{"damage":0.0,"enemies":"2 Fungi Beasts","floor":7.0,"turns":3.0},{"damage":0.0,"enemies":"3 Louse","floor":8.0,"turns":4.0},{"damage":0.0,"enemies":"Blue Slaver","floor":12.0,"turns":3.0},{"damage":31.0,"enemies":"Gremlin Nob","floor":13.0,"turns":4.0},{"damage":0.0,"enemies":"Exordium Thugs","floor":14.0,"turns":3.0},{"damage":19.0,"enemies":"The Guardian","floor":16.0,"turns":9.0},{"damage":0.0,"enemies":"Chosen","floor":18.0,"turns":3.0},{"damage":0.0,"enemies":"Spheric Guardian","floor":20.0,"turns":2.0},{"damage":2.0,"enemies":"Snake Plant","floor":22.0,"turns":4.0},{"damage":12.0,"enemies":"Book of Stabbing","floor":23.0,"turns":6.0},{"damage":3.0,"enemies":"Shelled Parasite and Fungi","floor":24.0,"turns":4.0},{"damage":12.0,"enemies":"Slavers","floor":25.0,"turns":3.0},{"damage":0.0,"enemies":"Gremlin Leader","floor":27.0,"turns":4.0},{"damage":4.0,"enemies":"Snecko","floor":28.0,"turns":4.0},{"damage":3.0,"enemies":"Slavers","floor":30.0,"turns":4.0},{"damage":8.0,"enemies":"Snake Plant","floor":31.0,"turns":4.0},{"damage":3.0,"enemies":"Champ","floor":33.0,"turns":7.0},{"damage":0.0,"enemies":"Orb Walker","floor":35.0,"turns":2.0},{"damage":0.0,"enemies":"3 Shapes","floor":36.0,"turns":3.0},{"damage":0.0,"enemies":"Jaw Worm Horde","floor":37.0,"turns":3.0},{"damage":1.0,"enemies":"Writhing Mass","floor":39.0,"turns":3.0},{"damage":18,"enemies":"Reptomancer","floor":40,"turns":4},{"damage":0,"enemies":"4 Shapes","floor":41,"turns":2},{"damage":0,"enemies":"Maw","floor":42,"turns":6},{"damage":41,"enemies":"Time Eater","floor":50,"turns":8}],"seed_played":"3071237022877733874","potions_obtained":[{"floor":1.0,"key":"AttackPotion"},{"floor":4.0,"key":"EntropicBrew"},{"floor":4.0,"key":"Weak Potion"},{"floor":5.0,"key":"Poison Potion"},{"floor":6.0,"key":"FearPotion"},{"floor":7.0,"key":"FocusPotion"},{"floor":12.0,"key":"Dexterity Potion"},{"floor":16.0,"key":"AttackPotion"},{"floor":18.0,"key":"Swift Potion"},{"floor":22.0,"key":"Energy Potion"},{"floor":25.0,"key":"Fire Potion"},{"floor":28.0,"key":"GamblersBrew"},{"floor":30.0,"key":"SteroidPotion"},{"floor":35.0,"key":"AttackPotion"},{"floor":37.0,"key":"AttackPotion"},{"floor":40,"key":"SpeedPotion"},{"floor":42,"key":"Weak Potion"}],"is_trial":false,"path_per_floor":["M","M","M","?","M","E","M","M","T","R","$","M","E","M","R","B",null,"M","?","M","$","M","E","M","E","T","E","M","?","E","M","R","B",null,"M","M","M","?","M","E","M","M","T","$","?","R","?","$","R","B",null],"character_chosen":"DEFECT","items_purchased":["Coolheaded","Darkness","White Noise","SkillPotion","SpeedPotion","PowerPotion","Juzu Bracelet","Redo"],"campfire_rested":0,"item_purchase_floors":[11,21,44,44,44,44,44,48],"current_hp_per_floor":[82,81,76,76,76,74,74,74,74,74,74,74,43,43,43,24,82,82,82,82,82,80,68,65,53,53,53,49,33,30,22,22,19,82,82,82,82,82,81,63,63,63,63,63,63,63,63,63,63,22],"gold":42,"neow_bonus":"TEN_PERCENT_HP_BONUS","is_prod":false,"is_daily":false,"chose_seed":false,"campfire_upgraded":5,"win_rate":0.0,"timestamp":1557612961,"path_taken":["M","M","M","?","M","E","M","M","T","R","$","?","E","M","R","BOSS","M","?","M","$","M","E","M","E","T","E","M","?","E","M","R","BOSS","M","M","M","?","M","E","M","M","T","$","?","R","?","?","R","BOSS"],"build_version":"2019-01-23","purchased_purges":2,"victory":true,"max_hp_per_floor":[82,82,82,82,82,82,82,82,82,82,82,82,82,82,82,82,82,82,82,82,82,82,82,82,82,82,82,82,82,82,82,82,82,82,82,82,82,82,82,82,82,82,82,82,82,82,82,82,82,82],"card_choices":[{"not_picked":["Heatsinks","Leap"],"picked":"Genetic Algorithm","floor":1.0},{"not_picked":["Streamline","Stack"],"picked":"Auto Shields","floor":2.0},{"not_picked":["Streamline","Sweeping Beam"],"picked":"Ball Lightning","floor":3.0},{"not_picked":["Rip and Tear","Scrape"],"picked":"Doom and Gloom","floor":5.0},{"not_picked":["Buffer","Gash"],"picked":"Conserve Battery","floor":6.0},{"not_picked":["Auto Shields","Beam Cell","Undo"],"picked":"SKIP","floor":7.0},{"not_picked":["Leap","Stack"],"picked":"Coolheaded","floor":8.0},{"not_picked":["Sweeping Beam","Turbo"],"picked":"Doom and Gloom","floor":12.0},{"not_picked":["Hello World","Barrage"],"picked":"Hologram","floor":13.0},{"not_picked":["Steam Power","Go for the Eyes"],"picked":"Consume","floor":14.0},{"not_picked":["Fission","Thunder Strike"],"picked":"Electrodynamics","floor":16.0},{"not_picked":["Leap","Rip and Tear"],"picked":"Capacitor","floor":18.0},{"not_picked":["Gash","Skim+1"],"picked":"BootSequence","floor":20.0},{"not_picked":["Gash","Beam Cell"],"picked":"Sweeping Beam+1","floor":22.0},{"not_picked":["Aggregate+1","Go for the Eyes","Reprogram"],"picked":"SKIP","floor":23.0},{"not_picked":["Chaos+1","Streamline"],"picked":"Compile Driver+1","floor":24.0},{"not_picked":["Sweeping Beam","Go for the Eyes"],"picked":"Conserve Battery","floor":25.0},{"not_picked":["Doom and Gloom","Fusion+1"],"picked":"Reinforced Body","floor":27.0},{"not_picked":["Go for the Eyes","Conserve Battery"],"picked":"Biased Cognition","floor":28.0},{"not_picked":["Stack","Streamline","Sweeping Beam"],"picked":"SKIP","floor":30.0},{"not_picked":["Leap","Beam Cell","Steam"],"picked":"SKIP","floor":31.0},{"not_picked":["Thunder Strike","Amplify"],"picked":"All For One","floor":33.0},{"not_picked":["Stack","Gash"],"picked":"Consume+1","floor":35.0},{"not_picked":["Cold Snap","Beam Cell+1"],"picked":"Loop+1","floor":36.0},{"not_picked":["Steam+1","Streamline+1","Scrape"],"picked":"SKIP","floor":37.0},{"not_picked":["Force Field+1","Skim","Barrage+1"],"picked":"SKIP","floor":39.0},{"not_picked":["Force Field+1","Skim","Barrage+1"],"picked":"SKIP","floor":39.0},{"not_picked":["Static Discharge","Double Energy"],"picked":"Fission","floor":40},{"not_picked":["Leap+1","Hologram"],"picked":"Lockon","floor":41},{"not_picked":["Compile Driver","FTL","Sweeping Beam"],"picked":"SKIP","floor":42},{"not_picked":["Metamorphosis","Dramatic Entrance"],"picked":"The Bomb","floor":45}],"player_experience":147195,"relics_obtained":[{"floor":6.0,"key":"Happy Flower"},{"floor":9.0,"key":"Anchor"},{"floor":13.0,"key":"Mercury Hourglass"},{"floor":23.0,"key":"Pen Nib"},{"floor":25.0,"key":"Orichalcum"},{"floor":26.0,"key":"Sundial"},{"floor":27.0,"key":"Matryoshka"},{"floor":29.0,"key":"Enchiridion"},{"floor":30.0,"key":"Letter Opener"},{"floor":40,"key":"Vajra"},{"floor":43,"key":"Omamori"},{"floor":43,"key":"Potion Belt"}],"event_choices":[{"damage_healed":0.0,"max_hp_gain":0.0,"max_hp_loss":0.0,"gold_gain":0.0,"event_name":"The Woman in Blue","player_choice":"Bought 2 Potions","floor":4.0,"gold_loss":0.0,"damage_taken":0.0},{"cards_removed":["Strike_B"],"damage_healed":0.0,"max_hp_gain":0.0,"max_hp_loss":0.0,"gold_gain":0.0,"event_name":"Beggar","player_choice":"Gave Gold","floor":19.0,"gold_loss":75.0,"damage_taken":0.0},{"damage_healed":0.0,"max_hp_gain":0.0,"max_hp_loss":0.0,"gold_gain":0.0,"event_name":"Cursed Tome","player_choice":"Obtained Book","floor":29.0,"gold_loss":0.0,"damage_taken":16.0},{"damage_healed":0.0,"max_hp_gain":0.0,"max_hp_loss":0.0,"gold_gain":0.0,"event_name":"MindBloom","player_choice":"Upgrade","floor":38.0,"gold_loss":0.0,"damage_taken":0.0,"cards_upgraded":["Defend_B","Defend_B","Zap","Genetic Algorithm","Auto Shields","Ball Lightning","Doom and Gloom","Conserve Battery","Coolheaded","Coolheaded","Doom and Gloom","Hologram","Capacitor","BootSequence","Darkness","Conserve Battery","Reinforced Body","Biased Cognition","All For One"],"relics_obtained":["Mark of the Bloom"]},{"damage_healed":0,"gold_gain":0,"player_choice":"Memory 1","damage_taken":0,"max_hp_gain":0,"max_hp_loss":0,"event_name":"SensoryStone","floor":45,"gold_loss":0},{"cards_removed":["Blizzard"],"damage_healed":0,"gold_gain":0,"player_choice":"Removed Attack","damage_taken":0,"max_hp_gain":0,"max_hp_loss":0,"event_name":"Falling","floor":47,"gold_loss":0}],"is_beta":false,"boss_relics":[{"not_picked":["Sozu","Calling Bell"],"picked":"Philosopher\u0027s Stone"},{"not_picked":["Nuclear Battery","Runic Dome"],"picked":"Astrolabe"}],"items_purged_floors":[11,21],"is_endless":false,"potions_floor_spawned":[1,5,6,7,12,16,18,22,25,28,30,35,37,40,42],"ascension_level":0}