{"gold_per_floor":[114,131,81,99,116,147,163,163,163,192,267,280,300,333,333,433,433,445,3,3,17,32,32],"floor_reached":23,"playtime":2650,"items_purged":["Reflex"],"score":252,"play_id":"d7d461fc-15e4-46f3-8219-74068b6e3e0b","local_time":"20190516142201","is_ascension_mode":true,"campfire_choices":[{"data":"Envenom","floor":8.0,"key":"SMITH"},{"data":"Neutralize","floor":15,"key":"SMITH"}],"neow_cost":"TEN_PERCENT_HP_LOSS","seed_source_timestamp":70826999683704,"circlet_count":0,"master_deck":["Survivor","Neutralize+1","Envenom+1","Footwork","Bouncing Flask","Noxious Fumes","Poisoned Stab","Cloak And Dagger","Deadly Poison","Wraith Form v2","Terror","Grand Finale","Bane","Skewer","Acrobatics","Choke","Predator","Footwork","Noxious Fumes"],"special_seed":0,"relics":["Ring of the Snake","Potion Belt","Ninja Scroll","Ornamental Fan","Gremlin Horn","Pandora\u0027s Box","Anchor","Happy Flower","Vajra"],"potions_floor_usage":[14,18,18],"damage_taken":[{"damage":0.0,"enemies":"Small Slimes","floor":1.0,"turns":5.0},{"damage":0.0,"enemies":"Jaw Worm","floor":2.0,"turns":6.0},{"damage":0.0,"enemies":"Cultist","floor":4.0,"turns":4.0},{"damage":8.0,"enemies":"Gremlin Gang","floor":5.0,"turns":6.0},{"damage":22.0,"enemies":"Gremlin Nob","floor":6.0,"turns":5.0},{"damage":1.0,"enemies":"Exordium Wildlife","floor":7.0,"turns":4.0},{"damage":0.0,"enemies":"Lagavulin","floor":10.0,"turns":6.0},{"damage":0.0,"enemies":"Blue Slaver","floor":12.0,"turns":3.0},{"damage":0.0,"enemies":"Lots of Slimes","floor":13.0,"turns":1.0},{"damage":7,"enemies":"3 Sentries","floor":14,"turns":6},{"damage":2,"enemies":"Hexaghost","floor":16,"turns":8},{"damage":2,"enemies":"2 Thieves","floor":18,"turns":4},{"damage":26,"enemies":"Spheric Guardian","floor":21,"turns":4},{"damage":31,"enemies":"Cultist and Chosen","floor":22,"turns":6},{"damage":15,"enemies":"Book of Stabbing","floor":23,"turns":2}],"seed_played":"-9204434204867792163","potions_obtained":[{"floor":1.0,"key":"EssenceOfSteel"},{"floor":4.0,"key":"Weak Potion"},{"floor":5.0,"key":"Explosive Potion"},{"floor":7.0,"key":"SpeedPotion"},{"floor":10.0,"key":"Energy Potion"},{"floor":14,"key":"Fire Potion"},{"floor":16,"key":"SkillPotion"},{"floor":21,"key":"Dexterity Potion"}],"is_trial":false,"path_per_floor":["M","M","?","M","M","E","M","R","T","E","?","M","M","E","R","B",null,"M","$","?","M","M","E"],"character_chosen":"THE_SILENT","items_purchased":["Anchor","Happy Flower","Noxious Fumes"],"campfire_rested":0,"item_purchase_floors":[19,19,19],"current_hp_per_floor":[63,63,63,63,55,33,32,32,32,32,21,21,21,14,14,12,63,61,61,61,35,4,0],"gold":32,"neow_bonus":"THREE_RARE_CARDS","is_prod":false,"is_daily":false,"chose_seed":false,"campfire_upgraded":2,"win_rate":0,"timestamp":1557996721,"path_taken":["M","M","?","M","M","E","M","R","T","E","?","M","M","E","R","BOSS","M","$","?","M","?","E"],"build_version":"2019-01-23","purchased_purges":1,"victory":false,"max_hp_per_floor":[63,63,63,63,63,63,63,63,63,63,63,63,63,63,63,63,63,63,63,63,63,63,63],"card_choices":[{"not_picked":["Bullet Time","Die Die Die"],"picked":"Envenom","floor":0.0},{"not_picked":["Noxious Fumes","Caltrops"],"picked":"Footwork","floor":1.0},{"not_picked":["Prepared","Outmaneuver"],"picked":"Bouncing Flask","floor":2.0},{"not_picked":["Escape Plan","Expertise"],"picked":"Noxious Fumes","floor":4.0},{"not_picked":["Underhanded Strike","Slice"],"picked":"Poisoned Stab","floor":5.0},{"not_picked":["Calculated Gamble","Dagger Throw"],"picked":"Backflip","floor":6.0},{"not_picked":["Glass Knife","Dodge and Roll","Dagger Spray"],"picked":"SKIP","floor":7.0},{"not_picked":["Deflect","Flechettes"],"picked":"Cloak And Dagger","floor":10.0},{"not_picked":["Dodge and Roll","Sucker Punch","Dagger Throw"],"picked":"SKIP","floor":12.0},{"not_picked":["Well Laid Plans","Underhanded Strike"],"picked":"Deadly Poison","floor":13.0},{"not_picked":["Bane","Prepared","Reflex"],"picked":"SKIP","floor":14},{"not_picked":["Burst","Doppelganger"],"picked":"Wraith Form v2","floor":16},{"not_picked":["Concentrate","Flying Knee","Quick Slash"],"picked":"SKIP","floor":18},{"not_picked":["Concentrate","Flying Knee","Quick Slash"],"picked":"SKIP","floor":18},{"not_picked":["Expertise","Skewer","Outmaneuver"],"picked":"SKIP","floor":21},{"not_picked":["Footwork","Expertise","Flying Knee"],"picked":"SKIP","floor":22}],"player_experience":371742,"relics_obtained":[{"floor":6.0,"key":"Potion Belt"},{"floor":9.0,"key":"Ninja Scroll"},{"floor":10.0,"key":"Ornamental Fan"},{"floor":14,"key":"Gremlin Horn"}],"event_choices":[{"cards_removed":["Strike_G"],"damage_healed":0.0,"max_hp_gain":0.0,"max_hp_loss":0.0,"gold_gain":0.0,"event_name":"The Cleric","player_choice":"Card Removal","floor":3.0,"gold_loss":50.0,"damage_taken":0.0},{"damage_healed":0.0,"max_hp_gain":0.0,"max_hp_loss":0.0,"gold_gain":75.0,"event_name":"World of Goop","player_choice":"Gather Gold","floor":11.0,"gold_loss":0.0,"damage_taken":11.0},{"cards_removed":["Backflip"],"damage_healed":0,"gold_gain":0,"player_choice":"Gave Card","damage_taken":0,"relics_obtained":["Vajra"],"max_hp_gain":0,"max_hp_loss":0,"event_name":"WeMeetAgain","floor":20,"gold_loss":0}],"is_beta":false,"boss_relics":[{"not_picked":["Calling Bell","Eternal Feather"],"picked":"Pandora\u0027s Box"}],"items_purged_floors":[19],"is_endless":false,"potions_floor_spawned":[1,4,5,7,10,14,16,21],"killed_by":"Book of Stabbing","ascension_level":1}