{"gold_per_floor":[111,122,38,48,58,92,92,123,123,123,140,140,57,72,72,72],"floor_reached":16,"playtime":690,"items_purged":[],"score":274,"play_id":"3a5be273-fa0e-438c-a99c-4abe539481c9","local_time":"20190303132003","is_ascension_mode":true,"campfire_choices":[{"data":"Whirlwind","floor":7,"key":"SMITH"},{"data":"Bludgeon","floor":10,"key":"SMITH"},{"data":"Whirlwind","floor":15,"key":"SMITH"}],"neow_cost":"TEN_PERCENT_HP_LOSS","seed_source_timestamp":1006686185155018,"circlet_count":0,"master_deck":["AscendersBane","Strike_R","Strike_R","Strike_R","Strike_R","Strike_R","Defend_R","Defend_R","Defend_R","Defend_R","Bash","Bludgeon+1","Clothesline","Whirlwind+1","Shrug It Off","Entrench","Dark Embrace","Whirlwind+1","Feed","Thunderclap"],"relics":["Burning Blood","Torii","Singing Bowl"],"potions_floor_usage":[6,8,16],"damage_taken":[{"damage":1,"enemies":"Cultist","floor":1,"turns":3},{"damage":0,"enemies":"2 Louse","floor":2,"turns":2},{"damage":0,"enemies":"Small Slimes","floor":4,"turns":2},{"damage":0,"enemies":"Looter","floor":5,"turns":3},{"damage":27,"enemies":"Lagavulin","floor":6,"turns":7},{"damage":0,"enemies":"3 Sentries","floor":8,"turns":3},{"damage":22,"enemies":"Gremlin Gang","floor":11,"turns":3},{"damage":33,"enemies":"Exordium Thugs","floor":14,"turns":6},{"damage":40,"enemies":"Hexaghost","floor":16,"turns":9}],"seed_played":"-6554448809707841679","potions_obtained":[{"floor":1,"key":"SmokeBomb"},{"floor":6,"key":"Energy Potion"},{"floor":14,"key":"FearPotion"}],"is_trial":false,"path_per_floor":["M","M","$","M","M","E","R","E","T","R","M","?","$","M","R","B"],"character_chosen":"IRONCLAD","items_purchased":["Shrug It Off","Fire Potion","Feed"],"campfire_rested":0,"item_purchase_floors":[3,3,13],"current_hp_per_floor":[68,68,68,68,68,47,47,53,53,53,37,59,59,35,35,0],"gold":72,"neow_bonus":"THREE_RARE_CARDS","is_prod":false,"is_daily":false,"chose_seed":false,"campfire_upgraded":3,"win_rate":0,"timestamp":1551615603,"path_taken":["M","M","$","M","?","E","R","E","T","R","M","?","$","M","R","BOSS"],"build_version":"2019-01-23","purchased_purges":0,"victory":false,"max_hp_per_floor":[68,68,68,68,68,68,68,68,68,68,68,68,68,71,71,71],"card_choices":[{"not_picked":["Exhume","Juggernaut"],"picked":"Bludgeon","floor":0},{"not_picked":["Entrench","Iron Wave"],"picked":"Clothesline","floor":1},{"not_picked":["Body Slam","Headbutt"],"picked":"Whirlwind","floor":2},{"not_picked":["Sword Boomerang","Perfected Strike","Rampage"],"picked":"SKIP","floor":4},{"not_picked":["Sword Boomerang","Body Slam","Perfected Strike"],"picked":"SKIP","floor":5},{"not_picked":["Wild Strike","Anger"],"picked":"Entrench","floor":6},{"not_picked":["Warcry","Bloodletting"],"picked":"Dark Embrace","floor":8},{"not_picked":["Heavy Blade","Wild Strike"],"picked":"Whirlwind","floor":11},{"not_picked":["Wild Strike","Sword Boomerang"],"picked":"Thunderclap","floor":14}],"player_experience":1872764,"relics_obtained":[{"floor":6,"key":"Torii"},{"floor":8,"key":"Singing Bowl"}],"event_choices":[{"damage_healed":22,"gold_gain":0,"player_choice":"Banana","damage_taken":0,"max_hp_gain":0,"max_hp_loss":0,"event_name":"Big Fish","floor":12,"gold_loss":0}],"is_beta":false,"boss_relics":[],"items_purged_floors":[],"is_endless":false,"potions_floor_spawned":[1,6,14],"killed_by":"Hexaghost","ascension_level":20}