{"gold_per_floor":[114,114,26,26,101,127,127,139,189,205,232,0,0,0,0,77,77,88,288,308,320,320,320],"floor_reached":23,"playtime":1205,"items_purged":[],"score":444,"play_id":"8b1e4abf-0d90-4d06-9522-57854d99f4b9","local_time":"20190131221203","is_ascension_mode":true,"campfire_choices":[{"data":"Coolheaded","floor":7,"key":"SMITH"},{"data":"Zap","floor":13,"key":"SMITH"},{"data":"Defragment","floor":15,"key":"SMITH"}],"neow_cost":"NONE","seed_source_timestamp":610528353223439,"circlet_count":0,"master_deck":["AscendersBane","Strike_B","Strike_B","Defend_B","Defend_B","Defend_B","Defend_B","Zap","Dualcast","Chaos","Coolheaded+1","Zap+1","Defragment+1","Gash","Go for the Eyes","Consume","Storm","Seek","Echo Form","Creative AI","Undo+1","Conserve Battery","Gash+1","Static Discharge","BootSequence"],"relics":["Cracked Core","NeowsBlessing","Ancient Tea Set","Pear","Juzu Bracelet","Strawberry","The Courier","Velvet Choker"],"potions_floor_usage":[11,16],"damage_taken":[{"damage":0,"enemies":"Jaw Worm","floor":1,"turns":1},{"damage":0,"enemies":"Lagavulin","floor":6,"turns":1},{"damage":0,"enemies":"Cultist","floor":8,"turns":1},{"damage":2,"enemies":"2 Louse","floor":10,"turns":2},{"damage":36,"enemies":"Gremlin Nob","floor":11,"turns":5},{"damage":3,"enemies":"The Guardian","floor":16,"turns":11},{"damage":29,"enemies":"Chosen","floor":18,"turns":4},{"damage":25,"enemies":"Spheric Guardian","floor":20,"turns":6},{"damage":4,"enemies":"Chosen and Byrds","floor":21,"turns":6},{"damage":15,"enemies":"Shelled Parasite and Fungi","floor":23,"turns":3}],"seed_played":"3339738528708471007","potions_obtained":[{"floor":1,"key":"Weak Potion"},{"floor":6,"key":"Swift Potion"},{"floor":10,"key":"Block Potion"},{"floor":21,"key":"PowerPotion"}],"is_trial":false,"path_per_floor":["M","?","$","T","?","E","R","M","T","M","E","$","R","?","R","B",null,"M","?","M","M","?","M"],"character_chosen":"DEFECT","items_purchased":["Defragment","Seek","Echo Form"],"campfire_rested":0,"item_purchase_floors":[3,12,12],"current_hp_per_floor":[64,64,64,64,53,63,63,63,63,61,32,32,32,27,27,24,72,43,43,18,14,14,0],"gold":320,"neow_bonus":"THREE_ENEMY_KILL","is_prod":false,"is_daily":false,"chose_seed":false,"campfire_upgraded":3,"win_rate":0,"timestamp":1548969123,"path_taken":["M","?","?","?","?","E","R","M","T","M","E","$","R","?","R","BOSS","M","?","M","M","?","M"],"build_version":"2019-01-23","purchased_purges":0,"victory":false,"max_hp_per_floor":[71,71,71,71,71,81,81,81,81,81,88,88,88,88,88,88,88,88,88,88,88,88,88],"card_choices":[{"not_picked":["Beam Cell","Compile Driver"],"picked":"Chaos","floor":1},{"not_picked":["Amplify","Leap"],"picked":"Gash","floor":6},{"not_picked":["Rebound","Leap"],"picked":"Go for the Eyes","floor":8},{"not_picked":["Steam","Streamline"],"picked":"Consume","floor":10},{"not_picked":["Redo","Compile Driver"],"picked":"Storm","floor":11},{"not_picked":["Meteor Strike","Rainbow"],"picked":"Creative AI","floor":16},{"not_picked":["Rebound","Leap"],"picked":"Undo+1","floor":18},{"not_picked":["Redo","Streamline"],"picked":"Conserve Battery","floor":20},{"not_picked":["Rebound","Hello World"],"picked":"Gash+1","floor":21}],"player_experience":1608230,"relics_obtained":[{"floor":4,"key":"Ancient Tea Set"},{"floor":6,"key":"Pear"},{"floor":9,"key":"Juzu Bracelet"},{"floor":11,"key":"Strawberry"}],"event_choices":[{"damage_healed":0,"gold_gain":0,"player_choice":"2 cards matched","damage_taken":0,"max_hp_gain":0,"max_hp_loss":0,"event_name":"Match and Keep!","floor":2,"gold_loss":0,"cards_obtained":["Coolheaded","Zap"]},{"damage_healed":0,"gold_gain":75,"player_choice":"Gather Gold","damage_taken":11,"max_hp_gain":0,"max_hp_loss":0,"event_name":"World of Goop","floor":5,"gold_loss":0},{"damage_healed":0,"gold_gain":0,"player_choice":"Success","damage_taken":5,"relics_obtained":["The Courier"],"max_hp_gain":0,"max_hp_loss":0,"event_name":"Scrap Ooze","floor":14,"gold_loss":0},{"damage_healed":0,"gold_gain":250,"player_choice":"Bet on Owner","damage_taken":0,"max_hp_gain":0,"max_hp_loss":0,"event_name":"The Joust","floor":19,"gold_loss":50},{"damage_healed":0,"gold_gain":0,"cards_transformed":["Strike_B","Strike_B"],"player_choice":"Became Test Subject","damage_taken":0,"max_hp_gain":0,"max_hp_loss":0,"event_name":"Drug Dealer","floor":22,"gold_loss":0,"cards_obtained":["Static Discharge","BootSequence"]}],"is_beta":false,"boss_relics":[{"not_picked":["Tiny House","Eternal Feather"],"picked":"Velvet Choker"}],"items_purged_floors":[],"is_endless":false,"potions_floor_spawned":[1,6,10,21],"killed_by":"Shelled Parasite and Fungi","ascension_level":20}