{"gold_per_floor":[112,112,27,41,41,82,82,113,136,152,25,48,78,78],"floor_reached":14,"playtime":442,"items_purged":["Strike_B"],"score":196,"play_id":"071705e4-e936-4397-a81d-2e67bd8cc828","local_time":"20190517213257","is_ascension_mode":true,"campfire_choices":[{"floor":7,"key":"REST"}],"neow_cost":"NONE","seed_source_timestamp":203757062352994,"circlet_count":0,"master_deck":["AscendersBane","Strike_B","Strike_B","Strike_B","Defend_B+1","Defend_B","Defend_B+1","Defend_B","Zap","Dualcast","Compile Driver","Sunder+1","Go for the Eyes","Conserve Battery","Ball Lightning","Cold Snap","Cold Snap"],"relics":["Busted Crown","Golden Idol","War Paint","Blood Vial"],"potions_floor_usage":[10,14],"damage_taken":[{"damage":5,"enemies":"2 Louse","floor":1,"turns":2},{"damage":0,"enemies":"Small Slimes","floor":4,"turns":2},{"damage":32,"enemies":"Gremlin Nob","floor":6,"turns":4},{"damage":37,"enemies":"3 Sentries","floor":8,"turns":8},{"damage":4,"enemies":"Jaw Worm","floor":10,"turns":3},{"damage":2,"enemies":"Gremlin Gang","floor":12,"turns":4},{"damage":11,"enemies":"3 Louse","floor":14,"turns":1}],"seed_played":"-4355352350273752414","potions_obtained":[{"floor":8,"key":"Explosive Potion"},{"floor":12,"key":"SkillPotion"}],"is_trial":false,"path_per_floor":["M","?","$","M","?","E","R","E","T","M","$","M","?","M"],"character_chosen":"DEFECT","items_purchased":["Sunder","Cold Snap"],"campfire_rested":1,"item_purchase_floors":[3,11],"current_hp_per_floor":[59,59,59,59,59,27,46,9,9,7,7,7,7,0],"gold":78,"neow_bonus":"BOSS_RELIC","is_prod":false,"is_daily":false,"chose_seed":false,"campfire_upgraded":0,"win_rate":0,"timestamp":1558121577,"path_taken":["M","?","$","M","?","E","R","E","T","M","$","M","?","M"],"build_version":"2019-01-23","purchased_purges":1,"victory":false,"max_hp_per_floor":[71,64,64,64,64,64,64,64,64,64,64,64,64,64],"card_choices":[{"not_picked":[],"picked":"Compile Driver","floor":1},{"not_picked":[],"picked":"Go for the Eyes","floor":4},{"not_picked":["Streamline"],"picked":"SKIP","floor":6},{"not_picked":[],"picked":"Conserve Battery","floor":8},{"not_picked":[],"picked":"Ball Lightning","floor":10},{"not_picked":[],"picked":"Cold Snap","floor":12}],"player_experience":2707681,"relics_obtained":[{"floor":6,"key":"War Paint"},{"floor":8,"key":"Blood Vial"}],"event_choices":[{"damage_healed":0,"gold_gain":0,"player_choice":"Lose Max HP","damage_taken":0,"relics_obtained":["Golden Idol"],"max_hp_gain":0,"max_hp_loss":7,"event_name":"Golden Idol","floor":2,"gold_loss":0},{"damage_healed":0,"gold_gain":0,"player_choice":"Grow","damage_taken":0,"max_hp_gain":0,"max_hp_loss":0,"event_name":"Living Wall","floor":5,"gold_loss":0,"cards_upgraded":["Sunder"]},{"damage_healed":0,"gold_gain":30,"player_choice":"Searched \u00271\u0027 times","damage_taken":0,"max_hp_gain":0,"max_hp_loss":0,"event_name":"Dead Adventurer","floor":13,"gold_loss":0}],"is_beta":false,"boss_relics":[],"items_purged_floors":[11],"is_endless":false,"potions_floor_spawned":[8,12],"killed_by":"3 Louse","ascension_level":20}