{"gold_per_floor":[114,131,149,166,185,185,185,213,236,263,22,22,38,370,370,447,447,457,131,131,148,168,197,197,225,225,257,86,86,86,150,150,223,223,235,235,18,35,53,80,94,123,123,138,168,168,168,115,115,115,115,115,115,59,59],"floor_reached":55,"playtime":5233,"items_purged":["Strike_R","Strike_R"],"score":2181,"play_id":"5b0346e2-9a7f-4508-9a8b-6001227a1366","local_time":"20190426230252","is_ascension_mode":true,"campfire_choices":[{"data":"Carnage","floor":6.0,"key":"SMITH"},{"data":"Spot Weakness","floor":15.0,"key":"SMITH"},{"data":"Immolate","floor":24,"key":"SMITH"},{"data":"Spot Weakness","floor":32,"key":"SMITH"},{"floor":46,"key":"RECALL"},{"floor":49,"key":"REST"},{"floor":53,"key":"REST"}],"neow_cost":"NONE","seed_source_timestamp":1470999349355643,"circlet_count":0,"master_deck":["AscendersBane","Defend_R","Defend_R","Defend_R","Bash+1","Evolve","Spot Weakness+1","Twin Strike+1","Carnage+1","Sever Soul","Reaper","Headbutt+1","Flex+1","Immolate+1","Shrug It Off+1","Iron Wave","Feel No Pain","Flame Barrier+1","Spot Weakness+1","Dual Wield+1","Cleave","Dark Embrace","Reaper","Iron Wave","Flame Barrier","Battle Trance","Disarm"],"special_seed":0,"relics":["Burning Blood","Pear","Happy Flower","Art of War","Bag of Preparation","Centennial Puzzle","Old Coin","Snecko Eye","War Paint","Pantograph","Shuriken","Omamori","Mercury Hourglass","Bag of Marbles","Tiny Chest","Fusion Hammer","HandDrill","Whetstone","Ice Cream","Ornamental Fan","Meat on the Bone"],"potions_floor_usage":[23,25,27,40,45,51],"damage_taken":[{"damage":4.0,"enemies":"Small Slimes","floor":1.0,"turns":4.0},{"damage":6.0,"enemies":"Cultist","floor":2.0,"turns":4.0},{"damage":2.0,"enemies":"2 Louse","floor":3.0,"turns":3.0},{"damage":11.0,"enemies":"Looter","floor":4.0,"turns":2.0},{"damage":6.0,"enemies":"2 Fungi Beasts","floor":5.0,"turns":3.0},{"damage":28.0,"enemies":"Lagavulin","floor":8.0,"turns":6.0},{"damage":25.0,"enemies":"3 Sentries","floor":10.0,"turns":6.0},{"damage":9.0,"enemies":"Red Slaver","floor":13.0,"turns":2.0},{"damage":0.0,"enemies":"Lagavulin","floor":14.0,"turns":5.0},{"damage":38.0,"enemies":"Hexaghost","floor":16.0,"turns":6.0},{"damage":13.0,"enemies":"3 Byrds","floor":18.0,"turns":4.0},{"damage":0.0,"enemies":"Chosen","floor":21.0,"turns":3.0},{"damage":2.0,"enemies":"3 Cultists","floor":22.0,"turns":4.0},{"damage":11,"enemies":"Slavers","floor":23,"turns":4},{"damage":10,"enemies":"Book of Stabbing","floor":25,"turns":3},{"damage":10,"enemies":"Gremlin Leader","floor":27,"turns":4},{"damage":0,"enemies":"Slavers","floor":31,"turns":1},{"damage":35,"enemies":"Automaton","floor":33,"turns":6},{"damage":0,"enemies":"3 Shapes","floor":35,"turns":1},{"damage":0,"enemies":"Orb Walker","floor":38,"turns":2},{"damage":7,"enemies":"Transient","floor":39,"turns":6},{"damage":78,"enemies":"Reptomancer","floor":40,"turns":6},{"damage":0,"enemies":"Spire Growth","floor":41,"turns":2},{"damage":18,"enemies":"Nemesis","floor":42,"turns":5},{"damage":18,"enemies":"Maw","floor":44,"turns":5},{"damage":0,"enemies":"Reptomancer","floor":45,"turns":2},{"damage":51,"enemies":"Donu and Deca","floor":50,"turns":7},{"damage":88,"enemies":"Awakened One","floor":51,"turns":10},{"damage":109,"enemies":"Shield and Spear","floor":55,"turns":3}],"seed_played":"-7533594968048477486","potions_obtained":[{"floor":3.0,"key":"SpeedPotion"},{"floor":5.0,"key":"Block Potion"},{"floor":8.0,"key":"Dexterity Potion"},{"floor":14.0,"key":"LiquidBronze"},{"floor":16.0,"key":"Strength Potion"},{"floor":23,"key":"SteroidPotion"},{"floor":25,"key":"Block Potion"},{"floor":27,"key":"Energy Potion"},{"floor":40,"key":"Ancient Potion"},{"floor":42,"key":"Swift Potion"}],"is_trial":false,"path_per_floor":["M","M","M","M","M","R","?","E","T","E","$","?","M","E","R","B",null,"M","$","?","M","M","E","R","E","T","E","$","?","?","E","R","B",null,"M","?","$","M","M","E","M","E","T","M","E","R","T","$","R","B","B",null,"R","$","E"],"character_chosen":"IRONCLAD","items_purchased":["Bag of Preparation","Shrug It Off","War Paint","Bag of Marbles","HandDrill","Weak Potion","SteroidPotion"],"campfire_rested":2,"item_purchase_floors":[11,19,19,28,37,48,54],"current_hp_per_floor":[70,70,74,69,69,69,69,67,67,62,62,44,41,47,47,36,73,66,66,66,81,85,85,85,81,81,77,77,77,77,83,83,75,83,85,85,85,85,85,60,79,67,67,81,85,85,85,85,85,85,66,80,85,85,0],"gold":59,"neow_bonus":"UPGRADE_CARD","is_prod":false,"is_daily":false,"chose_seed":false,"campfire_upgraded":4,"win_rate":0,"timestamp":1556312572,"path_taken":["M","M","M","M","M","R","?","E","T","E","?","?","M","E","R","BOSS","M","$","?","?","M","E","R","E","T","E","$","?","?","E","R","BOSS","M","?","$","M","?","E","M","E","T","M","E","R","?","$","R","BOSS","BOSS","R","$","E"],"build_version":"2019-01-23","purchased_purges":2,"victory":false,"max_hp_per_floor":[75,75,75,75,75,75,75,85,85,85,85,85,85,85,85,85,85,85,85,85,85,85,85,85,85,85,85,85,85,85,85,85,85,85,85,85,85,85,85,85,85,85,85,85,85,85,85,85,85,85,85,85,85,85,85],"card_choices":[{"not_picked":["Thunderclap","Havoc"],"picked":"Evolve","floor":1.0},{"not_picked":["Twin Strike","Flex"],"picked":"Spot Weakness","floor":2.0},{"not_picked":["Entrench","Ghostly Armor"],"picked":"Twin Strike","floor":3.0},{"not_picked":["Clothesline","Pommel Strike"],"picked":"Carnage","floor":4.0},{"not_picked":["Wild Strike","Anger","Rupture"],"picked":"SKIP","floor":5.0},{"not_picked":["Thunderclap","Flame Barrier"],"picked":"Headbutt","floor":8.0},{"not_picked":["Juggernaut","Warcry"],"picked":"Flex","floor":10.0},{"not_picked":["Flex","Heavy Blade","Perfected Strike"],"picked":"SKIP","floor":13.0},{"not_picked":["Sever Soul","Headbutt","Iron Wave"],"picked":"SKIP","floor":14.0},{"not_picked":["Impervious","Dark Embrace"],"picked":"Immolate","floor":16.0},{"not_picked":["Wild Strike","Headbutt+1","Anger"],"picked":"SKIP","floor":18.0},{"not_picked":["Wild Strike","Shrug It Off"],"picked":"Feel No Pain","floor":21.0},{"not_picked":["Armaments","Sword Boomerang"],"picked":"Flame Barrier+1","floor":22.0},{"not_picked":["Rampage+1","Warcry"],"picked":"Spot Weakness","floor":23},{"not_picked":["Offering","Headbutt"],"picked":"Dual Wield+1","floor":25},{"not_picked":["Whirlwind","Anger","Pommel Strike"],"picked":"SKIP","floor":27},{"not_picked":["Hemokinesis","Reckless Charge","Clothesline"],"picked":"SKIP","floor":31},{"not_picked":["Impervious","Limit Break"],"picked":"Reaper","floor":33},{"not_picked":["Wild Strike+1","Dropkick","Warcry"],"picked":"SKIP","floor":35},{"not_picked":["Perfected Strike","True Grit"],"picked":"Flame Barrier","floor":38},{"not_picked":["Twin Strike","Flex"],"picked":"Battle Trance","floor":39},{"not_picked":["Brutality","Sentinel+1","Second Wind"],"picked":"SKIP","floor":40},{"not_picked":["Anger","Flex","Armaments"],"picked":"SKIP","floor":41},{"not_picked":["Rampage","Perfected Strike","Anger"],"picked":"SKIP","floor":42},{"not_picked":["Wild Strike+1","Anger+1"],"picked":"Disarm","floor":44},{"not_picked":["Thunderclap+1","Infernal Blade+1","Battle Trance"],"picked":"SKIP","floor":45}],"player_experience":2577083,"relics_obtained":[{"floor":8.0,"key":"Pear"},{"floor":9.0,"key":"Happy Flower"},{"floor":10.0,"key":"Art of War"},{"floor":14.0,"key":"Old Coin"},{"floor":23,"key":"Pantograph"},{"floor":25,"key":"Shuriken"},{"floor":26,"key":"Omamori"},{"floor":27,"key":"Mercury Hourglass"},{"floor":31,"key":"Tiny Chest"},{"floor":40,"key":"Whetstone"},{"floor":42,"key":"Ice Cream"},{"floor":45,"key":"Ornamental Fan"},{"floor":47,"key":"Meat on the Bone"}],"event_choices":[{"damage_healed":0.0,"max_hp_gain":0.0,"max_hp_loss":0.0,"gold_gain":0.0,"event_name":"Match and Keep!","player_choice":"2 cards matched","floor":7.0,"gold_loss":0.0,"damage_taken":0.0,"cards_obtained":["Sever Soul","Reaper"]},{"damage_healed":0.0,"max_hp_gain":0.0,"max_hp_loss":0.0,"gold_gain":0.0,"event_name":"Match and Keep!","player_choice":"2 cards matched","floor":7.0,"gold_loss":0.0,"damage_taken":0.0,"cards_obtained":["Sever Soul","Reaper"]},{"damage_healed":0.0,"max_hp_gain":0.0,"max_hp_loss":0.0,"gold_gain":0.0,"event_name":"Scrap Ooze","player_choice":"Success","floor":12.0,"gold_loss":0.0,"damage_taken":18.0,"relics_obtained":["Centennial Puzzle"]},{"damage_healed":0.0,"max_hp_gain":0.0,"max_hp_loss":0.0,"gold_gain":0.0,"cards_transformed":["Strike_R"],"event_name":"Transmorgrifier","player_choice":"Transformed","floor":20.0,"gold_loss":0.0,"damage_taken":0.0,"cards_obtained":["Iron Wave"]},{"damage_healed":0,"gold_gain":0,"player_choice":"Smashed Altar","damage_taken":0,"max_hp_gain":0,"max_hp_loss":0,"event_name":"Forgotten Altar","floor":29,"gold_loss":0,"cards_obtained":["Decay"]},{"damage_healed":0,"gold_gain":0,"cards_transformed":["Strike_R","Strike_R"],"player_choice":"Became Test Subject","damage_taken":0,"max_hp_gain":0,"max_hp_loss":0,"event_name":"Drug Dealer","floor":30,"gold_loss":0,"cards_obtained":["Cleave","Dark Embrace"]},{"damage_healed":0,"gold_gain":0,"cards_transformed":["Defend_R"],"player_choice":"Transformed","damage_taken":0,"max_hp_gain":0,"max_hp_loss":0,"event_name":"Transmorgrifier","floor":36,"gold_loss":0,"cards_obtained":["Iron Wave"]}],"is_beta":false,"boss_relics":[{"not_picked":["Black Blood","Runic Cube"],"picked":"Snecko Eye"},{"not_picked":["Velvet Choker","Calling Bell"],"picked":"Fusion Hammer"}],"items_purged_floors":[11,19],"is_endless":false,"potions_floor_spawned":[3,5,8,14,16,23,25,27,33,38,39,40,42,44],"killed_by":"Shield and Spear","ascension_level":20}