{"gold_per_floor":[114,133,58,77,92,124,124,152,152,152,170,193,210,210],"floor_reached":14,"playtime":1056,"items_purged":[],"score":204,"play_id":"3959948e-fd1a-44bb-a0c3-9ea7b19cf6f3","local_time":"20190315213844","is_ascension_mode":true,"campfire_choices":[{"data":"Dagger Spray","floor":7,"key":"SMITH"},{"floor":10,"key":"REST"}],"neow_cost":"NONE","seed_source_timestamp":5090760496105,"circlet_count":0,"master_deck":["AscendersBane","Defend_G","Defend_G","Defend_G","Defend_G","Defend_G","Strike_G","Strike_G","Strike_G","Strike_G","Survivor","Neutralize+1","Choke","Dagger Spray+1","Predator","Bouncing Flask","Doppelganger","Blade Dance","Bane"],"relics":["Ring of the Snake","Peace Pipe","Bag of Marbles","Art of War","Centennial Puzzle"],"potions_floor_usage":[2,5,6],"damage_taken":[{"damage":0,"enemies":"Small Slimes","floor":1,"turns":4},{"damage":0,"enemies":"Jaw Worm","floor":2,"turns":4},{"damage":1,"enemies":"Cultist","floor":4,"turns":3},{"damage":3,"enemies":"Looter","floor":5,"turns":4},{"damage":17,"enemies":"3 Sentries","floor":6,"turns":9},{"damage":29,"enemies":"Lagavulin","floor":8,"turns":7},{"damage":11,"enemies":"Exordium Thugs","floor":11,"turns":5},{"damage":4,"enemies":"Blue Slaver","floor":13,"turns":4},{"damage":29,"enemies":"Gremlin Nob","floor":14,"turns":3}],"seed_played":"-5317864861288218801","potions_obtained":[{"floor":1,"key":"FearPotion"},{"floor":4,"key":"Fruit Juice"},{"floor":5,"key":"FearPotion"},{"floor":13,"key":"Dexterity Potion"}],"is_trial":false,"path_per_floor":["M","M","?","M","M","E","R","E","T","R","M","T","M","E"],"character_chosen":"THE_SILENT","items_purchased":[],"campfire_rested":1,"item_purchase_floors":[],"current_hp_per_floor":[59,59,59,58,60,43,43,14,14,35,24,24,20,0],"gold":210,"neow_bonus":"UPGRADE_CARD","is_prod":false,"is_daily":false,"chose_seed":false,"campfire_upgraded":1,"win_rate":0,"timestamp":1552682324,"path_taken":["M","M","?","M","M","E","R","E","T","R","M","?","M","E"],"build_version":"2019-01-23","purchased_purges":0,"victory":false,"max_hp_per_floor":[66,66,66,66,71,71,71,71,71,71,71,71,71,71],"card_choices":[{"not_picked":["Reflex","Tactician"],"picked":"Choke","floor":1},{"not_picked":["Calculated Gamble","Deflect"],"picked":"Dagger Spray","floor":2},{"not_picked":["Bane","Acrobatics"],"picked":"Predator","floor":4},{"not_picked":["Finisher","Acrobatics","Outmaneuver"],"picked":"SKIP","floor":5},{"not_picked":["Flying Knee","Prepared"],"picked":"Bouncing Flask","floor":6},{"not_picked":["Leg Sweep","Outmaneuver"],"picked":"Doppelganger","floor":8},{"not_picked":["Tactician","Expertise"],"picked":"Blade Dance","floor":11},{"not_picked":["Deflect","Dodge and Roll"],"picked":"Bane","floor":13}],"player_experience":2055101,"relics_obtained":[{"floor":6,"key":"Peace Pipe"},{"floor":8,"key":"Bag of Marbles"},{"floor":9,"key":"Art of War"},{"floor":12,"key":"Centennial Puzzle"}],"event_choices":[{"cards_removed":["Strike_G"],"damage_healed":0,"gold_gain":0,"player_choice":"Card Removal","damage_taken":0,"max_hp_gain":0,"max_hp_loss":0,"event_name":"The Cleric","floor":3,"gold_loss":75}],"is_beta":false,"boss_relics":[],"items_purged_floors":[],"is_endless":false,"potions_floor_spawned":[1,4,5,13],"killed_by":"Gremlin Nob","ascension_level":20}