{"gold_per_floor":[117,134,76,20,20,20,32,62,107,107,134,145,170,170,170,247,247,204,223,223,241,241],"floor_reached":22,"playtime":16180,"items_purged":[],"score":458,"play_id":"311a6e2e-b510-48b4-bbf4-5beafd34e71b","local_time":"20190319203033","is_ascension_mode":true,"campfire_choices":[{"data":"Zap","floor":6.0,"key":"SMITH"},{"data":"Rip and Tear","floor":10.0,"key":"SMITH"},{"floor":15.0,"key":"REST"}],"neow_cost":"NONE","seed_source_timestamp":331429161098017,"circlet_count":0,"master_deck":["AscendersBane","Strike_B","Strike_B","Strike_B","Defend_B","Defend_B","Defend_B","Defend_B","Zap+1","Rip and Tear+1","Ball Lightning","Reinforced Body","Undo","Sweeping Beam","Melter","Creative AI","Fission+1","Defragment","Defragment"],"special_seed":0,"relics":["Cracked Core","NeowsBlessing","Oddly Smooth Stone","Happy Flower","Bag of Preparation","Pen Nib","Omamori","Runic Pyramid"],"potions_floor_usage":[],"damage_taken":[{"damage":0.0,"enemies":"Cultist","floor":1.0,"turns":1.0},{"damage":0.0,"enemies":"2 Louse","floor":2.0,"turns":1.0},{"damage":0.0,"enemies":"Jaw Worm","floor":7.0,"turns":1.0},{"damage":0.0,"enemies":"Gremlin Nob","floor":8.0,"turns":3.0},{"damage":20.0,"enemies":"3 Sentries","floor":11.0,"turns":6.0},{"damage":6.0,"enemies":"Exordium Thugs","floor":12.0,"turns":3.0},{"damage":22.0,"enemies":"Gremlin Nob","floor":13.0,"turns":4.0},{"damage":6.0,"enemies":"Slime Boss","floor":16.0,"turns":6.0},{"damage":28.0,"enemies":"2 Thieves","floor":18.0,"turns":5.0},{"damage":6.0,"enemies":"Chosen","floor":19.0,"turns":4.0},{"damage":18,"enemies":"Sentry and Sphere","floor":21,"turns":5},{"damage":9,"enemies":"Centurion and Healer","floor":22,"turns":1}],"seed_played":"597257165930535136","potions_obtained":[{"floor":2.0,"key":"SteroidPotion"},{"floor":12.0,"key":"Poison Potion"},{"floor":16.0,"key":"SpeedPotion"},{"floor":19.0,"key":"PowerPotion"}],"is_trial":false,"path_per_floor":["M","M","?","$","?","R","M","E","T","R","E","M","E","?","R","B",null,"M","M","?","M","M"],"character_chosen":"DEFECT","items_purchased":["Ball Lightning"],"campfire_rested":1,"item_purchase_floors":[4],"current_hp_per_floor":[64,64,64,64,64,64,64,64,64,64,44,38,16,16,37,31,61,33,27,27,9,0],"gold":241,"neow_bonus":"THREE_ENEMY_KILL","is_prod":false,"is_daily":false,"chose_seed":false,"campfire_upgraded":2,"win_rate":0,"timestamp":1553023833,"path_taken":["M","?","?","?","?","R","M","E","T","R","E","?","E","?","R","BOSS","M","?","?","M","?"],"build_version":"2019-01-23","purchased_purges":0,"victory":false,"max_hp_per_floor":[71,71,71,71,71,71,71,71,71,71,71,71,71,71,71,71,71,71,71,71,71,71],"card_choices":[{"not_picked":["Sweeping Beam","Leap"],"picked":"Rip and Tear","floor":1.0},{"not_picked":["Force Field","Turbo","Compile Driver"],"picked":"SKIP","floor":2.0},{"not_picked":["Capacitor","Auto Shields"],"picked":"Reinforced Body","floor":7.0},{"not_picked":["BootSequence","Compile Driver"],"picked":"Undo","floor":8.0},{"not_picked":["Gash","Leap"],"picked":"Sweeping Beam","floor":11.0},{"not_picked":["Chaos","Conserve Battery"],"picked":"Melter","floor":12.0},{"not_picked":["Chill","Rebound","Consume"],"picked":"SKIP","floor":13.0},{"not_picked":["Core Surge","Hyperbeam"],"picked":"Fission","floor":16.0},{"not_picked":["Doom and Gloom+1","Conserve Battery"],"picked":"Defragment","floor":18.0},{"not_picked":["Hologram","Skim"],"picked":"Defragment","floor":19.0},{"not_picked":["Chaos","Coolheaded","Stack"],"picked":"SKIP","floor":21}],"player_experience":2131175,"relics_obtained":[{"floor":8.0,"key":"Happy Flower"},{"floor":9.0,"key":"Bag of Preparation"},{"floor":11.0,"key":"Pen Nib"},{"floor":13.0,"key":"Omamori"}],"event_choices":[{"damage_healed":0.0,"max_hp_gain":0.0,"max_hp_loss":0.0,"gold_gain":0.0,"event_name":"WeMeetAgain","player_choice":"Paid Gold","floor":3.0,"gold_loss":58.0,"damage_taken":0.0,"relics_obtained":["Oddly Smooth Stone"]},{"cards_removed":["Dualcast"],"damage_healed":0.0,"max_hp_gain":0.0,"max_hp_loss":0.0,"gold_gain":0.0,"event_name":"Bonfire Elementals","player_choice":"Offered Basic","floor":5.0,"gold_loss":0.0,"damage_taken":0.0},{"damage_healed":0.0,"max_hp_gain":0.0,"max_hp_loss":0.0,"gold_gain":0.0,"cards_transformed":["Strike_B"],"event_name":"Transmorgrifier","player_choice":"Transformed","floor":14.0,"gold_loss":0.0,"damage_taken":0.0,"cards_obtained":["Creative AI"]},{"damage_healed":0.0,"max_hp_gain":0.0,"max_hp_loss":0.0,"gold_gain":0.0,"event_name":"Upgrade Shrine","player_choice":"Upgraded","floor":20.0,"gold_loss":0.0,"damage_taken":0.0,"cards_upgraded":["Fission"]}],"is_beta":false,"boss_relics":[{"not_picked":["Nuclear Battery","Black Star"],"picked":"Runic Pyramid"}],"items_purged_floors":[],"is_endless":false,"potions_floor_spawned":[2,12,16,19],"killed_by":"Centurion and Healer","ascension_level":20}