{"gold_per_floor":[129,141,153,177,208,251,263,304,316,328,374,402,441,464,476,566,578,610,642,654,684,708,720,732],"floor_reached":24,"playtime":1573,"items_purged":[],"score":506,"play_id":"a8f496ed-2542-4ff0-9798-a25e72457d67","local_time":"20190110182001","is_ascension_mode":true,"campfire_choices":[{"data":"Sunder","floor":7,"key":"SMITH"},{"floor":10,"key":"REST"},{"data":"Double Energy","floor":15,"key":"SMITH"},{"floor":23,"key":"REST"}],"neow_cost":"NONE","seed_source_timestamp":64149837981395,"circlet_count":0,"master_deck":["AscendersBane","Strike_B","Strike_B","Strike_B","Defend_B","Defend_B","Defend_B","Zap","Dualcast","Sunder+1","Coolheaded","Rip and Tear","Beam Cell","Chill","Loop","Ball Lightning","Hyperbeam","Double Energy+1","Core Surge","Undo","BootSequence"],"relics":["Cracked Core","MawBank","Boot","Symbiotic Virus","Mercury Hourglass","Bronze Scales","Bag of Marbles","Empty Cage"],"potions_floor_usage":[11,11,21,24,24],"damage_taken":[{"damage":0,"enemies":"2 Louse","floor":1,"turns":3},{"damage":3,"enemies":"Small Slimes","floor":4,"turns":3},{"damage":0,"enemies":"Cultist","floor":5,"turns":3},{"damage":27,"enemies":"Gremlin Nob","floor":6,"turns":4},{"damage":20,"enemies":"Lagavulin","floor":8,"turns":5},{"damage":0,"enemies":"Gremlin Nob","floor":11,"turns":2},{"damage":0,"enemies":"2 Fungi Beasts","floor":12,"turns":2},{"damage":11,"enemies":"3 Sentries","floor":13,"turns":4},{"damage":0,"enemies":"Gremlin Gang","floor":14,"turns":1},{"damage":11,"enemies":"The Guardian","floor":16,"turns":10},{"damage":5,"enemies":"3 Byrds","floor":18,"turns":2},{"damage":14,"enemies":"Shell Parasite","floor":19,"turns":3},{"damage":41,"enemies":"Shelled Parasite and Fungi","floor":21,"turns":5},{"damage":13,"enemies":"Snecko","floor":22,"turns":3},{"damage":27,"enemies":"Book of Stabbing","floor":24,"turns":2}],"seed_played":"4917586555523889534","potions_obtained":[{"floor":1,"key":"FocusPotion"},{"floor":5,"key":"FearPotion"},{"floor":8,"key":"AttackPotion"},{"floor":14,"key":"Ancient Potion"},{"floor":16,"key":"Regen Potion"},{"floor":21,"key":"FocusPotion"}],"is_trial":false,"path_per_floor":["M","?","?","M","M","E","R","E","T","R","E","M","E","M","R","B",null,"M","M","?","M","M","R","E"],"character_chosen":"DEFECT","items_purchased":[],"campfire_rested":2,"item_purchase_floors":[],"current_hp_per_floor":[64,69,69,66,66,39,39,19,19,41,41,41,30,30,30,19,62,57,43,43,16,3,25,0],"gold":732,"neow_bonus":"RANDOM_COMMON_RELIC","is_prod":false,"is_daily":false,"chose_seed":false,"campfire_upgraded":2,"win_rate":0,"timestamp":1547140801,"path_taken":["M","?","?","M","M","E","R","E","T","R","E","M","E","?","R","BOSS","M","M","?","M","M","R","E"],"build_version":"2019-01-03v4","purchased_purges":0,"victory":false,"max_hp_per_floor":[71,76,76,76,76,76,76,76,76,76,76,76,76,76,76,76,76,76,76,76,76,76,76,76],"card_choices":[{"not_picked":["Rebound","Self Repair"],"picked":"Sunder","floor":1},{"not_picked":["Self Repair","Streamline"],"picked":"Rip and Tear","floor":4},{"not_picked":["Redo","Rebound"],"picked":"Beam Cell","floor":5},{"not_picked":["Leap","Force Field","Stack"],"picked":"SKIP","floor":6},{"not_picked":["Compile Driver","Aggregate"],"picked":"Chill","floor":8},{"not_picked":["Darkness","Hologram"],"picked":"Loop","floor":11},{"not_picked":["Beam Cell","Compile Driver"],"picked":"Ball Lightning","floor":12},{"not_picked":["Hologram","Redo"],"picked":"Hyperbeam","floor":13},{"not_picked":["Rebound","Turbo"],"picked":"Double Energy","floor":14},{"not_picked":["Machine Learning","Reboot"],"picked":"Core Surge","floor":16},{"not_picked":["Compile Driver","Gash+1"],"picked":"Undo","floor":18},{"not_picked":["Steam","Beam Cell","Lockon"],"picked":"SKIP","floor":19},{"not_picked":["Force Field","Gash"],"picked":"BootSequence","floor":21},{"not_picked":["Beam Cell","Cold Snap","Rebound"],"picked":"SKIP","floor":22}],"player_experience":1539802,"relics_obtained":[{"floor":6,"key":"Boot"},{"floor":8,"key":"Symbiotic Virus"},{"floor":9,"key":"Mercury Hourglass"},{"floor":11,"key":"Bronze Scales"},{"floor":13,"key":"Bag of Marbles"}],"event_choices":[{"damage_healed":0,"gold_gain":0,"player_choice":"Donut","damage_taken":0,"max_hp_gain":5,"max_hp_loss":0,"event_name":"Big Fish","floor":2,"gold_loss":0},{"damage_healed":0,"gold_gain":0,"player_choice":"1 cards matched","damage_taken":0,"max_hp_gain":0,"max_hp_loss":0,"event_name":"Match and Keep!","floor":3,"gold_loss":0,"cards_obtained":["Coolheaded"]},{"damage_healed":0,"gold_gain":0,"player_choice":"Ignored","damage_taken":0,"max_hp_gain":0,"max_hp_loss":0,"event_name":"N\u0027loth","floor":20,"gold_loss":0}],"is_beta":false,"boss_relics":[{"not_picked":["Orrery","FrozenCore"],"picked":"Empty Cage"}],"items_purged_floors":[],"is_endless":false,"potions_floor_spawned":[1,5,8,14,16,21],"killed_by":"Book of Stabbing","ascension_level":20}