{"gold_per_floor":[119,119,119,44,60,95,95,95,143,143,157,191,204,221,221,293,293,311,311,194,194,244,274,274,289,358,377,377,392,6,36,36,109,109,124,143,27,27,127,157,157,187,187,222,234,0,12,24,36,48],"floor_reached":50,"playtime":3812,"items_purged":["Defend_R"],"score":1244,"play_id":"ffceb4e8-113d-4c99-9753-d233d2074d29","local_time":"20190213224155","is_ascension_mode":true,"campfire_choices":[{"data":"Fiend Fire","floor":7.0,"key":"SMITH"},{"data":"Sever Soul","floor":10.0,"key":"SMITH"},{"data":"Shockwave","floor":15.0,"key":"SMITH"},{"data":"Whirlwind","floor":24.0,"key":"SMITH"},{"floor":32.0,"key":"REST"},{"data":"Demon Form","floor":41.0,"key":"SMITH"},{"floor":45.0,"key":"RECALL"},{"floor":49.0,"key":"REST"}],"neow_cost":"NONE","seed_source_timestamp":1732393426359038,"circlet_count":0,"master_deck":["AscendersBane","Strike_R+1","Strike_R+1","Strike_R+1","Defend_R+1","Defend_R+1","Bash","Sever Soul+1","Disarm","Fiend Fire+1","Shockwave+1","Thunderclap","Rampage","Offering","Iron Wave","Ghostly","Ghostly","Ghostly","Whirlwind+1","Spot Weakness","Armaments+1","Sentinel+1","Demon Form+1","Dark Embrace","Flex+1","Feel No Pain","Madness+1","Madness+1","Armaments+1","Limit Break+1","PanicButton+1"],"special_seed":0,"relics":["Burning Blood","NeowsBlessing","Bottled Flame","Anchor","Pocketwatch","Mark of Pain","Centennial Puzzle","Toxic Egg 2","Bag of Preparation","Strange Spoon","Bronze Scales","Philosopher\u0027s Stone","Dead Branch","Juzu Bracelet","Darkstone Periapt","MawBank","Red Mask"],"potions_floor_usage":[50],"damage_taken":[{"damage":0.0,"enemies":"2 Louse","floor":1.0,"turns":1.0},{"damage":0.0,"enemies":"Cultist","floor":5.0,"turns":1.0},{"damage":0.0,"enemies":"3 Sentries","floor":6.0,"turns":1.0},{"damage":0.0,"enemies":"Jaw Worm","floor":11.0,"turns":2.0},{"damage":25.0,"enemies":"Gremlin Nob","floor":12.0,"turns":4.0},{"damage":4.0,"enemies":"3 Louse","floor":13.0,"turns":3.0},{"damage":3.0,"enemies":"Blue Slaver","floor":14.0,"turns":2.0},{"damage":33.0,"enemies":"Hexaghost","floor":16.0,"turns":8.0},{"damage":8.0,"enemies":"3 Byrds","floor":18.0,"turns":3.0},{"damage":9.0,"enemies":"Book of Stabbing","floor":23.0,"turns":4.0},{"damage":0.0,"enemies":"Spheric Guardian","floor":25.0,"turns":4.0},{"damage":0.0,"enemies":"Snake Plant","floor":27.0,"turns":4.0},{"damage":8.0,"enemies":"Chosen and Byrds","floor":29.0,"turns":5.0},{"damage":11.0,"enemies":"Gremlin Leader","floor":31.0,"turns":5.0},{"damage":1.0,"enemies":"Collector","floor":33.0,"turns":7.0},{"damage":1.0,"enemies":"Orb Walker","floor":35.0,"turns":3.0},{"damage":0.0,"enemies":"3 Shapes","floor":36.0,"turns":2.0},{"damage":4.0,"enemies":"Mind Bloom Boss Battle","floor":39.0,"turns":6.0},{"damage":6.0,"enemies":"Reptomancer","floor":40.0,"turns":4.0},{"damage":12.0,"enemies":"Giant Head","floor":42.0,"turns":5.0},{"damage":31.0,"enemies":"Reptomancer","floor":44.0,"turns":6.0},{"damage":33,"enemies":"Donu and Deca","floor":50,"turns":5}],"seed_played":"-4077544041542370442","potions_obtained":[{"floor":5.0,"key":"Strength Potion"},{"floor":12.0,"key":"Explosive Potion"},{"floor":16.0,"key":"Fruit Juice"},{"floor":18.0,"key":"Fire Potion"},{"floor":25.0,"key":"PowerPotion"},{"floor":29.0,"key":"SmokeBomb"},{"floor":33.0,"key":"BloodPotion"},{"floor":36.0,"key":"Ancient Potion"},{"floor":40.0,"key":"SteroidPotion"},{"floor":42.0,"key":"Fruit Juice"}],"is_trial":false,"path_per_floor":["M","?","?","?","M","E","R","?","T","R","M","E","M","M","R","B",null,"M","?","$","?","?","E","R","M","T","M","?","M","$","E","R","B",null,"M","M","$","?","?","E","R","E","T","E","R","?","$","?","R","B"],"character_chosen":"IRONCLAD","items_purchased":["Whirlwind","Bag of Preparation","Strange Spoon","Flex+1","Feel No Pain"],"campfire_rested":2,"item_purchase_floors":[20,30,30,37,37],"current_hp_per_floor":[74,67,72,72,78,80,80,80,80,80,80,61,63,66,66,44,75,73,42,42,42,42,39,39,42,42,42,32,30,30,25,39,44,46,47,47,47,39,41,41,41,40,40,15,15,15,15,15,30,0],"gold":48,"neow_bonus":"THREE_ENEMY_KILL","is_prod":false,"is_daily":false,"chose_seed":false,"campfire_upgraded":5,"win_rate":0,"timestamp":1550094115,"path_taken":["M","?","?","?","M","E","R","?","T","R","?","E","M","M","R","BOSS","M","?","$","?","?","E","R","M","T","M","?","M","$","E","R","BOSS","M","M","$","?","?","E","R","E","T","E","R","?","?","?","R","BOSS"],"build_version":"2019-01-23","purchased_purges":1,"victory":false,"max_hp_per_floor":[75,75,80,80,80,80,80,80,80,80,80,80,80,80,80,85,85,85,42,42,42,42,42,42,42,42,42,47,47,47,47,47,47,47,47,47,47,47,47,47,47,52,52,52,52,52,52,52,52,52],"card_choices":[{"not_picked":["Clash","Sentinel"],"picked":"Sever Soul","floor":1.0},{"not_picked":["Second Wind","Cleave"],"picked":"Disarm","floor":5.0},{"not_picked":["Evolve","Havoc"],"picked":"Fiend Fire","floor":6.0},{"not_picked":["Cleave","True Grit"],"picked":"Shockwave","floor":11.0},{"not_picked":["Body Slam","Rage","Headbutt"],"picked":"SKIP","floor":12.0},{"not_picked":["Sword Boomerang","Intimidate"],"picked":"Thunderclap","floor":13.0},{"not_picked":["Metallicize","Flex"],"picked":"Rampage","floor":14.0},{"not_picked":["Limit Break","Bludgeon"],"picked":"Offering","floor":16.0},{"not_picked":["Seeing Red+1","Flex"],"picked":"Iron Wave","floor":18.0},{"not_picked":["Spot Weakness","Body Slam","Rupture"],"picked":"SKIP","floor":23.0},{"not_picked":["Clash","Cleave"],"picked":"Spot Weakness","floor":25.0},{"not_picked":["Rampage","Anger"],"picked":"Armaments+1","floor":27.0},{"not_picked":["Headbutt+1","Cleave"],"picked":"Sentinel+1","floor":29.0},{"not_picked":["Whirlwind+1","Clash"],"picked":"Demon Form","floor":31.0},{"not_picked":["Bludgeon","Offering+1"],"picked":"Dark Embrace","floor":33.0},{"not_picked":["Clash","Dropkick","Perfected Strike+1"],"picked":"SKIP","floor":35.0},{"not_picked":["Body Slam","Cleave","Blood for Blood"],"picked":"SKIP","floor":36.0},{"not_picked":["Heavy Blade","Havoc+1"],"picked":"Armaments+1","floor":39.0},{"not_picked":["Perfected Strike+1","Warcry+1"],"picked":"Limit Break+1","floor":40.0},{"not_picked":["Anger+1","Body Slam","Whirlwind"],"picked":"SKIP","floor":42.0},{"not_picked":["Clothesline","Armaments+1","Pommel Strike"],"picked":"SKIP","floor":44.0},{"not_picked":["Dark Shackles+1","Discovery+1"],"picked":"PanicButton+1","floor":48.0}],"player_experience":1678118,"relics_obtained":[{"floor":6.0,"key":"Bottled Flame"},{"floor":9.0,"key":"Anchor"},{"floor":12.0,"key":"Pocketwatch"},{"floor":23.0,"key":"Centennial Puzzle"},{"floor":26.0,"key":"Toxic Egg 2"},{"floor":31.0,"key":"Bronze Scales"},{"floor":39.0,"key":"Dead Branch"},{"floor":40.0,"key":"Juzu Bracelet"},{"floor":42.0,"key":"Darkstone Periapt"},{"floor":44.0,"key":"MawBank"}],"event_choices":[{"cards_removed":["Strike_R"],"damage_healed":0.0,"max_hp_gain":0.0,"max_hp_loss":0.0,"gold_gain":0.0,"event_name":"Golden Wing","player_choice":"Card Removal","floor":2.0,"gold_loss":0.0,"damage_taken":7.0},{"damage_healed":0.0,"max_hp_gain":5.0,"max_hp_loss":0.0,"gold_gain":0.0,"event_name":"Big Fish","player_choice":"Donut","floor":3.0,"gold_loss":0.0,"damage_taken":0.0},{"cards_removed":["Defend_R"],"damage_healed":0.0,"max_hp_gain":0.0,"max_hp_loss":0.0,"gold_gain":0.0,"event_name":"The Cleric","player_choice":"Card Removal","floor":4.0,"gold_loss":75.0,"damage_taken":0.0},{"cards_removed":["Strike_R"],"damage_healed":0.0,"max_hp_gain":0.0,"max_hp_loss":0.0,"gold_gain":0.0,"event_name":"Purifier","player_choice":"Purged","floor":8.0,"gold_loss":0.0,"damage_taken":0.0},{"damage_healed":0.0,"max_hp_gain":0.0,"max_hp_loss":43.0,"gold_gain":0.0,"event_name":"Ghosts","player_choice":"Became a Ghost","floor":19.0,"gold_loss":0.0,"damage_taken":0.0,"cards_obtained":["Ghostly","Ghostly","Ghostly"]},{"damage_healed":0.0,"max_hp_gain":0.0,"max_hp_loss":0.0,"gold_gain":0.0,"event_name":"Back to Basics","player_choice":"Simplicity","floor":21.0,"gold_loss":0.0,"damage_taken":0.0,"cards_upgraded":["Strike_R","Strike_R","Strike_R","Defend_R","Defend_R"]},{"damage_healed":0.0,"max_hp_gain":0.0,"max_hp_loss":0.0,"gold_gain":50.0,"event_name":"Nest","player_choice":"Stole From Cult","floor":22.0,"gold_loss":0.0,"damage_taken":0.0},{"damage_healed":0.0,"max_hp_gain":5.0,"max_hp_loss":0.0,"gold_gain":0.0,"event_name":"Forgotten Altar","player_choice":"Shed Blood","floor":28.0,"gold_loss":0.0,"damage_taken":15.0},{"damage_healed":0.0,"max_hp_gain":0.0,"max_hp_loss":0.0,"gold_gain":0.0,"event_name":"Winding Halls","player_choice":"Embrace Madness","floor":38.0,"gold_loss":0.0,"damage_taken":8.0,"cards_obtained":["Madness","Madness"]},{"damage_healed":0.0,"max_hp_gain":0.0,"max_hp_loss":0.0,"gold_gain":0.0,"event_name":"MindBloom","player_choice":"Fight","floor":39.0,"gold_loss":0.0,"damage_taken":0.0},{"damage_healed":0.0,"max_hp_gain":0.0,"max_hp_loss":0.0,"gold_gain":0.0,"event_name":"Tomb of Lord Red Mask","player_choice":"Paid","floor":46.0,"gold_loss":246.0,"damage_taken":0.0,"relics_obtained":["Red Mask"]},{"damage_healed":0.0,"max_hp_gain":0.0,"max_hp_loss":0.0,"gold_gain":0.0,"event_name":"SensoryStone","player_choice":"Memory 1","floor":48.0,"gold_loss":0.0,"damage_taken":0.0}],"is_beta":false,"boss_relics":[{"not_picked":["Tiny House","Black Blood"],"picked":"Mark of Pain"},{"not_picked":["Runic Dome","Black Star"],"picked":"Philosopher\u0027s Stone"}],"items_purged_floors":[20],"is_endless":false,"potions_floor_spawned":[5,12,14,16,18,25,29,33,36,40,42],"killed_by":"Donu and Deca","ascension_level":20}