{"gold_per_floor":[116,134,59,73,83,83,116,116,143,143,175,325,250],"floor_reached":13,"playtime":1268,"items_purged":["Doubt"],"score":186,"play_id":"31b75e2c-2af5-4089-8449-e4507f1186da","local_time":"20190131223322","is_ascension_mode":true,"campfire_choices":[{"data":"Recycle","floor":6,"key":"SMITH"},{"floor":8,"key":"REST"},{"floor":10,"key":"REST"}],"neow_cost":"NONE","seed_source_timestamp":611746142986105,"circlet_count":0,"master_deck":["AscendersBane","Strike_B","Strike_B+1","Strike_B+1","Defend_B","Defend_B","Defend_B","Defend_B","Zap+1","Dualcast","Recycle+1","Genetic Algorithm","Gash","Force Field","Sunder"],"relics":["Cracked Core","Bag of Marbles","Whetstone","Centennial Puzzle"],"potions_floor_usage":[7],"damage_taken":[{"damage":8,"enemies":"2 Louse","floor":1,"turns":3},{"damage":2,"enemies":"Jaw Worm","floor":2,"turns":4},{"damage":4,"enemies":"Small Slimes","floor":4,"turns":4},{"damage":1,"enemies":"2 Fungi Beasts","floor":5,"turns":4},{"damage":39,"enemies":"Lagavulin","floor":7,"turns":8},{"damage":42,"enemies":"3 Sentries","floor":11,"turns":8}],"seed_played":"-317660907136265402","potions_obtained":[{"floor":5,"key":"Poison Potion"},{"floor":7,"key":"Regen Potion"},{"floor":11,"key":"EssenceOfSteel"}],"is_trial":false,"path_per_floor":["M","M","?","M","M","R","E","R","T","R","E","?","$"],"character_chosen":"DEFECT","items_purchased":[],"campfire_rested":2,"item_purchase_floors":[],"current_hp_per_floor":[56,54,54,50,49,49,10,31,31,52,10,10,10],"gold":250,"neow_bonus":"UPGRADE_CARD","is_prod":false,"is_daily":false,"chose_seed":false,"campfire_upgraded":1,"win_rate":0,"timestamp":1548970402,"path_taken":["M","M","?","M","M","R","E","R","T","R","E","?","$"],"build_version":"2019-01-23","purchased_purges":1,"victory":false,"max_hp_per_floor":[71,71,71,71,71,71,71,71,71,71,71,71,71],"card_choices":[{"not_picked":["Stack","Rebound"],"picked":"Recycle","floor":1},{"not_picked":["Rebound","Streamline","Static Discharge"],"picked":"SKIP","floor":2},{"not_picked":["BootSequence","Go for the Eyes"],"picked":"Genetic Algorithm","floor":4},{"not_picked":["FTL","Compile Driver"],"picked":"Gash","floor":5},{"not_picked":["Darkness","Auto Shields"],"picked":"Force Field","floor":7},{"not_picked":["Stack","Redo"],"picked":"Sunder","floor":11}],"player_experience":1609435,"relics_obtained":[{"floor":7,"key":"Bag of Marbles"},{"floor":9,"key":"Whetstone"},{"floor":11,"key":"Centennial Puzzle"}],"event_choices":[{"cards_removed":["Strike_B"],"damage_healed":0,"gold_gain":0,"player_choice":"Card Removal","damage_taken":0,"max_hp_gain":0,"max_hp_loss":0,"event_name":"The Cleric","floor":3,"gold_loss":75},{"damage_healed":0,"gold_gain":150,"player_choice":"AGREE","damage_taken":0,"max_hp_gain":0,"max_hp_loss":0,"event_name":"Liars Game","floor":12,"gold_loss":0,"cards_obtained":["Doubt"]}],"is_beta":false,"boss_relics":[],"items_purged_floors":[13],"is_endless":false,"potions_floor_spawned":[5,7,11],"ascension_level":20}