{"gold_per_floor":[112,8,26,26,26,26,55,55,81,81,81,116,116,140,140,239,239,264,189,204,204,72,72,92,135,183,108,108,121,156,169,169,169],"floor_reached":33,"playtime":1593,"items_purged":["Strike_G","Strike_G"],"score":632,"play_id":"830bfdde-5c23-4345-bb17-255f5696f6d3","local_time":"20190501215840","is_ascension_mode":true,"campfire_choices":[{"data":"Neutralize","floor":6,"key":"SMITH"},{"data":"Leg Sweep","floor":8,"key":"SMITH"},{"data":"Finisher","floor":10,"key":"SMITH"},{"data":"Poisoned Stab","floor":15,"key":"SMITH"},{"floor":23,"key":"REST"},{"floor":28,"key":"REST"},{"floor":32,"key":"REST"}],"neow_cost":"NONE","seed_source_timestamp":1902933934406725,"circlet_count":0,"master_deck":["AscendersBane","Defend_G","Defend_G+1","Defend_G+1","Defend_G","Defend_G","Strike_G","Strike_G","Survivor","Neutralize+1","Poisoned Stab+1","Leg Sweep+1","Finisher+1","Catalyst","Adrenaline","Endless Agony","Well Laid Plans","A Thousand Cuts","Poisoned Stab+1","Dagger Spray+1","Acrobatics","Backstab+1"],"relics":["Ring of the Snake","NeowsBlessing","Shuriken","Vajra","Calipers","Golden Idol","Fusion Hammer","FaceOfCleric","Molten Egg 2","Smiling Mask","PreservedInsect"],"potions_floor_usage":[12,16,25,30],"damage_taken":[{"damage":0,"enemies":"Small Slimes","floor":1,"turns":1},{"damage":0,"enemies":"Jaw Worm","floor":3,"turns":1},{"damage":0,"enemies":"Gremlin Nob","floor":7,"turns":1},{"damage":10,"enemies":"3 Sentries","floor":12,"turns":3},{"damage":0,"enemies":"Cultist","floor":14,"turns":3},{"damage":26,"enemies":"The Guardian","floor":16,"turns":14},{"damage":11,"enemies":"Shell Parasite","floor":18,"turns":3},{"damage":1,"enemies":"Chosen","floor":20,"turns":5},{"damage":17,"enemies":"Snake Plant","floor":24,"turns":5},{"damage":12,"enemies":"Book of Stabbing","floor":25,"turns":5},{"damage":1,"enemies":"Centurion and Healer","floor":29,"turns":5},{"damage":26,"enemies":"Gremlin Leader","floor":30,"turns":7},{"damage":18,"enemies":"Snecko","floor":31,"turns":7},{"damage":27,"enemies":"Automaton","floor":33,"turns":2}],"seed_played":"-8444721002254658717","potions_obtained":[{"floor":3,"key":"GhostInAJar"},{"floor":7,"key":"SkillPotion"},{"floor":29,"key":"AttackPotion"}],"is_trial":false,"path_per_floor":["M","$","M","?","?","R","E","R","T","R","?","E","?","M","R","B",null,"M","?","M","?","$","R","M","E","T","$","R","M","E","M","R","B"],"character_chosen":"THE_SILENT","items_purchased":["Poisoned Stab","Well Laid Plans","SteroidPotion","Poisoned Stab+1"],"campfire_rested":3,"item_purchase_floors":[2,22,22,27],"current_hp_per_floor":[59,59,59,59,39,39,39,39,39,39,44,34,34,34,34,8,50,39,39,38,38,38,57,41,30,30,30,49,49,24,7,27,0],"gold":169,"neow_bonus":"THREE_ENEMY_KILL","is_prod":false,"is_daily":false,"chose_seed":false,"campfire_upgraded":4,"win_rate":0,"timestamp":1556740720,"path_taken":["M","$","M","?","?","R","E","R","T","R","?","E","?","M","R","BOSS","M","?","M","?","$","R","M","E","T","$","R","M","E","M","R","BOSS"],"build_version":"2019-01-23","purchased_purges":2,"victory":false,"max_hp_per_floor":[66,66,66,66,66,66,66,66,66,66,71,71,64,64,64,64,64,64,64,64,64,64,64,65,66,66,66,66,67,68,69,69,69],"card_choices":[{"not_picked":["Underhanded Strike","Deflect","Eviscerate"],"picked":"SKIP","floor":1},{"not_picked":["Finisher","Quick Slash"],"picked":"Leg Sweep","floor":3},{"not_picked":["Flying Knee","Quick Slash"],"picked":"Finisher","floor":7},{"not_picked":["Flying Knee","Escape Plan"],"picked":"Catalyst","floor":12},{"not_picked":["Backflip","Setup","Slice"],"picked":"SKIP","floor":14},{"not_picked":["After Image","Die Die Die"],"picked":"Adrenaline","floor":16},{"not_picked":["Outmaneuver","Deadly Poison","Distraction"],"picked":"SKIP","floor":18},{"not_picked":["Blur","Blade Dance"],"picked":"Endless Agony","floor":20},{"not_picked":["Dash","All Out Attack","Quick Slash"],"picked":"SKIP","floor":24},{"not_picked":["Accuracy","Dash"],"picked":"A Thousand Cuts","floor":25},{"not_picked":["Deadly Poison+1","Outmaneuver"],"picked":"Dagger Spray+1","floor":29},{"not_picked":["Heel Hook+1","Bane+1"],"picked":"Acrobatics","floor":30},{"not_picked":["Poisoned Stab+1","Terror"],"picked":"Backstab+1","floor":31}],"player_experience":2624338,"relics_obtained":[{"floor":7,"key":"Shuriken"},{"floor":9,"key":"Vajra"},{"floor":12,"key":"Calipers"},{"floor":25,"key":"Molten Egg 2"},{"floor":26,"key":"Smiling Mask"},{"floor":30,"key":"PreservedInsect"}],"event_choices":[{"damage_healed":0,"gold_gain":0,"player_choice":"Leave","damage_taken":0,"max_hp_gain":0,"max_hp_loss":0,"event_name":"The Cleric","floor":4,"gold_loss":0},{"damage_healed":0,"gold_gain":0,"player_choice":"Entered Light","damage_taken":20,"max_hp_gain":0,"max_hp_loss":0,"event_name":"Shining Light","floor":5,"gold_loss":0,"cards_upgraded":["Defend_G","Defend_G"]},{"damage_healed":0,"gold_gain":0,"player_choice":"Donut","damage_taken":0,"max_hp_gain":5,"max_hp_loss":0,"event_name":"Big Fish","floor":11,"gold_loss":0},{"damage_healed":0,"gold_gain":0,"player_choice":"Lose Max HP","damage_taken":0,"relics_obtained":["Golden Idol"],"max_hp_gain":0,"max_hp_loss":7,"event_name":"Golden Idol","floor":13,"gold_loss":0},{"cards_removed":["Strike_G"],"damage_healed":0,"gold_gain":0,"player_choice":"Gave Gold","damage_taken":0,"max_hp_gain":0,"max_hp_loss":0,"event_name":"Beggar","floor":19,"gold_loss":75},{"damage_healed":0,"gold_gain":0,"player_choice":"Trade","damage_taken":0,"relics_obtained":["FaceOfCleric"],"max_hp_gain":0,"max_hp_loss":0,"event_name":"FaceTrader","floor":21,"gold_loss":0}],"is_beta":false,"boss_relics":[{"not_picked":["Busted Crown","Tiny House"],"picked":"Fusion Hammer"}],"items_purged_floors":[2,27],"is_endless":false,"potions_floor_spawned":[3,7,29],"killed_by":"Automaton","ascension_level":20}