{"gold_per_floor":[114,114,114,114,132,173,173,191,218,249,270,305,355,376,376,376],"floor_reached":16,"playtime":723,"items_purged":[],"score":290,"play_id":"1e0658e5-2f76-4ba9-9569-4e0fc196a3db","local_time":"20190228210636","is_ascension_mode":true,"campfire_choices":[{"data":"Skewer","floor":7,"key":"SMITH"},{"floor":15,"key":"REST"}],"neow_cost":"NONE","seed_source_timestamp":775446136784614,"circlet_count":0,"master_deck":["AscendersBane","Defend_G","Defend_G","Defend_G+1","Defend_G+1","Defend_G","Strike_G","Strike_G","Strike_G","Strike_G","Survivor","Neutralize","Flying Knee","Skewer+1","Bullet Time","A Thousand Cuts","Well Laid Plans","Backstab","Acrobatics"],"relics":["Ring of the Snake","NeowsBlessing","Golden Idol","Tough Bandages","Smiling Mask","Oddly Smooth Stone","Bronze Scales","War Paint"],"potions_floor_usage":[10,12],"damage_taken":[{"damage":0,"enemies":"2 Louse","floor":1,"turns":1},{"damage":0,"enemies":"Jaw Worm","floor":5,"turns":1},{"damage":0,"enemies":"Gremlin Nob","floor":6,"turns":1},{"damage":0,"enemies":"Cultist","floor":8,"turns":2},{"damage":28,"enemies":"Lagavulin","floor":10,"turns":7},{"damage":2,"enemies":"Lots of Slimes","floor":11,"turns":5},{"damage":21,"enemies":"Gremlin Nob","floor":12,"turns":4},{"damage":0,"enemies":"2 Fungi Beasts","floor":14,"turns":3},{"damage":21,"enemies":"The Guardian","floor":16,"turns":2}],"seed_played":"-1161362969157542272","potions_obtained":[{"floor":8,"key":"SkillPotion"},{"floor":10,"key":"SkillPotion"}],"is_trial":false,"path_per_floor":["M","?","T","?","M","E","R","M","T","E","M","E","?","M","R","B"],"character_chosen":"THE_SILENT","items_purchased":[],"campfire_rested":1,"item_purchase_floors":[],"current_hp_per_floor":[59,59,59,52,52,52,52,52,52,24,22,1,1,1,19,0],"gold":376,"neow_bonus":"THREE_ENEMY_KILL","is_prod":false,"is_daily":false,"chose_seed":false,"campfire_upgraded":1,"win_rate":0,"timestamp":1551384396,"path_taken":["M","?","?","?","M","E","R","M","T","E","M","E","?","M","R","BOSS"],"build_version":"2019-01-23","purchased_purges":0,"victory":false,"max_hp_per_floor":[66,60,60,60,60,60,60,60,60,60,60,60,60,60,60,60],"card_choices":[{"not_picked":["Blade Dance","Acrobatics","Bane"],"picked":"SKIP","floor":1},{"not_picked":["Slice","Bane"],"picked":"Flying Knee","floor":5},{"not_picked":["Finisher","Slice"],"picked":"Skewer","floor":6},{"not_picked":["Outmaneuver","Quick Slash"],"picked":"Bullet Time","floor":8},{"not_picked":["Cloak And Dagger","Acrobatics"],"picked":"A Thousand Cuts","floor":10},{"not_picked":["Sucker Punch","Cloak And Dagger"],"picked":"Well Laid Plans","floor":11},{"not_picked":["Flechettes","Blade Dance"],"picked":"Backstab","floor":12},{"not_picked":["Outmaneuver","Heel Hook"],"picked":"Acrobatics","floor":14}],"player_experience":1761321,"relics_obtained":[{"floor":3,"key":"Tough Bandages"},{"floor":6,"key":"Smiling Mask"},{"floor":9,"key":"Oddly Smooth Stone"},{"floor":10,"key":"Bronze Scales"},{"floor":12,"key":"War Paint"}],"event_choices":[{"damage_healed":0,"gold_gain":0,"player_choice":"Lose Max HP","damage_taken":0,"relics_obtained":["Golden Idol"],"max_hp_gain":0,"max_hp_loss":6,"event_name":"Golden Idol","floor":2,"gold_loss":0},{"cards_removed":["Strike_G"],"damage_healed":0,"gold_gain":0,"player_choice":"Card Removal","damage_taken":7,"max_hp_gain":0,"max_hp_loss":0,"event_name":"Golden Wing","floor":4,"gold_loss":0},{"damage_healed":0,"gold_gain":50,"player_choice":"Pray","damage_taken":0,"max_hp_gain":0,"max_hp_loss":0,"event_name":"Golden Shrine","floor":13,"gold_loss":0}],"is_beta":false,"boss_relics":[],"items_purged_floors":[],"is_endless":false,"potions_floor_spawned":[8,10],"killed_by":"The Guardian","ascension_level":20}