{"gold_per_floor":[10,26,37,112,124,124,156,172,195,195,116,131,161,176,176,250,250,269,288,248,201,212,212],"floor_reached":23,"playtime":1051,"items_purged":[],"score":338,"play_id":"9bd9a7bd-2f26-4541-af29-500154a991d1","local_time":"20190526104802","is_ascension_mode":true,"campfire_choices":[{"floor":6.0,"key":"REST"},{"floor":10.0,"key":"REST"},{"floor":15.0,"key":"REST"}],"neow_cost":"NO_GOLD","seed_source_timestamp":0,"circlet_count":0,"master_deck":["AscendersBane","Strike_R","Strike_R","Strike_R","Strike_R","Strike_R","Defend_R","Defend_R","Defend_R","Defend_R","Bash","Disarm","Headbutt","True Grit","Spot Weakness","Shrug It Off","Rampage","Iron Wave","Limit Break+1","Thunderclap","Metallicize","Heavy Blade"],"special_seed":0,"relics":["Burning Blood","Turnip","Kunai","Orichalcum","Pen Nib","Cursed Key"],"potions_floor_usage":[23],"damage_taken":[{"damage":9.0,"enemies":"2 Louse","floor":1.0,"turns":4.0},{"damage":3.0,"enemies":"Small Slimes","floor":2.0,"turns":4.0},{"damage":3.0,"enemies":"Cultist","floor":3.0,"turns":4.0},{"damage":26.0,"enemies":"Lots of Slimes","floor":5.0,"turns":8.0},{"damage":38.0,"enemies":"Gremlin Nob","floor":7.0,"turns":5.0},{"damage":17.0,"enemies":"Red Slaver","floor":8.0,"turns":5.0},{"damage":11.0,"enemies":"Exordium Wildlife","floor":12.0,"turns":4.0},{"damage":25.0,"enemies":"3 Sentries","floor":13.0,"turns":8.0},{"damage":1.0,"enemies":"2 Fungi Beasts","floor":14.0,"turns":4.0},{"damage":41.0,"enemies":"The Guardian","floor":16.0,"turns":13.0},{"damage":5,"enemies":"3 Byrds","floor":18,"turns":6},{"damage":5,"enemies":"Chosen","floor":19,"turns":4},{"damage":38,"enemies":"Snake Plant","floor":22,"turns":6},{"damage":39,"enemies":"Book of Stabbing","floor":23,"turns":5}],"seed_played":"-2963238413190423206","potions_obtained":[{"floor":1.0,"key":"PowerPotion"},{"floor":5.0,"key":"Swift Potion"},{"floor":7.0,"key":"Explosive Potion"}],"is_trial":false,"path_per_floor":["M","M","M","?","M","R","E","M","T","R","$","M","E","M","R","B",null,"M","M","?","$","M","E"],"character_chosen":"IRONCLAD","items_purchased":["Rampage","Heavy Blade"],"campfire_rested":3,"item_purchase_floors":[11,21],"current_hp_per_floor":[69,72,75,64,44,68,36,25,25,49,49,44,25,30,54,19,65,66,67,67,67,35,0],"gold":212,"neow_bonus":"ONE_RARE_RELIC","is_prod":false,"is_daily":false,"chose_seed":false,"campfire_upgraded":0,"win_rate":0,"timestamp":1558838882,"path_taken":["M","M","M","?","M","R","E","M","T","R","$","M","E","M","R","BOSS","M","M","?","$","M","E"],"build_version":"2019-01-23","purchased_purges":0,"victory":false,"max_hp_per_floor":[80,80,80,80,80,80,80,80,80,80,80,80,80,80,80,80,80,80,80,80,80,80,80],"card_choices":[{"not_picked":["Sever Soul","Clothesline"],"picked":"Disarm","floor":1.0},{"not_picked":["Hemokinesis","Clothesline"],"picked":"Headbutt","floor":2.0},{"not_picked":["Intimidate","Shockwave"],"picked":"True Grit","floor":3.0},{"not_picked":["Shockwave","Reckless Charge"],"picked":"Spot Weakness","floor":5.0},{"not_picked":["Burning Pact","Blood for Blood","Uppercut"],"picked":"SKIP","floor":7.0},{"not_picked":["Flex","True Grit"],"picked":"Shrug It Off","floor":8.0},{"not_picked":["Twin Strike","Flex","Havoc"],"picked":"SKIP","floor":12.0},{"not_picked":["Twin Strike","Flex","Havoc"],"picked":"SKIP","floor":12.0},{"not_picked":["Intimidate","Fiend Fire"],"picked":"Iron Wave","floor":13.0},{"not_picked":["Clash","Sever Soul","Fire Breathing"],"picked":"SKIP","floor":14.0},{"not_picked":["Brutality","Barricade"],"picked":"Limit Break","floor":16.0},{"not_picked":["Intimidate","Body Slam"],"picked":"Thunderclap","floor":18},{"not_picked":["Disarm","Body Slam"],"picked":"Metallicize","floor":19},{"not_picked":["Body Slam","Fire Breathing","Twin Strike"],"picked":"SKIP","floor":22}],"player_experience":776700,"relics_obtained":[{"floor":7.0,"key":"Kunai"},{"floor":9.0,"key":"Orichalcum"},{"floor":13.0,"key":"Pen Nib"}],"event_choices":[{"damage_healed":0.0,"max_hp_gain":0.0,"max_hp_loss":0.0,"gold_gain":75.0,"event_name":"World of Goop","player_choice":"Gather Gold","floor":4.0,"gold_loss":0.0,"damage_taken":11.0},{"damage_healed":0,"gold_gain":0,"player_choice":"Upgrade","damage_taken":0,"max_hp_gain":0,"max_hp_loss":0,"event_name":"Designer","floor":20,"gold_loss":40,"cards_upgraded":["Limit Break"]}],"is_beta":false,"boss_relics":[{"not_picked":["Calling Bell","Fusion Hammer"],"picked":"Cursed Key"}],"items_purged_floors":[],"is_endless":false,"potions_floor_spawned":[1,5,7,12,13,18,22],"killed_by":"Book of Stabbing","ascension_level":13}