{"gold_per_floor":[110,120,120,6,6,31,31,50,50,50,70,88,101,117,117,217,217,236,256,4,22,22,51,0,20,68,81,81,96,96,96,96,191,191,202,217,229,248,260,260,294,294,294,322,340,340],"floor_reached":46,"playtime":3896,"items_purged":["Strike_G"],"score":586,"play_id":"e08f2d4b-95d0-4c98-9baf-d235f79463c2","local_time":"20190524202104","is_ascension_mode":true,"campfire_choices":[{"data":"Caltrops","floor":7,"key":"SMITH"},{"data":"Cloak And Dagger","floor":10,"key":"SMITH"},{"floor":15,"key":"REST"},{"floor":28,"key":"REST"},{"floor":30,"key":"REST"},{"data":"Choke","floor":32,"key":"SMITH"},{"floor":40,"key":"REST"}],"neow_cost":"NONE","seed_source_timestamp":694025678616421,"circlet_count":0,"master_deck":["Survivor","Neutralize","Underhanded Strike","Cloak And Dagger+1","Caltrops+1","Cloak And Dagger+1","Escape Plan","Prepared","PiercingWail","Choke+1","Adrenaline","Skewer","Poisoned Stab","Skewer","Adrenaline","Acrobatics","Deflect","Poisoned Stab","Catalyst","Footwork","Deadly Poison","Backflip","Necronomicurse","Escape Plan","PiercingWail","Backflip+1","A Thousand Cuts","Deflect","Footwork","Infinite Blades+1"],"relics":["White Beast Statue","Calipers","PreservedInsect","Ninja Scroll","Pandora\u0027s Box","Sling","Necronomicon","Dream Catcher","StoneCalendar","Potion Belt","Busted Crown","Vajra","Mercury Hourglass","Boot"],"potions_floor_usage":[6,11,12,13,14,14,19,19,23,25,27,29,29,33,33,35,36,37,37,39,41,44,45,45],"damage_taken":[{"damage":6,"enemies":"Cultist","floor":1,"turns":6},{"damage":6,"enemies":"Jaw Worm","floor":2,"turns":5},{"damage":12,"enemies":"Lagavulin","floor":6,"turns":8},{"damage":4,"enemies":"2 Louse","floor":8,"turns":4},{"damage":9,"enemies":"Lots of Slimes","floor":11,"turns":3},{"damage":0,"enemies":"Looter","floor":12,"turns":3},{"damage":27,"enemies":"Gremlin Gang","floor":13,"turns":5},{"damage":2,"enemies":"Large Slime","floor":14,"turns":5},{"damage":23,"enemies":"The Guardian","floor":16,"turns":12},{"damage":3,"enemies":"Shell Parasite","floor":18,"turns":2},{"damage":2,"enemies":"3 Byrds","floor":19,"turns":3},{"damage":38,"enemies":"Centurion and Healer","floor":21,"turns":7},{"damage":0,"enemies":"Book of Stabbing","floor":23,"turns":3},{"damage":0,"enemies":"Shelled Parasite and Fungi","floor":25,"turns":3},{"damage":0,"enemies":"Chosen and Byrds","floor":27,"turns":4},{"damage":6,"enemies":"Snake Plant","floor":29,"turns":2},{"damage":45,"enemies":"Automaton","floor":33,"turns":8},{"damage":6,"enemies":"3 Shapes","floor":35,"turns":3},{"damage":10,"enemies":"3 Darklings","floor":36,"turns":3},{"damage":13,"enemies":"Maw","floor":37,"turns":5},{"damage":16,"enemies":"Sphere and 2 Shapes","floor":38,"turns":5},{"damage":27,"enemies":"Transient","floor":39,"turns":5},{"damage":5,"enemies":"Nemesis","floor":41,"turns":5},{"damage":9,"enemies":"Reptomancer","floor":44,"turns":3},{"damage":10,"enemies":"Maw","floor":45,"turns":6},{"damage":23,"enemies":"Spire Growth","floor":46,"turns":2}],"seed_played":"-2182915390177640206","potions_obtained":[{"floor":1,"key":"EssenceOfSteel"},{"floor":2,"key":"PowerPotion"},{"floor":6,"key":"Ancient Potion"},{"floor":8,"key":"GamblersBrew"},{"floor":11,"key":"PowerPotion"},{"floor":12,"key":"Weak Potion"},{"floor":13,"key":"Explosive Potion"},{"floor":16,"key":"Poison Potion"},{"floor":18,"key":"Poison Potion"},{"floor":19,"key":"Fire Potion"},{"floor":21,"key":"Explosive Potion"},{"floor":23,"key":"FearPotion"},{"floor":25,"key":"Weak Potion"},{"floor":27,"key":"Poison Potion"},{"floor":29,"key":"EntropicBrew"},{"floor":33,"key":"Block Potion"},{"floor":35,"key":"Poison Potion"},{"floor":36,"key":"Weak Potion"},{"floor":37,"key":"Weak Potion"},{"floor":38,"key":"Weak Potion"},{"floor":39,"key":"Energy Potion"},{"floor":41,"key":"Explosive Potion"},{"floor":44,"key":"Ancient Potion"},{"floor":45,"key":"SpeedPotion"}],"is_trial":false,"path_per_floor":["M","M","?","$","T","E","R","M","T","R","M","M","M","M","R","B",null,"M","M","$","M","?","E","?","M","T","M","R","M","R","?","R","B",null,"M","M","M","M","M","R","E","?","T","E","M","M"],"character_chosen":"THE_SILENT","items_purchased":["Caltrops","Sling","Deadly Poison"],"campfire_rested":4,"item_purchase_floors":[4,20,20],"current_hp_per_floor":[64,58,58,58,58,46,46,42,42,42,33,33,6,4,25,2,70,67,65,65,27,11,11,11,11,11,11,32,26,47,80,80,35,80,74,64,51,35,8,32,27,27,27,18,8,0],"gold":340,"neow_bonus":"BOSS_RELIC","is_prod":false,"is_daily":false,"chose_seed":false,"campfire_upgraded":3,"win_rate":0,"timestamp":1558743664,"path_taken":["M","?","?","$","?","E","R","M","T","R","M","M","M","M","R","BOSS","M","M","$","M","?","E","?","?","T","M","R","M","R","?","R","BOSS","M","M","M","?","M","R","E","?","T","E","M","?"],"build_version":"2019-01-23","purchased_purges":1,"victory":false,"max_hp_per_floor":[70,70,70,70,70,70,70,70,70,70,70,70,70,70,70,70,70,70,70,70,70,70,70,70,70,70,70,70,70,70,80,80,80,80,80,80,80,80,80,80,80,80,80,80,80,80],"card_choices":[{"not_picked":["Outmaneuver","All Out Attack"],"picked":"Underhanded Strike","floor":1},{"not_picked":["Concentrate","All Out Attack"],"picked":"Cloak And Dagger","floor":2},{"not_picked":["Underhanded Strike","Riddle With Holes","Distraction"],"picked":"SKIP","floor":6},{"not_picked":["Slice","Deadly Poison"],"picked":"Cloak And Dagger","floor":8},{"not_picked":["Crippling Poison","Dagger Spray"],"picked":"Escape Plan","floor":11},{"not_picked":["Poisoned Stab","Riddle With Holes"],"picked":"Prepared","floor":12},{"not_picked":["Setup","Skewer"],"picked":"PiercingWail","floor":13},{"not_picked":["Bouncing Flask","Deadly Poison"],"picked":"Choke","floor":14},{"not_picked":["Storm of Steel","Glass Knife"],"picked":"Adrenaline","floor":16},{"not_picked":["Predator","Sucker Punch"],"picked":"Catalyst","floor":18},{"not_picked":["Outmaneuver","Underhanded Strike"],"picked":"Footwork","floor":19},{"not_picked":["Deadly Poison","Footwork"],"picked":"Backflip","floor":21},{"not_picked":["PiercingWail","Deadly Poison"],"picked":"Escape Plan","floor":23},{"not_picked":["Quick Slash","Distraction"],"picked":"PiercingWail","floor":25},{"not_picked":["Concentrate","Skewer","Wraith Form v2"],"picked":"SKIP","floor":27},{"not_picked":["Expertise","Calculated Gamble+1"],"picked":"Backflip+1","floor":28},{"not_picked":["Acrobatics","Quick Slash","Sucker Punch+1"],"picked":"SKIP","floor":29},{"not_picked":["Wraith Form v2","Venomology"],"picked":"A Thousand Cuts","floor":33},{"not_picked":[],"picked":"Deflect","floor":35},{"not_picked":["Masterful Stab+1"],"picked":"SKIP","floor":36},{"not_picked":["Dodge and Roll"],"picked":"SKIP","floor":37},{"not_picked":["Terror"],"picked":"SKIP","floor":38},{"not_picked":["Dagger Spray+1"],"picked":"SKIP","floor":39},{"not_picked":[],"picked":"Footwork","floor":41},{"not_picked":["Expertise"],"picked":"SKIP","floor":44},{"not_picked":[],"picked":"Infinite Blades+1","floor":45}],"player_experience":300689,"relics_obtained":[{"floor":5,"key":"Calipers"},{"floor":6,"key":"PreservedInsect"},{"floor":9,"key":"Ninja Scroll"},{"floor":22,"key":"Necronomicon"},{"floor":23,"key":"Dream Catcher"},{"floor":26,"key":"Potion Belt"},{"floor":41,"key":"Vajra"},{"floor":43,"key":"Mercury Hourglass"},{"floor":44,"key":"Boot"}],"event_choices":[{"damage_healed":0,"gold_gain":0,"player_choice":"Forge","damage_taken":0,"max_hp_gain":0,"max_hp_loss":0,"event_name":"Accursed Blacksmith","floor":3,"gold_loss":0,"cards_upgraded":["Cloak And Dagger"]},{"damage_healed":0,"gold_gain":0,"player_choice":"Obtained Book","damage_taken":16,"max_hp_gain":0,"max_hp_loss":0,"event_name":"Cursed Tome","floor":22,"gold_loss":0},{"damage_healed":0,"gold_gain":0,"player_choice":"Paid Gold","damage_taken":0,"relics_obtained":["StoneCalendar"],"max_hp_gain":0,"max_hp_loss":0,"event_name":"WeMeetAgain","floor":24,"gold_loss":51},{"cards_removed":["After Image"],"damage_healed":23,"gold_gain":0,"player_choice":"Offered Rare","damage_taken":0,"max_hp_gain":10,"max_hp_loss":0,"event_name":"Bonfire Elementals","floor":31,"gold_loss":0},{"cards_removed":["Quick Slash"],"damage_healed":0,"gold_gain":0,"player_choice":"Purged","damage_taken":0,"max_hp_gain":0,"max_hp_loss":0,"event_name":"Purifier","floor":42,"gold_loss":0}],"is_beta":false,"boss_relics":[{"not_picked":["HoveringKite","Eternal Feather"],"picked":"Pandora\u0027s Box"},{"not_picked":["Calling Bell","Orrery"],"picked":"Busted Crown"}],"items_purged_floors":[4],"is_endless":false,"potions_floor_spawned":[1,2,6,8,11,12,13,14,16,18,19,21,23,25,27,29,33,35,36,37,38,39,41,44,45],"killed_by":"Spire Growth","ascension_level":2}