{"gold_per_floor":[119,38,38,3,20,78,78,98,98,114,114,124,154,234,234,234],"floor_reached":16,"playtime":619,"items_purged":[],"score":270,"play_id":"6d9425cc-0697-4893-815c-bbc3c9c6aeb3","local_time":"20190418092846","is_ascension_mode":true,"campfire_choices":[{"data":"Neutralize","floor":7,"key":"SMITH"},{"data":"Footwork","floor":11,"key":"SMITH"},{"data":"Deadly Poison","floor":15,"key":"SMITH"}],"neow_cost":"NONE","seed_source_timestamp":735706926966923,"circlet_count":0,"master_deck":["AscendersBane","Defend_G","Defend_G","Defend_G","Defend_G","Defend_G","Strike_G","Strike_G+1","Strike_G","Strike_G","Strike_G","Survivor","Neutralize+1","Footwork+1","All Out Attack","Poisoned Stab+1","Dodge and Roll","Deadly Poison+1"],"relics":["Ring of the Snake","NeowsBlessing","The Courier","Tiny Chest","Bottled Tornado","Whetstone","Molten Egg 2"],"potions_floor_usage":[13],"damage_taken":[{"damage":0,"enemies":"Small Slimes","floor":1,"turns":1},{"damage":0,"enemies":"Jaw Worm","floor":5,"turns":1},{"damage":0,"enemies":"Lagavulin","floor":6,"turns":1},{"damage":0,"enemies":"Cultist","floor":8,"turns":3},{"damage":1,"enemies":"Looter","floor":10,"turns":4},{"damage":2,"enemies":"Red Slaver","floor":12,"turns":4},{"damage":25,"enemies":"3 Sentries","floor":13,"turns":11},{"damage":41,"enemies":"Slime Boss","floor":16,"turns":11}],"seed_played":"5591811237922896906","potions_obtained":[{"floor":5,"key":"LiquidBronze"},{"floor":12,"key":"Fire Potion"}],"is_trial":false,"path_per_floor":["M","$","?","?","M","E","R","M","T","M","R","M","E","T","R","B"],"character_chosen":"THE_SILENT","items_purchased":["Footwork"],"campfire_rested":0,"item_purchase_floors":[2],"current_hp_per_floor":[59,59,48,64,64,64,64,64,64,63,63,61,36,36,36,0],"gold":234,"neow_bonus":"THREE_ENEMY_KILL","is_prod":false,"is_daily":false,"chose_seed":false,"campfire_upgraded":3,"win_rate":0,"timestamp":1555572526,"path_taken":["M","$","?","?","M","E","R","M","T","M","R","M","E","?","R","BOSS"],"build_version":"2019-01-23","purchased_purges":0,"victory":false,"max_hp_per_floor":[66,66,66,66,66,66,66,66,66,66,66,66,66,66,66,66],"card_choices":[{"not_picked":["Sucker Punch","Eviscerate","Calculated Gamble"],"picked":"SKIP","floor":1},{"not_picked":["Slice","Deadly Poison"],"picked":"All Out Attack","floor":5},{"not_picked":["Distraction","Dodge and Roll"],"picked":"Poisoned Stab","floor":6},{"not_picked":["Expertise","Quick Slash","Deflect"],"picked":"SKIP","floor":8},{"not_picked":["Expertise","Underhanded Strike","Sucker Punch"],"picked":"SKIP","floor":10},{"not_picked":["Backflip","Tactician"],"picked":"Dodge and Roll","floor":12},{"not_picked":["Acrobatics","Venomology"],"picked":"Deadly Poison","floor":13}],"player_experience":2504993,"relics_obtained":[{"floor":6,"key":"Tiny Chest"},{"floor":9,"key":"Bottled Tornado"},{"floor":13,"key":"Whetstone"},{"floor":14,"key":"Molten Egg 2"}],"event_choices":[{"damage_healed":0,"gold_gain":0,"player_choice":"Success","damage_taken":11,"relics_obtained":["The Courier"],"max_hp_gain":0,"max_hp_loss":0,"event_name":"Scrap Ooze","floor":3,"gold_loss":0},{"damage_healed":16,"gold_gain":0,"player_choice":"Healed","damage_taken":0,"max_hp_gain":0,"max_hp_loss":0,"event_name":"The Cleric","floor":4,"gold_loss":35}],"is_beta":false,"boss_relics":[],"items_purged_floors":[],"is_endless":false,"potions_floor_spawned":[5,12],"killed_by":"Slime Boss","ascension_level":20}