{"gold_per_floor":[118,118,129,20,31,31,31,31,31,42,74,85,85,97,97,202,202,215,290,279,294,306,338,338,438,438,438,438,438,51,65,65,163,213,230,245,245,50,50,50,67,78,104,104,104,121,121,134,134,134],"floor_reached":51,"playtime":3424,"items_purged":["Strike_R","Corruption","Defend_R"],"score":719,"play_id":"9f134dd2-9521-43d4-8905-663f32d3ffa4","local_time":"20190523140155","is_ascension_mode":false,"campfire_choices":[{"data":"Bash","floor":6,"key":"SMITH"},{"data":"Clothesline","floor":8,"key":"SMITH"},{"data":"Pommel Strike","floor":13,"key":"SMITH"},{"data":"Inflame","floor":15,"key":"SMITH"},{"data":"Thunderclap","floor":24,"key":"SMITH"},{"data":"Metallicize","floor":27,"key":"SMITH"},{"data":"Sword Boomerang","floor":29,"key":"SMITH"},{"data":"Blind","floor":32,"key":"SMITH"},{"data":"Uppercut","floor":40,"key":"SMITH"},{"data":"Flex","floor":44,"key":"SMITH"},{"data":"Pummel","floor":45,"key":"SMITH"},{"data":"Reaper","floor":47,"key":"SMITH"},{"floor":49,"key":"REST"}],"neow_cost":"","seed_source_timestamp":589612749500,"circlet_count":0,"master_deck":["Strike_R+1","Strike_R","Defend_R","Defend_R","Defend_R","Bash+1","Clothesline+1","Disarm+1","Inflame+1","Shrug It Off+1","Pommel Strike+1","Iron Wave","Feed","Iron Wave+1","Sword Boomerang+1","Flex+1","Thunderclap+1","Metallicize+1","Blind+1","Twin Strike","Uppercut+1","Pummel+1","Inflame+1","Sword Boomerang+1","Reaper+1"],"relics":["Burning Blood","Orichalcum","War Paint","Sozu","Darkstone Periapt","WingedGreaves","Bottled Tornado","Torii","Anchor","Tiny House","Juzu Bracelet"],"potions_floor_usage":[5,11,12,23],"damage_taken":[{"damage":0,"enemies":"2 Louse","floor":1,"turns":4},{"damage":1,"enemies":"Cultist","floor":3,"turns":4},{"damage":1,"enemies":"Jaw Worm","floor":5,"turns":4},{"damage":2,"enemies":"3 Louse","floor":10,"turns":4},{"damage":6,"enemies":"Lagavulin","floor":11,"turns":5},{"damage":0,"enemies":"Lots of Slimes","floor":12,"turns":6},{"damage":8,"enemies":"Gremlin Gang","floor":14,"turns":5},{"damage":0,"enemies":"The Guardian","floor":16,"turns":12},{"damage":14,"enemies":"Spheric Guardian","floor":18,"turns":5},{"damage":1,"enemies":"2 Thieves","floor":20,"turns":4},{"damage":25,"enemies":"3 Cultists","floor":21,"turns":6},{"damage":7,"enemies":"Snake Plant","floor":22,"turns":4},{"damage":30,"enemies":"Slavers","floor":23,"turns":6},{"damage":10,"enemies":"Colosseum Slavers","floor":25,"turns":4},{"damage":4,"enemies":"Colosseum Nobs","floor":25,"turns":4},{"damage":0,"enemies":"Snecko","floor":31,"turns":6},{"damage":12,"enemies":"Champ","floor":33,"turns":11},{"damage":1,"enemies":"3 Shapes","floor":35,"turns":3},{"damage":1,"enemies":"Orb Walker","floor":36,"turns":4},{"damage":0,"enemies":"Transient","floor":41,"turns":5},{"damage":30,"enemies":"Spire Growth","floor":42,"turns":6},{"damage":12,"enemies":"Jaw Worm Horde","floor":46,"turns":3},{"damage":0,"enemies":"Maw","floor":48,"turns":5},{"damage":54,"enemies":"Awakened One","floor":50,"turns":12}],"seed_played":"6772628296990705983","potions_obtained":[{"floor":1,"key":"Weak Potion"},{"floor":2,"key":"Energy Potion"},{"floor":2,"key":"SteroidPotion"},{"floor":5,"key":"SkillPotion"}],"is_trial":false,"path_per_floor":["M","?","M","$","M","R","?","R","T","M","E","M","R","M","R","B",null,"M","?","M","M","M","E","R","?","T","R","?","R","$","M","R","B",null,"M","M","?","$","?","R","M","M","T","R","R","M","R","M","R","B",null],"character_chosen":"IRONCLAD","items_purchased":["Inflame","Blind","Shrug It Off","Anchor","Pummel"],"campfire_rested":1,"item_purchase_floors":[4,30,30,30,38],"current_hp_per_floor":[80,80,80,80,80,80,73,73,73,77,77,80,80,78,78,80,80,72,64,72,56,58,37,37,35,35,35,35,35,35,41,41,35,97,97,97,97,97,97,97,97,73,73,73,73,67,67,73,97,49],"gold":134,"neow_bonus":"","is_prod":false,"is_daily":false,"chose_seed":false,"campfire_upgraded":12,"win_rate":0.0,"timestamp":1558641715,"path_taken":["M","?","?","$","M","R","?","R","T","M","E","M","R","M","R","BOSS","M","?","M","M","?","E","R","?","T","R","?","R","$","M","R","BOSS","M","?","?","$","?","R","?","M","T","R","R","M","R","M","R","BOSS"],"build_version":"2019-01-23","purchased_purges":3,"victory":true,"max_hp_per_floor":[80,80,80,80,80,80,80,80,80,80,80,80,80,80,80,80,80,80,80,83,86,89,92,92,92,92,92,92,92,92,92,92,92,97,97,97,97,97,97,97,97,97,97,97,97,97,97,97,97,97],"card_choices":[{"not_picked":["Shrug It Off","Pommel Strike"],"picked":"Clothesline","floor":1},{"not_picked":["Pummel","Thunderclap"],"picked":"Disarm","floor":3},{"not_picked":["True Grit","Bloodletting"],"picked":"Shrug It Off","floor":5},{"not_picked":["Brutality","Armaments"],"picked":"Pommel Strike","floor":10},{"not_picked":["Combust","Power Through","Headbutt"],"picked":"SKIP","floor":11},{"not_picked":["Burning Pact","Reckless Charge"],"picked":"Iron Wave","floor":12},{"not_picked":["Iron Wave","True Grit","Corruption"],"picked":"SKIP","floor":14},{"not_picked":["Fiend Fire","Berserk"],"picked":"Feed","floor":16},{"not_picked":["Thunderclap","Combust"],"picked":"Iron Wave+1","floor":18},{"not_picked":["Intimidate","Perfected Strike","Sever Soul"],"picked":"SKIP","floor":20},{"not_picked":["Headbutt","Shrug It Off"],"picked":"Sword Boomerang","floor":21},{"not_picked":["Iron Wave+1","Clothesline"],"picked":"Flex","floor":22},{"not_picked":["Sever Soul+1","Bloodletting"],"picked":"Thunderclap","floor":23},{"not_picked":["Headbutt","Armaments+1"],"picked":"Metallicize","floor":25},{"not_picked":["Burning Pact","Entrench"],"picked":"Twin Strike","floor":31},{"not_picked":["Carnage+1","Corruption"],"picked":"Uppercut","floor":34},{"not_picked":["Warcry","Headbutt+1","Perfected Strike"],"picked":"SKIP","floor":35},{"not_picked":["Searing Blow+1","Combust","Headbutt"],"picked":"SKIP","floor":36},{"not_picked":["Metallicize","Sword Boomerang+1"],"picked":"Inflame+1","floor":41},{"not_picked":["Anger+1","Corruption"],"picked":"Sword Boomerang+1","floor":42},{"not_picked":["True Grit","Body Slam"],"picked":"Reaper","floor":46},{"not_picked":["Thunderclap","Rupture","Perfected Strike"],"picked":"SKIP","floor":48}],"player_experience":0,"relics_obtained":[{"floor":9,"key":"Orichalcum"},{"floor":11,"key":"War Paint"},{"floor":23,"key":"Darkstone Periapt"},{"floor":25,"key":"WingedGreaves"},{"floor":25,"key":"Bottled Tornado"},{"floor":26,"key":"Torii"},{"floor":43,"key":"Juzu Bracelet"}],"event_choices":[{"damage_healed":0,"gold_gain":0,"player_choice":"Got Potions","damage_taken":0,"max_hp_gain":0,"max_hp_loss":0,"event_name":"Lab","floor":2,"gold_loss":0},{"cards_removed":["Strike_R"],"damage_healed":0,"gold_gain":0,"player_choice":"Card Removal","damage_taken":7,"max_hp_gain":0,"max_hp_loss":0,"event_name":"Golden Wing","floor":7,"gold_loss":0},{"damage_healed":0,"gold_gain":75,"player_choice":"Touch","damage_taken":8,"max_hp_gain":0,"max_hp_loss":0,"event_name":"FaceTrader","floor":19,"gold_loss":0},{"damage_healed":0,"gold_gain":0,"player_choice":"Fight","damage_taken":0,"max_hp_gain":0,"max_hp_loss":0,"event_name":"Colosseum","floor":25,"gold_loss":0},{"damage_healed":0,"gold_gain":0,"player_choice":"Fought Nobs","damage_taken":0,"max_hp_gain":0,"max_hp_loss":0,"event_name":"Colosseum","floor":25,"gold_loss":0},{"damage_healed":0,"gold_gain":0,"cards_transformed":["Strike_R"],"player_choice":"Transformed","damage_taken":0,"max_hp_gain":0,"max_hp_loss":0,"event_name":"Transmorgrifier","floor":28,"gold_loss":0,"cards_obtained":["Corruption"]},{"cards_removed":["Shrug It Off"],"damage_healed":0,"gold_gain":0,"player_choice":"Removed Skill","damage_taken":0,"max_hp_gain":0,"max_hp_loss":0,"event_name":"Falling","floor":37,"gold_loss":0},{"damage_healed":0,"gold_gain":0,"player_choice":"0 cards matched","damage_taken":0,"max_hp_gain":0,"max_hp_loss":0,"event_name":"Match and Keep!","floor":39,"gold_loss":0,"cards_obtained":[]}],"is_beta":false,"boss_relics":[{"not_picked":["Velvet Choker","Mark of Pain"],"picked":"Sozu"},{"not_picked":["Astrolabe","Snecko Eye"],"picked":"Tiny House"}],"items_purged_floors":[4,30,38],"is_endless":false,"potions_floor_spawned":[1,3,5,18,22,25,25,35,46,48],"ascension_level":0}