{"gold_per_floor":[118,137,153,153,78,78,106,31,31,56,73,73,18,51,51,128,128,146,246,34,51,51,85,85,141,168,203,203,203,203,236,236,310,310,329,343,343,343,358,358,391,391,391,408,408,420,100,111,111,111,111,111,111,11,39,39],"floor_reached":56,"playtime":9438,"items_purged":["Strike_R","Writhe","Strike_R+1"],"score":1888,"play_id":"4a6ef5ba-2859-4ae7-b991-d57b44b23ccc","local_time":"20190519171219","is_ascension_mode":true,"campfire_choices":[{"data":"Anger","floor":6.0,"key":"SMITH"},{"data":"Immolate","floor":15.0,"key":"SMITH"},{"data":"Pummel","floor":24,"key":"SMITH"},{"data":"Spot Weakness","floor":28,"key":"SMITH"},{"floor":32,"key":"REST"},{"floor":40,"key":"RECALL"},{"floor":45,"key":"REST"},{"data":"Demon Form","floor":49,"key":"SMITH"},{"floor":53,"key":"REST"}],"neow_cost":"NONE","seed_source_timestamp":351718560070346,"circlet_count":0,"master_deck":["AscendersBane","Defend_R","Defend_R","Defend_R","Bash","Battle Trance","Anger+1","Intimidate","Thunderclap","Immolate+1","Flex","Shrug It Off","Spot Weakness+1","Reaper+1","Pummel+1","Warcry+1","Metallicize","Shockwave","Disarm+1","Fire Breathing","Shrug It Off","Demon Form+1","Evolve+1","Feel No Pain+1","True Grit+1","Feed","Power Through","Headbutt","Barricade"],"special_seed":0,"relics":["Burning Blood","Centennial Puzzle","Gremlin Horn","FossilizedHelix","Mummified Hand","Ornamental Fan","Orichalcum","Sozu","Pocketwatch","Matryoshka","Vajra","Mercury Hourglass","Tiny Chest","Kunai","Whetstone","Thread and Needle","Bottled Lightning","Cursed Key","Letter Opener","Happy Flower","The Courier","Bag of Preparation","Bag of Marbles"],"potions_floor_usage":[19],"damage_taken":[{"damage":7.0,"enemies":"Small Slimes","floor":1.0,"turns":4.0},{"damage":11.0,"enemies":"Jaw Worm","floor":2.0,"turns":4.0},{"damage":1.0,"enemies":"Cultist","floor":3.0,"turns":3.0},{"damage":15.0,"enemies":"Lagavulin","floor":7.0,"turns":7.0},{"damage":12.0,"enemies":"3 Sentries","floor":10.0,"turns":7.0},{"damage":0.0,"enemies":"Blue Slaver","floor":11.0,"turns":2.0},{"damage":3.0,"enemies":"Lagavulin","floor":14.0,"turns":6.0},{"damage":22.0,"enemies":"The Guardian","floor":16.0,"turns":10.0},{"damage":6.0,"enemies":"Shell Parasite","floor":18.0,"turns":5.0},{"damage":3,"enemies":"Colosseum Slavers","floor":19,"turns":3},{"damage":30,"enemies":"Colosseum Nobs","floor":19,"turns":4},{"damage":0,"enemies":"Chosen","floor":21,"turns":3},{"damage":22,"enemies":"Gremlin Leader","floor":23,"turns":4},{"damage":50,"enemies":"Book of Stabbing","floor":25,"turns":5},{"damage":15,"enemies":"Slavers","floor":27,"turns":2},{"damage":4,"enemies":"Book of Stabbing","floor":31,"turns":4},{"damage":38,"enemies":"Collector","floor":33,"turns":8},{"damage":32,"enemies":"3 Darklings","floor":35,"turns":3},{"damage":14,"enemies":"3 Shapes","floor":36,"turns":1},{"damage":23,"enemies":"Transient","floor":39,"turns":6},{"damage":13,"enemies":"Nemesis","floor":41,"turns":5},{"damage":6,"enemies":"Maw","floor":44,"turns":7},{"damage":2,"enemies":"Sphere and 2 Shapes","floor":46,"turns":2},{"damage":9,"enemies":"Jaw Worm Horde","floor":48,"turns":3},{"damage":32,"enemies":"Time Eater","floor":50,"turns":10},{"damage":45,"enemies":"Awakened One","floor":51,"turns":9},{"damage":64,"enemies":"Shield and Spear","floor":55,"turns":5},{"damage":97,"enemies":"The Heart","floor":56,"turns":9}],"seed_played":"-7015236346410783673","potions_obtained":[{"floor":2.0,"key":"Swift Potion"},{"floor":10.0,"key":"Fire Potion"},{"floor":14.0,"key":"Poison Potion"},{"floor":16.0,"key":"Dexterity Potion"}],"is_trial":false,"path_per_floor":["M","M","M","?","?","R","E","$","T","E","M","T","$","E","R","B",null,"M","?","$","M","?","E","R","E","T","E","R","?","?","E","R","B",null,"M","M","?","?","M","R","E","?","T","M","R","M","$","M","R","B","B",null,"R","$","E","B"],"character_chosen":"IRONCLAD","items_purchased":["Shrug It Off","Vajra","Pummel","Bag of Preparation","Power Through","Headbutt"],"campfire_rested":3,"item_purchase_floors":[13,20,20,47,47,47],"current_hp_per_floor":[67,62,67,62,62,62,53,53,53,47,53,53,53,56,56,40,66,75,51,51,57,57,53,53,24,24,43,43,22,22,39,63,48,72,46,43,43,43,53,53,46,46,46,57,80,83,83,83,83,60,42,77,89,89,62,0],"gold":39,"neow_bonus":"RANDOM_COMMON_RELIC","is_prod":false,"is_daily":false,"chose_seed":false,"campfire_upgraded":5,"win_rate":0,"timestamp":1558278739,"path_taken":["M","M","M","?","?","R","E","$","T","E","?","?","$","E","R","BOSS","M","?","$","M","?","E","R","E","T","E","R","?","?","E","R","BOSS","M","M","?","?","M","R","E","?","T","M","R","M","$","M","R","BOSS","BOSS","R","$","E","BOSS"],"build_version":"2019-01-23","purchased_purges":3,"victory":false,"max_hp_per_floor":[75,75,75,75,75,75,75,75,75,75,75,75,75,75,75,75,75,75,75,75,75,75,75,75,75,75,75,75,80,80,80,80,80,80,80,80,80,80,80,80,80,80,80,80,80,83,83,86,86,89,89,89,89,89,92,92],"card_choices":[{"not_picked":["Cleave","Armaments"],"picked":"Battle Trance","floor":1.0},{"not_picked":["True Grit","Clothesline"],"picked":"Anger","floor":2.0},{"not_picked":["Sword Boomerang","Wild Strike"],"picked":"Intimidate","floor":3.0},{"not_picked":["Rupture","Anger"],"picked":"Thunderclap","floor":7.0},{"not_picked":["Evolve","Clothesline"],"picked":"Immolate","floor":10.0},{"not_picked":["Sentinel","Pommel Strike"],"picked":"Flex","floor":11.0},{"not_picked":["Headbutt","Clothesline"],"picked":"Spot Weakness","floor":14.0},{"not_picked":["Bludgeon","Barricade"],"picked":"Reaper","floor":16.0},{"not_picked":["Thunderclap","Hemokinesis","Whirlwind"],"picked":"SKIP","floor":18.0},{"not_picked":["Flex","Body Slam"],"picked":"Warcry+1","floor":21},{"not_picked":["Infernal Blade","Shrug It Off"],"picked":"Metallicize","floor":23},{"not_picked":["Clash","Rampage"],"picked":"Shockwave","floor":25},{"not_picked":["Anger","Pommel Strike"],"picked":"Disarm+1","floor":27},{"not_picked":["Dual Wield","Reckless Charge","Bloodletting"],"picked":"SKIP","floor":31},{"not_picked":["Dark Embrace","Feed"],"picked":"Demon Form","floor":33},{"not_picked":["Wild Strike","Anger"],"picked":"Evolve+1","floor":35},{"not_picked":["Carnage","Body Slam+1","Headbutt"],"picked":"SKIP","floor":36},{"not_picked":["Body Slam","Metallicize+1"],"picked":"Feel No Pain+1","floor":39},{"not_picked":["Armaments+1","Flex"],"picked":"True Grit+1","floor":41},{"not_picked":["Cleave","Twin Strike"],"picked":"Feed","floor":44},{"not_picked":["Heavy Blade","Shockwave","Twin Strike"],"picked":"SKIP","floor":46},{"not_picked":["Armaments+1","Evolve","Anger"],"picked":"SKIP","floor":48},{"not_picked":["Pommel Strike+1","Disarm"],"picked":"Barricade","floor":55}],"player_experience":2715101,"relics_obtained":[{"floor":7.0,"key":"FossilizedHelix"},{"floor":9.0,"key":"Mummified Hand"},{"floor":10.0,"key":"Ornamental Fan"},{"floor":14.0,"key":"Orichalcum"},{"floor":19,"key":"Pocketwatch"},{"floor":19,"key":"Matryoshka"},{"floor":23,"key":"Mercury Hourglass"},{"floor":25,"key":"Tiny Chest"},{"floor":26,"key":"Kunai"},{"floor":26,"key":"Whetstone"},{"floor":27,"key":"Thread and Needle"},{"floor":31,"key":"Bottled Lightning"},{"floor":41,"key":"Letter Opener"},{"floor":43,"key":"Happy Flower"},{"floor":43,"key":"The Courier"},{"floor":55,"key":"Bag of Marbles"}],"event_choices":[{"damage_healed":0.0,"max_hp_gain":0.0,"max_hp_loss":0.0,"gold_gain":0.0,"event_name":"Scrap Ooze","player_choice":"Success","floor":4.0,"gold_loss":0.0,"damage_taken":5.0,"relics_obtained":["Gremlin Horn"]},{"cards_removed":["Strike_R"],"damage_healed":0.0,"max_hp_gain":0.0,"max_hp_loss":0.0,"gold_gain":0.0,"event_name":"The Cleric","player_choice":"Card Removal","floor":5.0,"gold_loss":75.0,"damage_taken":0.0},{"damage_healed":0,"gold_gain":0,"player_choice":"Fight","damage_taken":0,"max_hp_gain":0,"max_hp_loss":0,"event_name":"Colosseum","floor":19,"gold_loss":0},{"damage_healed":0,"gold_gain":0,"player_choice":"Fought Nobs","damage_taken":0,"max_hp_gain":0,"max_hp_loss":0,"event_name":"Colosseum","floor":19,"gold_loss":0},{"damage_healed":0,"gold_gain":0,"player_choice":"Ignored","damage_taken":0,"max_hp_gain":0,"max_hp_loss":0,"event_name":"Beggar","floor":22,"gold_loss":0},{"damage_healed":0,"gold_gain":0,"player_choice":"Shed Blood","damage_taken":26,"max_hp_gain":5,"max_hp_loss":0,"event_name":"Forgotten Altar","floor":29,"gold_loss":0},{"damage_healed":0,"gold_gain":0,"cards_transformed":["Strike_R","Strike_R"],"player_choice":"Became Test Subject","damage_taken":0,"max_hp_gain":0,"max_hp_loss":0,"event_name":"Drug Dealer","floor":30,"gold_loss":0,"cards_obtained":["Fire Breathing","Shrug It Off"]},{"cards_removed":["Defend_R"],"damage_healed":0,"gold_gain":0,"player_choice":"Removed Skill","damage_taken":0,"max_hp_gain":0,"max_hp_loss":0,"event_name":"Falling","floor":37,"gold_loss":0},{"damage_healed":0,"gold_gain":0,"player_choice":"Memory 1","damage_taken":0,"max_hp_gain":0,"max_hp_loss":0,"event_name":"SensoryStone","floor":38,"gold_loss":0},{"damage_healed":0,"gold_gain":0,"player_choice":"Ignored","damage_taken":0,"max_hp_gain":0,"max_hp_loss":0,"event_name":"Tomb of Lord Red Mask","floor":42,"gold_loss":0}],"is_beta":false,"boss_relics":[{"not_picked":["Fusion Hammer","Ectoplasm"],"picked":"Sozu"},{"not_picked":["Coffee Dripper","White Beast Statue"],"picked":"Cursed Key"}],"items_purged_floors":[8,47,54],"is_endless":false,"potions_floor_spawned":[2,10,14,16,19,19,25,27,39,41,46,48],"killed_by":"The Heart","ascension_level":20}