{"gold_per_floor":[115,130,145,161,436,471,471,482,482,507,164,184,194,213,213,289,289,302,302,317,10,20,20,38,53,126,126],"floor_reached":27,"playtime":17584,"items_purged":["Regret","Strike_G"],"score":462,"play_id":"595d0fcf-a866-4201-9bf4-490f369944a8","local_time":"20190512210222","is_ascension_mode":true,"campfire_choices":[{"floor":7,"key":"REST"},{"data":"Leg Sweep","floor":15,"key":"SMITH"},{"data":"Finisher","floor":23,"key":"SMITH"}],"neow_cost":"NONE","seed_source_timestamp":100421057329056,"circlet_count":0,"master_deck":["AscendersBane","Defend_G","Defend_G","Defend_G","Defend_G","Defend_G","Strike_G","Strike_G","Strike_G","Strike_G","Survivor","Neutralize","Backstab","Dagger Spray","Endless Agony","Adrenaline","Cloak And Dagger","Poisoned Stab","Noxious Fumes","Sadistic Nature","Poisoned Stab","Leg Sweep+1","Wraith Form v2","Acrobatics","Finisher+1","Footwork","Deflect+1","Poisoned Stab+1","Backflip+1"],"relics":["Ring of the Snake","Anchor","Ninja Scroll","Potion Belt","Eternal Feather","Snake Skull","Bottled Flame"],"potions_floor_usage":[6,6,16,16,16,18,22,25],"damage_taken":[{"damage":2,"enemies":"Jaw Worm","floor":1,"turns":7},{"damage":0,"enemies":"Cultist","floor":2,"turns":3},{"damage":2,"enemies":"Small Slimes","floor":3,"turns":3},{"damage":2,"enemies":"Exordium Wildlife","floor":4,"turns":4},{"damage":49,"enemies":"Lagavulin","floor":6,"turns":7},{"damage":3,"enemies":"2 Fungi Beasts","floor":8,"turns":3},{"damage":12,"enemies":"3 Sentries","floor":10,"turns":9},{"damage":7,"enemies":"Exordium Thugs","floor":12,"turns":3},{"damage":0,"enemies":"Gremlin Gang","floor":13,"turns":1},{"damage":0,"enemies":"2 Fungi Beasts","floor":14,"turns":2},{"damage":5,"enemies":"Hexaghost","floor":16,"turns":9},{"damage":11,"enemies":"Spheric Guardian","floor":18,"turns":5},{"damage":0,"enemies":"3 Byrds","floor":20,"turns":4},{"damage":24,"enemies":"Centurion and Healer","floor":22,"turns":5},{"damage":26,"enemies":"Snake Plant","floor":24,"turns":6},{"damage":0,"enemies":"Chosen and Byrds","floor":25,"turns":3},{"damage":27,"enemies":"Gremlin Leader","floor":27,"turns":4}],"seed_played":"6298855189609803559","potions_obtained":[{"floor":2,"key":"Fire Potion"},{"floor":3,"key":"Block Potion"},{"floor":10,"key":"Block Potion"},{"floor":12,"key":"Poison Potion"},{"floor":14,"key":"SkillPotion"},{"floor":16,"key":"SkillPotion"},{"floor":20,"key":"PowerPotion"},{"floor":24,"key":"Fire Potion"}],"is_trial":false,"path_per_floor":["M","M","M","M","?","E","R","M","T","E","$","M","M","M","R","B",null,"M","?","M","$","M","R","M","M","T","E"],"character_chosen":"THE_SILENT","items_purchased":["Noxious Fumes","Sadistic Nature","Snake Skull","Footwork"],"campfire_rested":1,"item_purchase_floors":[11,11,21,21],"current_hp_per_floor":[63,63,61,59,59,10,31,28,28,16,16,9,9,9,9,4,55,44,58,58,58,34,49,23,23,23,0],"gold":126,"neow_bonus":"TEN_PERCENT_HP_BONUS","is_prod":false,"is_daily":false,"chose_seed":false,"campfire_upgraded":2,"win_rate":0,"timestamp":1557687742,"path_taken":["M","M","M","M","?","E","R","M","T","E","$","M","?","M","R","BOSS","M","?","M","$","M","R","M","M","T","E"],"build_version":"2019-01-23","purchased_purges":2,"victory":false,"max_hp_per_floor":[72,72,72,72,72,72,72,72,72,72,72,72,72,72,72,72,72,72,72,72,72,72,72,72,72,72,72],"card_choices":[{"not_picked":["Flying Knee","Blade Dance"],"picked":"Backstab","floor":1},{"not_picked":["Deflect","Concentrate"],"picked":"Dagger Spray","floor":2},{"not_picked":["Heel Hook","Bane","Underhanded Strike"],"picked":"SKIP","floor":3},{"not_picked":["Reflex","All Out Attack"],"picked":"Endless Agony","floor":4},{"not_picked":["Acrobatics","Outmaneuver"],"picked":"Adrenaline","floor":6},{"not_picked":["Terror","Dodge and Roll"],"picked":"Cloak And Dagger","floor":8},{"not_picked":["Bane","Acrobatics"],"picked":"Poisoned Stab","floor":10},{"not_picked":["Blade Dance","Terror","Underhanded Strike"],"picked":"SKIP","floor":12},{"not_picked":["Finisher","Deflect"],"picked":"Poisoned Stab","floor":13},{"not_picked":["Acrobatics","Setup"],"picked":"Leg Sweep","floor":14},{"not_picked":["Die Die Die","Unload"],"picked":"Wraith Form v2","floor":16},{"not_picked":["Dagger Throw","Deflect"],"picked":"Acrobatics","floor":18},{"not_picked":["Sucker Punch","Cloak And Dagger"],"picked":"Finisher","floor":20},{"not_picked":["Dash","Underhanded Strike"],"picked":"Deflect+1","floor":22},{"not_picked":["Venomology","Sucker Punch"],"picked":"Poisoned Stab+1","floor":24},{"not_picked":["Poisoned Stab","Dagger Spray+1"],"picked":"Backflip+1","floor":25}],"player_experience":2666409,"relics_obtained":[{"floor":6,"key":"Anchor"},{"floor":9,"key":"Ninja Scroll"},{"floor":10,"key":"Potion Belt"},{"floor":26,"key":"Bottled Flame"}],"event_choices":[{"damage_healed":0,"gold_gain":275,"player_choice":"Desecrate","damage_taken":0,"max_hp_gain":0,"max_hp_loss":0,"event_name":"Golden Shrine","floor":5,"gold_loss":0,"cards_obtained":["Regret"]},{"damage_healed":14,"gold_gain":0,"player_choice":"Heal","damage_taken":0,"max_hp_gain":0,"max_hp_loss":0,"event_name":"The Library","floor":19,"gold_loss":0}],"is_beta":false,"boss_relics":[{"not_picked":["HoveringKite","Orrery"],"picked":"Eternal Feather"}],"items_purged_floors":[11,21],"is_endless":false,"potions_floor_spawned":[2,3,10,12,14,16,20,24],"killed_by":"Gremlin Leader","ascension_level":20}