{"gold_per_floor":[115,115,129,1,1,35,35,68,68,68,94,94,6,21,21,100,100,112,112,12,62,79,108,108,108,108,139,139,172,172,189,189,262,262,275,275,285,295,83,115,115,133,133,161,181,181,100,127,127,127,127,127,127,46,79,79],"floor_reached":56,"playtime":4219,"items_purged":["Clumsy","Writhe","Strike_B"],"score":2089,"play_id":"5585867f-6a3b-443b-b73f-d238443861b2","local_time":"20190425224144","is_ascension_mode":true,"campfire_choices":[{"data":"Zap","floor":7,"key":"SMITH"},{"floor":10,"key":"REST"},{"data":"Dualcast","floor":12,"key":"SMITH"},{"data":"Fusion","floor":15,"key":"SMITH"},{"floor":25,"key":"REST"},{"data":"Meteor Strike","floor":28,"key":"SMITH"},{"data":"Thunder Strike","floor":32,"key":"SMITH"},{"floor":41,"key":"REST"},{"floor":46,"key":"REST"},{"floor":49,"key":"RECALL"},{"floor":53,"key":"REST"}],"neow_cost":"CURSE","seed_source_timestamp":1384484670815852,"circlet_count":0,"master_deck":["AscendersBane","Strike_B+1","Defend_B","Defend_B","Defend_B","Defend_B+1","Zap+1","Dualcast+1","Cold Snap","Go for the Eyes+1","Coolheaded+1","Ball Lightning","Ball Lightning","Gash","Fusion+1","Beam Cell","Meteor Strike+1","Recycle","Thunder Strike+1","Machine Learning","Core Surge","Echo Form","Glacier+1","Tempest","All For One","All For One","Defragment"],"relics":["Cracked Core","Torii","Unceasing Top","Whetstone","PreservedInsect","Singing Bowl","Gambling Chip","Snecko Eye","Ancient Tea Set","Happy Flower","Kunai","Bag of Preparation","Emotion Chip","White Beast Statue","Sundial","Du-Vu Doll","War Paint","Blood Vial"],"potions_floor_usage":[16,23,33,35,44,45,50,55,56],"damage_taken":[{"damage":6,"enemies":"Cultist","floor":1,"turns":4},{"damage":7,"enemies":"2 Louse","floor":3,"turns":3},{"damage":17,"enemies":"3 Sentries","floor":6,"turns":11},{"damage":21,"enemies":"Lagavulin","floor":8,"turns":6},{"damage":6,"enemies":"Gremlin Nob","floor":11,"turns":3},{"damage":1,"enemies":"Jaw Worm","floor":14,"turns":2},{"damage":3,"enemies":"Hexaghost","floor":16,"turns":8},{"damage":8,"enemies":"2 Thieves","floor":18,"turns":3},{"damage":7,"enemies":"Shell Parasite","floor":22,"turns":3},{"damage":3,"enemies":"Gremlin Leader","floor":23,"turns":4},{"damage":0,"enemies":"Book of Stabbing","floor":27,"turns":2},{"damage":3,"enemies":"Gremlin Leader","floor":29,"turns":3},{"damage":0,"enemies":"Snecko","floor":31,"turns":1},{"damage":47,"enemies":"Automaton","floor":33,"turns":9},{"damage":12,"enemies":"3 Shapes","floor":35,"turns":5},{"damage":1,"enemies":"Orb Walker","floor":37,"turns":3},{"damage":42,"enemies":"Writhing Mass","floor":38,"turns":6},{"damage":12,"enemies":"Giant Head","floor":40,"turns":5},{"damage":1,"enemies":"3 Darklings","floor":42,"turns":3},{"damage":1,"enemies":"Reptomancer","floor":44,"turns":2},{"damage":1,"enemies":"4 Shapes","floor":45,"turns":6},{"damage":0,"enemies":"Giant Head","floor":48,"turns":2},{"damage":29,"enemies":"Time Eater","floor":50,"turns":5},{"damage":28,"enemies":"Donu and Deca","floor":51,"turns":7},{"damage":22,"enemies":"Shield and Spear","floor":55,"turns":4},{"damage":85,"enemies":"The Heart","floor":56,"turns":6}],"seed_played":"7837316941083682204","potions_obtained":[{"floor":8,"key":"Dexterity Potion"},{"floor":14,"key":"Fire Potion"},{"floor":27,"key":"Swift Potion"},{"floor":29,"key":"LiquidBronze"},{"floor":33,"key":"Block Potion"},{"floor":35,"key":"FearPotion"},{"floor":38,"key":"Block Potion"},{"floor":44,"key":"PowerPotion"},{"floor":45,"key":"Fire Potion"},{"floor":55,"key":"Ancient Potion"}],"is_trial":false,"path_per_floor":["M","?","M","$","?","E","R","E","T","R","E","R","$","M","R","B",null,"M","?","$","?","M","E","?","R","T","E","R","E","?","M","R","B",null,"M","?","M","M","$","E","R","M","T","E","M","R","$","E","R","B","B",null,"R","$","E","B"],"character_chosen":"DEFECT","items_purchased":["Coolheaded","Fusion","Glacier","All For One","All For One"],"campfire_rested":5,"item_purchase_floors":[4,13,39,47,54],"current_hp_per_floor":[58,53,46,46,51,34,34,13,13,35,29,29,29,28,28,25,63,57,57,57,57,50,49,49,73,73,73,73,72,72,74,74,27,70,60,60,61,21,21,11,38,39,39,38,39,67,67,69,69,40,12,77,98,98,76,0],"gold":79,"neow_bonus":"ONE_RARE_RELIC","is_prod":false,"is_daily":false,"chose_seed":false,"campfire_upgraded":5,"win_rate":0,"timestamp":1556224904,"path_taken":["M","?","M","$","?","E","R","E","T","R","E","R","?","M","R","BOSS","M","?","$","?","M","E","?","R","T","E","R","E","?","M","R","BOSS","M","?","?","M","$","E","R","M","T","E","M","R","$","E","R","BOSS","BOSS","R","$","E","BOSS"],"build_version":"2019-01-23","purchased_purges":3,"victory":false,"max_hp_per_floor":[71,71,71,71,76,76,76,76,76,76,76,76,76,76,76,76,76,78,78,78,78,78,80,80,80,80,80,80,82,82,84,84,84,84,86,86,88,90,90,92,92,94,94,94,96,96,96,98,98,98,98,98,98,98,98,98],"card_choices":[{"not_picked":["Go for the Eyes","Redo"],"picked":"Cold Snap","floor":1},{"not_picked":["Machine Learning","Rebound"],"picked":"Go for the Eyes","floor":3},{"not_picked":["Loop","Sweeping Beam"],"picked":"Ball Lightning","floor":6},{"not_picked":["Aggregate","Cold Snap"],"picked":"Ball Lightning","floor":8},{"not_picked":["Conserve Battery","Heatsinks"],"picked":"Gash","floor":11},{"not_picked":["Conserve Battery","Redo"],"picked":"Beam Cell","floor":14},{"not_picked":["Multi-Cast","Biased Cognition"],"picked":"Meteor Strike","floor":16},{"not_picked":["Turbo","Storm","Redo+1"],"picked":"Singing Bowl","floor":18},{"not_picked":["Steam","Gash"],"picked":"Recycle","floor":22},{"not_picked":["Sweeping Beam+1","Steam","Conserve Battery"],"picked":"Singing Bowl","floor":23},{"not_picked":["Rebound","Streamline"],"picked":"Core Surge","floor":27},{"not_picked":["Sweeping Beam","Darkness","Rip and Tear"],"picked":"Singing Bowl","floor":29},{"not_picked":["Rebound","Redo","Turbo"],"picked":"Singing Bowl","floor":31},{"not_picked":["Rainbow","Machine Learning"],"picked":"Echo Form","floor":33},{"not_picked":["Auto Shields","Turbo","Rebound"],"picked":"Singing Bowl","floor":35},{"not_picked":["Steam","Gash","Redo"],"picked":"Singing Bowl","floor":37},{"not_picked":["Coolheaded","Gash","Aggregate"],"picked":"Singing Bowl","floor":38},{"not_picked":["Streamline+1","Gash","Sweeping Beam+1"],"picked":"Singing Bowl","floor":40},{"not_picked":["Rip and Tear","Streamline+1","Chill"],"picked":"Singing Bowl","floor":42},{"not_picked":["Loop+1","Undo"],"picked":"Tempest","floor":44},{"not_picked":["White Noise","Barrage","Rip and Tear"],"picked":"Singing Bowl","floor":45},{"not_picked":["Gash","Sweeping Beam","Leap"],"picked":"Singing Bowl","floor":48},{"not_picked":["Sweeping Beam","Self Repair"],"picked":"Defragment","floor":55}],"player_experience":2572864,"relics_obtained":[{"floor":6,"key":"Whetstone"},{"floor":8,"key":"PreservedInsect"},{"floor":9,"key":"Singing Bowl"},{"floor":11,"key":"Gambling Chip"},{"floor":23,"key":"Happy Flower"},{"floor":26,"key":"Kunai"},{"floor":27,"key":"Bag of Preparation"},{"floor":29,"key":"Emotion Chip"},{"floor":40,"key":"Sundial"},{"floor":44,"key":"Du-Vu Doll"},{"floor":48,"key":"War Paint"},{"floor":55,"key":"Blood Vial"}],"event_choices":[{"damage_healed":0,"gold_gain":0,"player_choice":"Success","damage_taken":5,"relics_obtained":["Unceasing Top"],"max_hp_gain":0,"max_hp_loss":0,"event_name":"Scrap Ooze","floor":2,"gold_loss":0},{"damage_healed":0,"gold_gain":0,"player_choice":"Donut","damage_taken":0,"max_hp_gain":5,"max_hp_loss":0,"event_name":"Big Fish","floor":5,"gold_loss":0},{"damage_healed":0,"gold_gain":0,"player_choice":"Opened","damage_taken":0,"relics_obtained":["Ancient Tea Set"],"max_hp_gain":0,"max_hp_loss":0,"event_name":"The Mausoleum","floor":19,"gold_loss":0,"cards_obtained":["Writhe"]},{"damage_healed":0,"gold_gain":50,"player_choice":"Stole From Cult","damage_taken":0,"max_hp_gain":0,"max_hp_loss":0,"event_name":"Nest","floor":21,"gold_loss":0},{"damage_healed":0,"gold_gain":0,"cards_transformed":["Strike_B","Strike_B"],"player_choice":"Became Test Subject","damage_taken":0,"max_hp_gain":0,"max_hp_loss":0,"event_name":"Drug Dealer","floor":24,"gold_loss":0,"cards_obtained":["Thunder Strike","Machine Learning"]},{"damage_healed":0,"gold_gain":0,"player_choice":"Ignored","damage_taken":0,"max_hp_gain":0,"max_hp_loss":0,"event_name":"Vampires","floor":30,"gold_loss":0},{"damage_healed":0,"gold_gain":0,"player_choice":"Forge","damage_taken":0,"max_hp_gain":0,"max_hp_loss":0,"event_name":"Accursed Blacksmith","floor":36,"gold_loss":0,"cards_upgraded":["Coolheaded"]}],"is_beta":false,"boss_relics":[{"not_picked":["Fusion Hammer","Ectoplasm"],"picked":"Snecko Eye"},{"not_picked":["Philosopher\u0027s Stone","Coffee Dripper"],"picked":"White Beast Statue"}],"items_purged_floors":[4,20,39],"is_endless":false,"potions_floor_spawned":[8,14,27,29,31,33,35,37,38,40,42,44,45,48,55],"killed_by":"The Heart","ascension_level":20}