{"gold_per_floor":[112,123,138,42,59,84,84,159,208,240,205,236,236,236,236,236],"floor_reached":16,"playtime":917,"items_purged":[],"score":159,"play_id":"5b121370-78d5-43dc-892c-9e85de812fbd","local_time":"20190524193553","is_ascension_mode":true,"campfire_choices":[{"data":"Neutralize","floor":7.0,"key":"SMITH"},{"floor":15.0,"key":"REST"}],"neow_cost":"NONE","seed_source_timestamp":485682453706242,"circlet_count":0,"master_deck":["Defend_G","Defend_G+1","Defend_G","Defend_G","Defend_G","Strike_G","Strike_G","Strike_G","Strike_G","Strike_G","Survivor+1","Neutralize+1","Well Laid Plans","Corpse Explosion","Dagger Spray","Deadly Poison"],"special_seed":0,"relics":["Ring of the Snake","Question Card","Art of War","War Paint","Gambling Chip"],"potions_floor_usage":[],"damage_taken":[{"damage":0.0,"enemies":"2 Louse","floor":1.0,"turns":5.0},{"damage":1.0,"enemies":"Small Slimes","floor":2.0,"turns":3.0},{"damage":0.0,"enemies":"Jaw Worm","floor":3.0,"turns":6.0},{"damage":1.0,"enemies":"2 Fungi Beasts","floor":5.0,"turns":5.0},{"damage":26.0,"enemies":"Gremlin Nob","floor":6.0,"turns":5.0},{"damage":6.0,"enemies":"3 Sentries","floor":10.0,"turns":4.0},{"damage":35.0,"enemies":"Lagavulin","floor":12.0,"turns":8.0},{"damage":38,"enemies":"Slime Boss","floor":16,"turns":3}],"seed_played":"2415245182056267334","potions_obtained":[{"floor":3.0,"key":"SteroidPotion"},{"floor":5.0,"key":"EntropicBrew"},{"floor":6.0,"key":"PowerPotion"},{"floor":12.0,"key":"Strength Potion"}],"is_trial":false,"path_per_floor":["M","M","M","$","M","E","R","?","T","E","?","E","?","?","R","B"],"character_chosen":"THE_SILENT","items_purchased":["Block Potion","Explosive Potion"],"campfire_rested":1,"item_purchase_floors":[4,4],"current_hp_per_floor":[70,69,69,69,68,42,42,31,31,25,44,9,9,9,32,0],"gold":236,"neow_bonus":"TEN_PERCENT_HP_BONUS","is_prod":false,"is_daily":false,"chose_seed":false,"campfire_upgraded":1,"win_rate":0,"timestamp":1558706753,"path_taken":["M","M","M","$","M","E","R","?","T","E","?","E","?","?","R","BOSS"],"build_version":"2019-01-23","purchased_purges":0,"victory":false,"max_hp_per_floor":[77,77,77,77,77,77,77,77,77,77,77,77,77,77,77,77],"card_choices":[{"not_picked":["Bane","Quick Slash","Flying Knee"],"picked":"SKIP","floor":1.0},{"not_picked":["Underhanded Strike","Slice","Deflect"],"picked":"SKIP","floor":2.0},{"not_picked":["Outmaneuver","Riddle With Holes"],"picked":"Well Laid Plans","floor":3.0},{"not_picked":["Underhanded Strike","Crippling Poison"],"picked":"Corpse Explosion","floor":5.0},{"not_picked":["Masterful Stab","Prepared","Setup"],"picked":"SKIP","floor":6.0},{"not_picked":["Terror","All Out Attack","Outmaneuver"],"picked":"Dagger Spray","floor":10.0},{"not_picked":["Eviscerate","Outmaneuver","Accuracy"],"picked":"Deadly Poison","floor":12.0}],"player_experience":729666,"relics_obtained":[{"floor":6.0,"key":"Question Card"},{"floor":9.0,"key":"Art of War"},{"floor":10.0,"key":"War Paint"},{"floor":12.0,"key":"Gambling Chip"}],"event_choices":[{"damage_healed":0.0,"max_hp_gain":0.0,"max_hp_loss":0.0,"gold_gain":75.0,"event_name":"World of Goop","player_choice":"Gather Gold","floor":8.0,"gold_loss":0.0,"damage_taken":11.0},{"damage_healed":19.0,"max_hp_gain":0.0,"max_hp_loss":0.0,"gold_gain":0.0,"event_name":"The Cleric","player_choice":"Healed","floor":11.0,"gold_loss":35.0,"damage_taken":0.0},{"damage_healed":0.0,"max_hp_gain":0.0,"max_hp_loss":0.0,"gold_gain":0.0,"event_name":"Golden Wing","player_choice":"Ignored","floor":13.0,"gold_loss":0.0,"damage_taken":0.0},{"damage_healed":0.0,"max_hp_gain":0.0,"max_hp_loss":0.0,"gold_gain":0.0,"event_name":"Scrap Ooze","player_choice":"Fled","floor":14.0,"gold_loss":0.0,"damage_taken":0.0}],"is_beta":false,"boss_relics":[],"items_purged_floors":[],"is_endless":false,"potions_floor_spawned":[3,5,6,12],"killed_by":"Slime Boss","ascension_level":7}