{"gold_per_floor":[110,19,19,94,105,105,131,145,145,170,170,189,189,218,218,218],"floor_reached":16,"playtime":651,"items_purged":[],"score":286,"play_id":"6a963bfc-a71e-4925-bce2-1d697fa87b7d","local_time":"20190512154520","is_ascension_mode":true,"campfire_choices":[{"data":"Flechettes","floor":6,"key":"SMITH"},{"data":"Poisoned Stab","floor":13,"key":"SMITH"},{"data":"Poisoned Stab","floor":15,"key":"SMITH"}],"neow_cost":"NONE","seed_source_timestamp":98354292601645,"circlet_count":0,"master_deck":["AscendersBane","Defend_G","Defend_G","Defend_G","Defend_G","Defend_G","Strike_G","Strike_G","Strike_G","Strike_G","Survivor","Neutralize","Flechettes+1","PanicButton","PiercingWail","Poisoned Stab+1","Poisoned Stab+1","Escape Plan","Acrobatics"],"relics":["Ring of the Snake","NeowsBlessing","Shovel","Nunchaku","Question Card","Smiling Mask"],"potions_floor_usage":[],"damage_taken":[{"damage":0,"enemies":"Cultist","floor":1,"turns":1},{"damage":0,"enemies":"Small Slimes","floor":5,"turns":1},{"damage":0,"enemies":"Lagavulin","floor":7,"turns":1},{"damage":0,"enemies":"2 Louse","floor":8,"turns":3},{"damage":22,"enemies":"Gremlin Nob","floor":10,"turns":4},{"damage":5,"enemies":"Exordium Thugs","floor":12,"turns":7},{"damage":12,"enemies":"Lagavulin","floor":14,"turns":7},{"damage":26,"enemies":"Hexaghost","floor":16,"turns":7}],"seed_played":"7176450917215702236","potions_obtained":[{"floor":1,"key":"FairyPotion"}],"is_trial":false,"path_per_floor":["M","$","?","?","M","R","E","M","T","E","?","M","R","E","R","B"],"character_chosen":"THE_SILENT","items_purchased":["PanicButton"],"campfire_rested":0,"item_purchase_floors":[2],"current_hp_per_floor":[59,59,64,53,53,53,53,53,53,31,31,26,26,14,14,0],"gold":218,"neow_bonus":"THREE_ENEMY_KILL","is_prod":false,"is_daily":false,"chose_seed":false,"campfire_upgraded":3,"win_rate":0,"timestamp":1557668720,"path_taken":["M","$","?","?","M","R","E","M","T","E","?","M","R","E","R","BOSS"],"build_version":"2019-01-23","purchased_purges":0,"victory":false,"max_hp_per_floor":[66,66,71,71,71,71,71,71,71,71,71,71,71,71,71,71],"card_choices":[{"not_picked":["Leg Sweep","Bane"],"picked":"Flechettes","floor":1},{"not_picked":["Sucker Punch","Blur"],"picked":"PiercingWail","floor":5},{"not_picked":["Dagger Spray","Sucker Punch"],"picked":"Poisoned Stab","floor":7},{"not_picked":["Heel Hook","Accuracy"],"picked":"Poisoned Stab","floor":8},{"not_picked":["Grand Finale","Underhanded Strike","Predator"],"picked":"SKIP","floor":10},{"not_picked":["Quick Slash","Poisoned Stab","Riddle With Holes"],"picked":"Escape Plan","floor":12},{"not_picked":["Deflect","Concentrate","Dagger Spray"],"picked":"Acrobatics","floor":14}],"player_experience":2664388,"relics_obtained":[{"floor":7,"key":"Shovel"},{"floor":9,"key":"Nunchaku"},{"floor":10,"key":"Question Card"},{"floor":14,"key":"Smiling Mask"}],"event_choices":[{"damage_healed":0,"gold_gain":0,"player_choice":"Donut","damage_taken":0,"max_hp_gain":5,"max_hp_loss":0,"event_name":"Big Fish","floor":3,"gold_loss":0},{"damage_healed":0,"gold_gain":75,"player_choice":"Gather Gold","damage_taken":11,"max_hp_gain":0,"max_hp_loss":0,"event_name":"World of Goop","floor":4,"gold_loss":0},{"cards_removed":["Strike_G"],"damage_healed":0,"gold_gain":0,"player_choice":"Forget","damage_taken":0,"max_hp_gain":0,"max_hp_loss":0,"event_name":"Living Wall","floor":11,"gold_loss":0}],"is_beta":false,"boss_relics":[],"items_purged_floors":[],"is_endless":false,"potions_floor_spawned":[1],"killed_by":"Hexaghost","ascension_level":20}