{"gold_per_floor":[112,129,149,166,166,200,200,234,261,290,290,301,169,169,169,241,241,256,256,270,220,88,88,113,113,113,128,141,141],"floor_reached":29,"playtime":1909,"items_purged":["Strike_B"],"score":576,"play_id":"58353beb-cea6-4030-bef8-ee4ea0219fae","local_time":"20190307182826","is_ascension_mode":true,"campfire_choices":[{"floor":7.0,"key":"REST"},{"floor":15,"key":"REST"},{"data":"Zap","floor":23,"key":"SMITH"},{"floor":25,"key":"REST"}],"neow_cost":"NONE","seed_source_timestamp":1369492284902194,"circlet_count":0,"master_deck":["AscendersBane","Strike_B+1","Strike_B+1","Strike_B+1","Defend_B+1","Defend_B+1","Defend_B+1","Defend_B+1","Zap+1","Dualcast+1","Reinforced Body","BootSequence","Sweeping Beam+1","Ball Lightning+1","Rip and Tear+1","Hologram","Loop","Defragment","Coolheaded","Echo Form","Turbo","Coolheaded","Creative AI","Tempest"],"special_seed":0,"relics":["Cracked Core","Lantern","PreservedInsect","Oddly Smooth Stone","War Paint","Sozu","Whetstone","Darkstone Periapt"],"potions_floor_usage":[18,24],"damage_taken":[{"damage":7.0,"enemies":"Jaw Worm","floor":1.0,"turns":3.0},{"damage":7.0,"enemies":"Small Slimes","floor":2.0,"turns":3.0},{"damage":0.0,"enemies":"Cultist","floor":3.0,"turns":3.0},{"damage":6.0,"enemies":"Lots of Slimes","floor":4.0,"turns":5.0},{"damage":17.0,"enemies":"3 Sentries","floor":6.0,"turns":8.0},{"damage":22.0,"enemies":"Lagavulin","floor":8.0,"turns":5.0},{"damage":0.0,"enemies":"3 Sentries","floor":10.0,"turns":4.0},{"damage":0,"enemies":"3 Louse","floor":12,"turns":3},{"damage":1,"enemies":"The Guardian","floor":16,"turns":15},{"damage":6,"enemies":"3 Byrds","floor":18,"turns":5},{"damage":11,"enemies":"2 Thieves","floor":20,"turns":4},{"damage":4,"enemies":"Book of Stabbing","floor":24,"turns":5},{"damage":20,"enemies":"Snake Plant","floor":27,"turns":5},{"damage":3,"enemies":"Centurion and Healer","floor":28,"turns":7},{"damage":56,"enemies":"Cultist and Chosen","floor":29,"turns":6}],"seed_played":"-5404377264605194669","potions_obtained":[{"floor":2.0,"key":"Weak Potion"},{"floor":4.0,"key":"PowerPotion"},{"floor":16,"key":"Fruit Juice"}],"is_trial":false,"path_per_floor":["M","M","M","M","?","E","R","E","T","E","?","M","$","?","R","B",null,"M","?","M","?","$","R","E","R","T","M","M","M"],"character_chosen":"DEFECT","items_purchased":["Coolheaded","Coolheaded","Creative AI"],"campfire_rested":3,"item_purchase_floors":[13,22,22],"current_hp_per_floor":[64,57,57,51,28,11,34,12,12,12,1,1,1,1,24,23,64,63,63,52,52,52,52,48,72,72,52,49,0],"gold":141,"neow_bonus":"TEN_PERCENT_HP_BONUS","is_prod":false,"is_daily":false,"chose_seed":false,"campfire_upgraded":1,"win_rate":0,"timestamp":1551979706,"path_taken":["M","M","M","M","?","E","R","E","T","E","?","M","$","?","R","BOSS","M","?","M","?","$","R","E","R","T","M","M","M"],"build_version":"2019-01-23","purchased_purges":1,"victory":false,"max_hp_per_floor":[78,78,78,78,78,78,78,78,78,78,78,78,78,78,78,78,78,83,83,83,83,83,83,83,83,83,83,83,83],"card_choices":[{"not_picked":["Barrage","Gash"],"picked":"Reinforced Body","floor":1.0},{"not_picked":["Chill","Streamline"],"picked":"BootSequence","floor":2.0},{"not_picked":["Stack","Go for the Eyes"],"picked":"Sweeping Beam","floor":3.0},{"not_picked":["Conserve Battery","Rebound"],"picked":"Ball Lightning","floor":4.0},{"not_picked":["All For One","Force Field"],"picked":"Rip and Tear","floor":6.0},{"not_picked":["Storm","Conserve Battery"],"picked":"Hologram","floor":8.0},{"not_picked":["Aggregate","Fusion"],"picked":"Loop","floor":10.0},{"not_picked":["Compile Driver","Barrage"],"picked":"Defragment","floor":12},{"not_picked":["Amplify","Machine Learning"],"picked":"Echo Form","floor":16},{"not_picked":["Conserve Battery","Redo"],"picked":"Turbo","floor":18},{"not_picked":["Rebound","Reprogram","Streamline"],"picked":"SKIP","floor":20},{"not_picked":["Beam Cell","Streamline"],"picked":"Tempest","floor":24},{"not_picked":["Turbo","Chaos+1","Double Energy"],"picked":"SKIP","floor":27},{"not_picked":["Barrage","Beam Cell","Turbo"],"picked":"SKIP","floor":28}],"player_experience":1909873,"relics_obtained":[{"floor":6.0,"key":"Lantern"},{"floor":8.0,"key":"PreservedInsect"},{"floor":9.0,"key":"Oddly Smooth Stone"},{"floor":10.0,"key":"War Paint"},{"floor":24,"key":"Whetstone"},{"floor":26,"key":"Darkstone Periapt"}],"event_choices":[{"damage_healed":0.0,"max_hp_gain":0.0,"max_hp_loss":0.0,"gold_gain":0.0,"event_name":"Shining Light","player_choice":"Entered Light","floor":5.0,"gold_loss":0.0,"damage_taken":23.0,"cards_upgraded":["Ball Lightning","Defend_B"]},{"damage_healed":0.0,"max_hp_gain":0.0,"max_hp_loss":0.0,"gold_gain":0.0,"event_name":"Scrap Ooze","player_choice":"Fled","floor":11.0,"gold_loss":0.0,"damage_taken":11.0},{"damage_healed":0,"gold_gain":0,"player_choice":"Ignored","damage_taken":0,"max_hp_gain":0,"max_hp_loss":0,"event_name":"Liars Game","floor":14,"gold_loss":0},{"damage_healed":0,"gold_gain":0,"player_choice":"Simplicity","damage_taken":0,"max_hp_gain":0,"max_hp_loss":0,"event_name":"Back to Basics","floor":19,"gold_loss":0,"cards_upgraded":["Strike_B","Strike_B","Strike_B","Defend_B","Defend_B"]},{"damage_healed":0,"gold_gain":0,"player_choice":"Bet on Owner","damage_taken":0,"max_hp_gain":0,"max_hp_loss":0,"event_name":"The Joust","floor":21,"gold_loss":50}],"is_beta":false,"boss_relics":[{"not_picked":["Inserter","Busted Crown"],"picked":"Sozu"}],"items_purged_floors":[13],"is_endless":false,"potions_floor_spawned":[2,4,6,16,18,27,28],"killed_by":"Cultist and Chosen","ascension_level":20}