{"gold_per_floor":[112,62,62,73,73,105,123,157,157,157,172,172,172,182,182,279,279,297,297,15,35,46,46,46,78,78,89,89,103,103,114,114,213,213,225,238,338,338,351,351,380,380,407,423,440,331,82,102,102,102],"floor_reached":51,"playtime":4442,"items_purged":["Strike_B","Strike_B"],"score":759,"play_id":"26b79b7d-81db-4100-a032-86507fa6807f","local_time":"20190523231118","is_ascension_mode":false,"campfire_choices":[{"data":"Zap","floor":10.0,"key":"SMITH"},{"data":"1","floor":13.0,"key":"LIFT"},{"data":"Loop","floor":15.0,"key":"SMITH"},{"data":"Capacitor","floor":23,"key":"SMITH"},{"data":"Zap","floor":30,"key":"SMITH"},{"data":"Barrage","floor":32,"key":"SMITH"},{"data":"Biased Cognition","floor":40,"key":"SMITH"},{"data":"2","floor":42,"key":"LIFT"},{"data":"Capacitor","floor":49,"key":"SMITH"}],"neow_cost":"NONE","seed_source_timestamp":0,"circlet_count":0,"master_deck":["Strike_B","Defend_B","Defend_B","Defend_B","Zap+1","Dualcast","Conserve Battery","Melter","Cold Snap","Multi-Cast","Loop+1","Biased Cognition+1","Conserve Battery","Capacitor+1","Blizzard","Self Repair","Barrage+1","Zap+1","Barrage","Machine Learning","Redo","Darkness+1","Coolheaded","Capacitor+1"],"special_seed":0,"relics":["FrozenCore","Pocketwatch","Girya","Ice Cream","ClockworkSouvenir","Bag of Preparation","Sundial","Sozu","Bird Faced Urn","Matryoshka","Strawberry","Anchor","Lantern","Vajra"],"potions_floor_usage":[21,25,33,50],"damage_taken":[{"damage":1.0,"enemies":"Jaw Worm","floor":1.0,"turns":3.0},{"damage":0.0,"enemies":"Small Slimes","floor":4.0,"turns":3.0},{"damage":32.0,"enemies":"Gremlin Nob","floor":6.0,"turns":5.0},{"damage":0.0,"enemies":"Cultist","floor":7.0,"turns":3.0},{"damage":8.0,"enemies":"Lagavulin","floor":8.0,"turns":6.0},{"damage":0.0,"enemies":"Large Slime","floor":11.0,"turns":4.0},{"damage":0.0,"enemies":"Exordium Thugs","floor":14.0,"turns":4.0},{"damage":0.0,"enemies":"Slime Boss","floor":16.0,"turns":8.0},{"damage":0,"enemies":"Spheric Guardian","floor":18,"turns":2},{"damage":0,"enemies":"Shell Parasite","floor":21,"turns":5},{"damage":4,"enemies":"Snake Plant","floor":22,"turns":4},{"damage":0,"enemies":"Book of Stabbing","floor":25,"turns":7},{"damage":4,"enemies":"Snecko","floor":27,"turns":6},{"damage":0,"enemies":"3 Cultists","floor":29,"turns":5},{"damage":0,"enemies":"Snake Plant","floor":31,"turns":5},{"damage":3,"enemies":"Collector","floor":33,"turns":8},{"damage":9,"enemies":"3 Shapes","floor":35,"turns":5},{"damage":0,"enemies":"Orb Walker","floor":36,"turns":4},{"damage":0,"enemies":"Mind Bloom Boss Battle","floor":37,"turns":5},{"damage":11,"enemies":"4 Shapes","floor":39,"turns":6},{"damage":2,"enemies":"Giant Head","floor":41,"turns":9},{"damage":16,"enemies":"Transient","floor":44,"turns":5},{"damage":21,"enemies":"Jaw Worm Horde","floor":45,"turns":4},{"damage":0,"enemies":"Sphere and 2 Shapes","floor":48,"turns":3},{"damage":49,"enemies":"Time Eater","floor":50,"turns":9}],"seed_played":"7167821735010038210","potions_obtained":[{"floor":8.0,"key":"FairyPotion"},{"floor":11.0,"key":"Block Potion"},{"floor":14.0,"key":"AttackPotion"},{"floor":22,"key":"Weak Potion"},{"floor":29,"key":"Swift Potion"},{"floor":31,"key":"Swift Potion"}],"is_trial":false,"path_per_floor":["M","?","?","M","?","E","M","E","T","R","M","?","R","M","R","B",null,"M","?","$","M","M","R","$","E","T","M","?","M","R","M","R","B",null,"M","M","?","?","M","R","E","R","T","M","M","$","$","M","R","B",null],"character_chosen":"DEFECT","items_purchased":["Capacitor","ClockworkSouvenir","Capacitor","Vajra"],"campfire_rested":0,"item_purchase_floors":[20,20,46,47],"current_hp_per_floor":[81,81,74,74,79,47,47,39,39,39,39,39,39,39,39,39,87,87,79,79,79,75,75,75,75,75,78,78,85,85,87,87,87,87,85,87,87,87,87,87,94,94,94,85,81,81,81,94,94,56],"gold":102,"neow_bonus":"TEN_PERCENT_HP_BONUS","is_prod":false,"is_daily":false,"chose_seed":false,"campfire_upgraded":7,"win_rate":0.0,"timestamp":1558674678,"path_taken":["M","?","?","M","?","E","M","E","T","R","M","?","R","M","R","BOSS","M","?","$","M","M","R","?","E","T","M","?","?","R","M","R","BOSS","M","M","?","?","M","R","E","R","T","M","?","?","$","M","R","BOSS"],"build_version":"2019-01-23","purchased_purges":2,"victory":true,"max_hp_per_floor":[82,82,82,82,87,87,87,87,87,87,87,87,87,87,87,87,87,87,87,87,87,87,87,87,87,87,87,87,87,87,87,87,87,87,87,87,87,87,87,87,94,94,94,94,94,94,94,94,94,94],"card_choices":[{"not_picked":["Ball Lightning","Hologram"],"picked":"Conserve Battery","floor":1.0},{"not_picked":["Aggregate","Beam Cell"],"picked":"Melter","floor":4.0},{"not_picked":["Reprogram","Static Discharge","Doom and Gloom"],"picked":"SKIP","floor":6.0},{"not_picked":["Redo","Consume"],"picked":"Cold Snap","floor":7.0},{"not_picked":["Steam Power","Chaos"],"picked":"Multi-Cast","floor":8.0},{"not_picked":["Barrage","BootSequence"],"picked":"Loop","floor":11.0},{"not_picked":["Leap","Streamline","Force Field"],"picked":"SKIP","floor":14.0},{"not_picked":["Machine Learning","All For One"],"picked":"Biased Cognition","floor":16.0},{"not_picked":["Streamline","Hologram"],"picked":"Conserve Battery","floor":18},{"not_picked":["Hello World","FTL"],"picked":"Blizzard","floor":21},{"not_picked":["Streamline","Leap","Scrape"],"picked":"SKIP","floor":22},{"not_picked":["Storm","Cold Snap+1"],"picked":"Self Repair","floor":25},{"not_picked":["Storm+1","Beam Cell"],"picked":"Barrage","floor":27},{"not_picked":["Stack","Rip and Tear+1","Double Energy"],"picked":"SKIP","floor":29},{"not_picked":["Machine Learning","Hologram"],"picked":"Barrage","floor":31},{"not_picked":["All For One","Buffer"],"picked":"Machine Learning","floor":33},{"not_picked":["Conserve Battery","Leap+1"],"picked":"Redo","floor":35},{"not_picked":["Beam Cell","Steam"],"picked":"Darkness+1","floor":36},{"not_picked":["Hologram","Steam","Leap"],"picked":"SKIP","floor":39},{"not_picked":["Cold Snap+1","Glacier","Doom and Gloom+1"],"picked":"SKIP","floor":41},{"not_picked":["Barrage+1","Redo+1"],"picked":"Coolheaded","floor":44},{"not_picked":["Ball Lightning+1","Redo","Lockon+1"],"picked":"SKIP","floor":45},{"not_picked":["Hologram","Consume","Lockon+1"],"picked":"SKIP","floor":48}],"player_experience":8218,"relics_obtained":[{"floor":6.0,"key":"Pocketwatch"},{"floor":8.0,"key":"Girya"},{"floor":9.0,"key":"Ice Cream"},{"floor":25,"key":"Bag of Preparation"},{"floor":26,"key":"Sundial"},{"floor":37,"key":"Bird Faced Urn"},{"floor":41,"key":"Strawberry"},{"floor":43,"key":"Anchor"},{"floor":43,"key":"Lantern"}],"event_choices":[{"cards_removed":["Defend_B"],"damage_healed":0.0,"max_hp_gain":0.0,"max_hp_loss":0.0,"gold_gain":0.0,"event_name":"The Cleric","player_choice":"Card Removal","floor":2.0,"gold_loss":50.0,"damage_taken":0.0},{"cards_removed":["Strike_B"],"damage_healed":0.0,"max_hp_gain":0.0,"max_hp_loss":0.0,"gold_gain":0.0,"event_name":"Golden Wing","player_choice":"Card Removal","floor":3.0,"gold_loss":0.0,"damage_taken":7.0},{"damage_healed":0.0,"max_hp_gain":5.0,"max_hp_loss":0.0,"gold_gain":0.0,"event_name":"Big Fish","player_choice":"Donut","floor":5.0,"gold_loss":0.0,"damage_taken":0.0},{"damage_healed":0.0,"max_hp_gain":0.0,"max_hp_loss":0.0,"gold_gain":0.0,"event_name":"Liars Game","player_choice":"Ignored","floor":12.0,"gold_loss":0.0,"damage_taken":0.0},{"damage_healed":0,"gold_gain":0,"player_choice":"","damage_taken":8,"max_hp_gain":0,"max_hp_loss":0,"event_name":"Knowing Skull","floor":19,"potions_obtained":[],"gold_loss":0,"cards_obtained":[]},{"damage_healed":0,"gold_gain":0,"player_choice":"2 cards matched","damage_taken":0,"max_hp_gain":0,"max_hp_loss":0,"event_name":"Match and Keep!","floor":28,"gold_loss":0,"cards_obtained":["Trip","Zap"]},{"damage_healed":0,"gold_gain":0,"player_choice":"Fight","damage_taken":0,"max_hp_gain":0,"max_hp_loss":0,"event_name":"MindBloom","floor":37,"gold_loss":0},{"cards_removed":["Trip"],"damage_healed":0,"gold_gain":0,"player_choice":"Gave Card","damage_taken":0,"relics_obtained":["Matryoshka"],"max_hp_gain":0,"max_hp_loss":0,"event_name":"WeMeetAgain","floor":38,"gold_loss":0}],"is_beta":false,"boss_relics":[{"not_picked":["Orrery","Nuclear Battery"],"picked":"FrozenCore"},{"not_picked":["Runic Pyramid","Runic Dome"],"picked":"Sozu"}],"items_purged_floors":[46,47],"is_endless":false,"potions_floor_spawned":[8,11,14,22,29,31,41,45],"ascension_level":0}