{"gold_per_floor":[112,112,112,37,0,29,29,62,86,117,17,30,58,77,77,77],"floor_reached":16,"playtime":525,"items_purged":["Strike_R","Parasite"],"score":352,"play_id":"abc55102-948c-4d39-8345-916b28d55487","local_time":"20190311210736","is_ascension_mode":true,"campfire_choices":[{"data":"Flame Barrier","floor":15.0,"key":"SMITH"}],"neow_cost":"NONE","seed_source_timestamp":0,"circlet_count":0,"master_deck":["AscendersBane","Strike_R","Strike_R","Strike_R","Strike_R","Defend_R","Defend_R+1","Defend_R+1","Defend_R","Bash","Twin Strike","Twin Strike","Headbutt","Immolate","Flame Barrier+1"],"special_seed":0,"relics":["Burning Blood","NeowsBlessing","Singing Bowl","Blood Vial","Art of War","Orichalcum","Pantograph","FossilizedHelix"],"potions_floor_usage":[16],"damage_taken":[{"damage":0.0,"enemies":"Small Slimes","floor":1.0,"turns":1.0},{"damage":0.0,"enemies":"3 Sentries","floor":6.0,"turns":2.0},{"damage":0.0,"enemies":"Lagavulin","floor":8.0,"turns":1.0},{"damage":44.0,"enemies":"Gremlin Nob","floor":10.0,"turns":5.0},{"damage":9.0,"enemies":"2 Louse","floor":12.0,"turns":2.0},{"damage":6.0,"enemies":"3 Sentries","floor":13.0,"turns":4.0},{"damage":0.0,"enemies":"Jaw Worm","floor":14.0,"turns":2.0},{"damage":76,"enemies":"Hexaghost","floor":16,"turns":11}],"seed_played":"-1982101725610123072","potions_obtained":[{"floor":1.0,"key":"Weak Potion"},{"floor":8.0,"key":"Fire Potion"}],"is_trial":false,"path_per_floor":["M","?","?","$","?","E","?","E","T","E","$","M","E","M","R","B"],"character_chosen":"IRONCLAD","items_purchased":[],"campfire_rested":0,"item_purchase_floors":[],"current_hp_per_floor":[74,51,46,46,46,52,70,75,75,37,37,36,40,48,48,0],"gold":77,"neow_bonus":"THREE_ENEMY_KILL","is_prod":false,"is_daily":false,"chose_seed":false,"campfire_upgraded":1,"win_rate":0,"timestamp":1552334856,"path_taken":["M","?","?","$","?","E","?","E","T","E","?","M","E","?","R","BOSS"],"build_version":"2019-01-23","purchased_purges":2,"victory":false,"max_hp_per_floor":[75,75,75,75,75,75,75,75,75,75,72,72,74,74,74,74],"card_choices":[{"not_picked":["Burning Pact","Shrug It Off","Warcry"],"picked":"SKIP","floor":1.0},{"not_picked":["Ghostly Armor","Reckless Charge"],"picked":"Twin Strike","floor":6.0},{"not_picked":["Searing Blow","Sever Soul"],"picked":"Twin Strike","floor":8.0},{"not_picked":["Sentinel","Armaments"],"picked":"Headbutt","floor":10.0},{"not_picked":["Perfected Strike","Wild Strike"],"picked":"Immolate","floor":12.0},{"not_picked":["Entrench","Body Slam","Anger"],"picked":"Singing Bowl","floor":13.0},{"not_picked":["Warcry","Thunderclap"],"picked":"Flame Barrier","floor":14.0}],"player_experience":1993748,"relics_obtained":[{"floor":6.0,"key":"Blood Vial"},{"floor":8.0,"key":"Art of War"},{"floor":9.0,"key":"Orichalcum"},{"floor":10.0,"key":"Pantograph"},{"floor":13.0,"key":"FossilizedHelix"}],"event_choices":[{"damage_healed":0.0,"max_hp_gain":0.0,"max_hp_loss":0.0,"gold_gain":0.0,"event_name":"Shining Light","player_choice":"Entered Light","floor":2.0,"gold_loss":0.0,"damage_taken":23.0,"cards_upgraded":["Defend_R","Defend_R"]},{"damage_healed":0.0,"max_hp_gain":0.0,"max_hp_loss":0.0,"gold_gain":0.0,"event_name":"Scrap Ooze","player_choice":"Success","floor":3.0,"gold_loss":0.0,"damage_taken":5.0,"relics_obtained":["Singing Bowl"]},{"damage_healed":0.0,"max_hp_gain":0.0,"max_hp_loss":0.0,"gold_gain":0.0,"event_name":"World of Goop","player_choice":"Left Gold","floor":5.0,"gold_loss":37.0,"damage_taken":0.0},{"damage_healed":18.0,"max_hp_gain":0.0,"max_hp_loss":0.0,"gold_gain":0.0,"event_name":"Mushrooms","player_choice":"Healed and dodged fight","floor":7.0,"gold_loss":0.0,"damage_taken":0.0,"cards_obtained":["Parasite"]}],"is_beta":false,"boss_relics":[],"items_purged_floors":[4,11],"is_endless":false,"potions_floor_spawned":[1,8],"killed_by":"Hexaghost","ascension_level":20}