{"gold_per_floor":[110,285,298,313,313,313,332,342,365,397,407,426,456,474,474,572,572,585,595,26,39,3,38,38,52,82,82,32,32,43,66,66,66],"floor_reached":33,"playtime":11526,"items_purged":["Doubt","Hello World"],"score":306,"play_id":"037e968d-0e70-4291-b590-1bfadaebf975","local_time":"20190511001933","is_ascension_mode":false,"campfire_choices":[{"data":"Defragment","floor":6.0,"key":"SMITH"},{"data":"Loop","floor":15.0,"key":"SMITH"},{"data":"Capacitor","floor":24.0,"key":"SMITH"},{"data":"Fission","floor":27.0,"key":"SMITH"},{"data":"Capacitor","floor":32,"key":"SMITH"}],"neow_cost":"NONE","seed_source_timestamp":112294226052743,"circlet_count":0,"master_deck":["Strike_B","Strike_B","Strike_B","Defend_B","Defend_B","Defend_B","Defend_B","Zap","Dualcast","Reprogram","Chaos","Defragment+1","Stack","Tempest","Go for the Eyes","Biased Cognition","Capacitor+1","Loop+1","Glacier","Fission+1","Capacitor+1","Loop+1","Genetic Algorithm","Doom and Gloom","Redo","Secret Technique","Force Field+1","Storm","Defragment","Barrage"],"special_seed":0,"relics":["Cracked Core","Strawberry","Orichalcum","Boot","Runic Pyramid","Membership Card","Bag of Marbles","Sundial","Tiny Chest","Lantern"],"potions_floor_usage":[30],"damage_taken":[{"damage":1.0,"enemies":"Jaw Worm","floor":1.0,"turns":4.0},{"damage":1.0,"enemies":"Cultist","floor":3.0,"turns":4.0},{"damage":2.0,"enemies":"2 Louse","floor":4.0,"turns":4.0},{"damage":12.0,"enemies":"Blue Slaver","floor":7.0,"turns":4.0},{"damage":22.0,"enemies":"Exordium Thugs","floor":8.0,"turns":6.0},{"damage":18.0,"enemies":"Gremlin Nob","floor":10.0,"turns":4.0},{"damage":0.0,"enemies":"Red Slaver","floor":11.0,"turns":3.0},{"damage":0.0,"enemies":"Lots of Slimes","floor":12.0,"turns":1.0},{"damage":19.0,"enemies":"3 Sentries","floor":13.0,"turns":5.0},{"damage":11.0,"enemies":"Large Slime","floor":14.0,"turns":3.0},{"damage":4.0,"enemies":"Hexaghost","floor":16.0,"turns":9.0},{"damage":0.0,"enemies":"Chosen","floor":18.0,"turns":6.0},{"damage":19.0,"enemies":"2 Thieves","floor":19.0,"turns":4.0},{"damage":10.0,"enemies":"Centurion and Healer","floor":21.0,"turns":11.0},{"damage":24.0,"enemies":"Book of Stabbing","floor":23.0,"turns":8.0},{"damage":12.0,"enemies":"Snake Plant","floor":25.0,"turns":6.0},{"damage":4,"enemies":"Shelled Parasite and Fungi","floor":30,"turns":4},{"damage":29,"enemies":"Collector","floor":33,"turns":3}],"seed_played":"-570463741753981726","potions_obtained":[{"floor":1.0,"key":"Ancient Potion"},{"floor":3.0,"key":"Regen Potion"},{"floor":10.0,"key":"AttackPotion"},{"floor":11.0,"key":"SteroidPotion"},{"floor":12.0,"key":"AttackPotion"},{"floor":13.0,"key":"Strength Potion"},{"floor":18.0,"key":"FocusPotion"},{"floor":23.0,"key":"EssenceOfSteel"},{"floor":25.0,"key":"SpeedPotion"}],"is_trial":false,"path_per_floor":["M","?","M","M","?","R","M","M","T","E","M","M","E","M","R","B",null,"M","M","$","M","$","E","R","M","T","R","$","?","M","T","R","B"],"character_chosen":"DEFECT","items_purchased":["Genetic Algorithm","Membership Card","Bag of Marbles","Doom and Gloom","Hello World","Redo","Secret Technique","Storm"],"campfire_rested":0,"item_purchase_floors":[20,20,20,20,20,20,20,22],"current_hp_per_floor":[81,81,80,78,78,78,77,55,62,44,44,44,25,14,14,10,89,89,70,70,60,60,36,36,24,24,24,24,24,20,20,20,0],"gold":66,"neow_bonus":"TEN_PERCENT_HP_BONUS","is_prod":false,"is_daily":false,"chose_seed":false,"campfire_upgraded":5,"win_rate":0.0,"timestamp":1557514173,"path_taken":["M","?","M","M","?","R","M","M","T","E","M","M","E","M","R","BOSS","M","M","$","M","?","E","R","M","T","R","$","?","M","?","R","BOSS"],"build_version":"2019-01-23","purchased_purges":2,"victory":false,"max_hp_per_floor":[82,82,82,82,82,82,82,82,89,89,89,89,89,89,89,89,89,89,89,89,89,89,89,89,89,89,89,89,89,89,89,89,89],"card_choices":[{"not_picked":["Barrage","Compile Driver"],"picked":"Reprogram","floor":1.0},{"not_picked":["Ball Lightning","Hologram"],"picked":"Chaos","floor":3.0},{"not_picked":["Consume","Coolheaded"],"picked":"Defragment","floor":4.0},{"not_picked":["Cold Snap","Steam"],"picked":"Stack","floor":7.0},{"not_picked":["Stack","Compile Driver"],"picked":"Tempest","floor":8.0},{"not_picked":["Sweeping Beam","Streamline"],"picked":"Go for the Eyes","floor":10.0},{"not_picked":["Stack","Hologram"],"picked":"Biased Cognition","floor":11.0},{"not_picked":["Darkness","Conserve Battery"],"picked":"Capacitor","floor":12.0},{"not_picked":["Beam Cell","Cold Snap"],"picked":"Loop","floor":13.0},{"not_picked":["Storm","Leap"],"picked":"Glacier","floor":14.0},{"not_picked":["Buffer","Machine Learning"],"picked":"Fission","floor":16.0},{"not_picked":["Compile Driver","Leap"],"picked":"Capacitor","floor":18.0},{"not_picked":["Hologram","Compile Driver"],"picked":"Loop+1","floor":19.0},{"not_picked":["Consume+1","Chaos+1"],"picked":"Force Field+1","floor":21.0},{"not_picked":["Compile Driver","Tempest"],"picked":"Defragment","floor":23.0},{"not_picked":["Beam Cell","Consume"],"picked":"Barrage","floor":25.0},{"not_picked":["Aggregate","Ball Lightning+1","Steam"],"picked":"SKIP","floor":30}],"player_experience":105207,"relics_obtained":[{"floor":9.0,"key":"Strawberry"},{"floor":10.0,"key":"Orichalcum"},{"floor":13.0,"key":"Boot"},{"floor":23.0,"key":"Sundial"},{"floor":26.0,"key":"Tiny Chest"},{"floor":31,"key":"Lantern"}],"event_choices":[{"damage_healed":0.0,"max_hp_gain":0.0,"max_hp_loss":0.0,"gold_gain":175.0,"event_name":"Liars Game","player_choice":"AGREE","floor":2.0,"gold_loss":0.0,"damage_taken":0.0,"cards_obtained":["Doubt"]},{"cards_removed":["Strike_B"],"damage_healed":0.0,"max_hp_gain":0.0,"max_hp_loss":0.0,"gold_gain":0.0,"event_name":"Purifier","player_choice":"Purged","floor":5.0,"gold_loss":0.0,"damage_taken":0.0},{"damage_healed":0.0,"max_hp_gain":0.0,"max_hp_loss":0.0,"gold_gain":0.0,"event_name":"Beggar","player_choice":"Ignored","floor":29.0,"gold_loss":0.0,"damage_taken":0.0}],"is_beta":false,"boss_relics":[{"not_picked":["Coffee Dripper","Black Star"],"picked":"Runic Pyramid"}],"items_purged_floors":[20,28],"is_endless":false,"potions_floor_spawned":[1,3,10,11,12,13,18,23,25],"killed_by":"Collector","ascension_level":0}