{"gold_per_floor":[99,99,99,99,79,79,79,79,79,79,4,4],"floor_reached":12,"playtime":423,"items_purged":["Strike_B"],"score":172,"play_id":"8be0261e-74fe-49d0-97d3-990ea2bc4cb2","local_time":"20190319090220","is_ascension_mode":true,"campfire_choices":[{"floor":7,"key":"REST"},{"floor":10,"key":"REST"}],"neow_cost":"NONE","seed_source_timestamp":305947036656854,"circlet_count":0,"master_deck":["AscendersBane","Strike_B","Strike_B","Defend_B","Defend_B","Defend_B","Defend_B","Zap","Dualcast","Genetic Algorithm","Rebound","Melter","Ball Lightning"],"relics":["Ectoplasm","Potion Belt","Letter Opener","Bag of Marbles"],"potions_floor_usage":[6],"damage_taken":[{"damage":1,"enemies":"Cultist","floor":1,"turns":3},{"damage":7,"enemies":"Jaw Worm","floor":2,"turns":4},{"damage":0,"enemies":"2 Louse","floor":3,"turns":3},{"damage":26,"enemies":"Lagavulin","floor":6,"turns":6},{"damage":29,"enemies":"Gremlin Nob","floor":8,"turns":4},{"damage":38,"enemies":"3 Sentries","floor":12,"turns":6}],"seed_played":"8918670911164465859","potions_obtained":[{"floor":2,"key":"Swift Potion"},{"floor":3,"key":"Energy Potion"}],"is_trial":false,"path_per_floor":["M","M","M","?","?","E","R","E","T","R","$","E"],"character_chosen":"DEFECT","items_purchased":[],"campfire_rested":2,"item_purchase_floors":[],"current_hp_per_floor":[63,56,56,49,49,23,44,15,15,36,36,0],"gold":4,"neow_bonus":"BOSS_RELIC","is_prod":false,"is_daily":false,"chose_seed":false,"campfire_upgraded":0,"win_rate":0,"timestamp":1552982540,"path_taken":["M","?","M","?","?","E","R","E","T","R","$","E"],"build_version":"2019-01-23","purchased_purges":1,"victory":false,"max_hp_per_floor":[71,71,71,71,71,71,71,71,71,71,71,71],"card_choices":[{"not_picked":["Turbo","Redo"],"picked":"Genetic Algorithm","floor":1},{"not_picked":["Barrage","Leap"],"picked":"Rebound","floor":2},{"not_picked":["Gash","Steam Power"],"picked":"Melter","floor":3},{"not_picked":["FTL","Capacitor"],"picked":"Ball Lightning","floor":6},{"not_picked":["Heatsinks","Redo","Compile Driver"],"picked":"SKIP","floor":8}],"player_experience":2127479,"relics_obtained":[{"floor":6,"key":"Potion Belt"},{"floor":8,"key":"Letter Opener"},{"floor":9,"key":"Bag of Marbles"}],"event_choices":[{"cards_removed":["Strike_B"],"damage_healed":0,"gold_gain":0,"player_choice":"Card Removal","damage_taken":7,"max_hp_gain":0,"max_hp_loss":0,"event_name":"Golden Wing","floor":4,"gold_loss":0},{"damage_healed":0,"gold_gain":0,"player_choice":"Bought 1 Potion","damage_taken":0,"max_hp_gain":0,"max_hp_loss":0,"event_name":"The Woman in Blue","floor":5,"gold_loss":0}],"is_beta":false,"boss_relics":[],"items_purged_floors":[11],"is_endless":false,"potions_floor_spawned":[2,3],"killed_by":"3 Sentries","ascension_level":20}