{"gold_per_floor":[119,19,19,38,38,38,73,73,73,83,108,128,163,163,163,235,235,251,251,261,351,751,785,785,799,799,825,837,856,361,361],"floor_reached":31,"playtime":2711,"items_purged":["Strike_R","Strike_R"],"score":636,"play_id":"cc23473a-c84d-41b9-a203-6a6f225efdc7","local_time":"20190315155052","is_ascension_mode":true,"campfire_choices":[{"data":"Bash","floor":6.0,"key":"SMITH"},{"data":"Uppercut","floor":8.0,"key":"SMITH"},{"floor":15.0,"key":"DIG"},{"floor":24,"key":"REST"}],"neow_cost":"NONE","seed_source_timestamp":76125117042266,"circlet_count":0,"master_deck":["AscendersBane","Strike_R","Strike_R","Strike_R","Defend_R","Defend_R","Defend_R","Defend_R","Bash+1","Shrug It Off","Headbutt","Uppercut+1","Dropkick","Double Tap","Metallicize","Reaper","Sword Boomerang","Feel No Pain+1","Clothesline+1","Ghostly Armor","Combust","Battle Trance"],"special_seed":0,"relics":["Burning Blood","NeowsBlessing","Thread and Needle","Nunchaku","Mummified Hand","Shovel","Regal Pillow","Juzu Bracelet","Snecko Eye","Old Coin","Question Card","Pear","Magic Flower","Potion Belt","Meat on the Bone"],"potions_floor_usage":[22,25,27,31],"damage_taken":[{"damage":0.0,"enemies":"Cultist","floor":1.0,"turns":1.0},{"damage":0.0,"enemies":"2 Louse","floor":4.0,"turns":1.0},{"damage":0.0,"enemies":"3 Sentries","floor":7.0,"turns":2.0},{"damage":0.0,"enemies":"Small Slimes","floor":10.0,"turns":3.0},{"damage":19.0,"enemies":"Gremlin Nob","floor":11.0,"turns":4.0},{"damage":0.0,"enemies":"3 Louse","floor":12.0,"turns":5.0},{"damage":13.0,"enemies":"3 Sentries","floor":13.0,"turns":9.0},{"damage":33.0,"enemies":"Hexaghost","floor":16.0,"turns":11.0},{"damage":18.0,"enemies":"2 Thieves","floor":18.0,"turns":3.0},{"damage":38.0,"enemies":"3 Byrds","floor":20.0,"turns":7.0},{"damage":9,"enemies":"Colosseum Slavers","floor":22,"turns":3},{"damage":12,"enemies":"Colosseum Nobs","floor":22,"turns":5},{"damage":78,"enemies":"Gremlin Leader","floor":23,"turns":8},{"damage":23,"enemies":"Snake Plant","floor":25,"turns":4},{"damage":36,"enemies":"Slavers","floor":27,"turns":7},{"damage":21,"enemies":"3 Cultists","floor":28,"turns":6},{"damage":22,"enemies":"Shelled Parasite and Fungi","floor":29,"turns":4},{"damage":54,"enemies":"Masked Bandits","floor":31,"turns":5}],"seed_played":"3962331314316512473","potions_obtained":[{"floor":7.0,"key":"SkillPotion"},{"floor":11.0,"key":"Fire Potion"},{"floor":12.0,"key":"SteroidPotion"},{"floor":18.0,"key":"FairyPotion"},{"floor":23,"key":"SteroidPotion"},{"floor":25,"key":"SteroidPotion"},{"floor":28,"key":"Block Potion"}],"is_trial":false,"path_per_floor":["M","$","?","M","$","R","E","R","T","M","E","M","E","?","R","B",null,"M","?","M","?","?","E","R","M","T","E","M","M","$","?"],"character_chosen":"IRONCLAD","items_purchased":["Shrug It Off","Combust","Battle Trance","Meat on the Bone"],"campfire_rested":1,"item_purchase_floors":[2,30,30,30],"current_hp_per_floor":[74,74,74,75,75,75,75,75,75,75,62,68,61,66,66,39,70,78,78,51,35,58,24,66,53,53,47,53,49,49,0],"gold":361,"neow_bonus":"THREE_ENEMY_KILL","is_prod":false,"is_daily":false,"chose_seed":false,"campfire_upgraded":2,"win_rate":0,"timestamp":1552661452,"path_taken":["M","$","?","?","?","R","E","R","T","M","E","M","E","?","R","BOSS","M","?","M","?","?","E","R","M","T","E","M","M","$","?"],"build_version":"2019-01-23","purchased_purges":2,"victory":false,"max_hp_per_floor":[75,75,75,75,75,75,75,75,75,75,75,75,75,80,80,80,80,80,80,80,80,80,90,90,90,90,90,90,90,90,90],"card_choices":[{"not_picked":["Perfected Strike","Clash"],"picked":"Thunderclap","floor":1.0},{"not_picked":["Second Wind","Twin Strike"],"picked":"Headbutt","floor":4.0},{"not_picked":["Rupture","Rampage"],"picked":"Uppercut","floor":7.0},{"not_picked":["Hemokinesis","Headbutt","Searing Blow"],"picked":"SKIP","floor":10.0},{"not_picked":["Twin Strike","Sword Boomerang"],"picked":"Dropkick","floor":11.0},{"not_picked":["Clothesline","True Grit"],"picked":"Double Tap","floor":12.0},{"not_picked":["Combust","Clash"],"picked":"Metallicize","floor":13.0},{"not_picked":["Double Tap","Exhume"],"picked":"Reaper","floor":16.0},{"not_picked":["Cleave","Anger","Body Slam"],"picked":"SKIP","floor":18.0},{"not_picked":["Perfected Strike+1","Clash","Heavy Blade"],"picked":"SKIP","floor":20.0},{"not_picked":["Anger","Twin Strike"],"picked":"Sword Boomerang","floor":22},{"not_picked":["Clash","Dark Embrace","Rupture"],"picked":"Feel No Pain+1","floor":23},{"not_picked":["Anger","Pommel Strike","Sword Boomerang","Warcry"],"picked":"SKIP","floor":25},{"not_picked":["Thunderclap","Shrug It Off","Power Through+1"],"picked":"Clothesline+1","floor":27},{"not_picked":["Seeing Red","Uppercut","Sword Boomerang"],"picked":"Ghostly Armor","floor":28},{"not_picked":["Clash","Thunderclap","Pummel","Cleave"],"picked":"SKIP","floor":29}],"player_experience":2047600,"relics_obtained":[{"floor":7.0,"key":"Nunchaku"},{"floor":9.0,"key":"Mummified Hand"},{"floor":11.0,"key":"Shovel"},{"floor":13.0,"key":"Regal Pillow"},{"floor":15.0,"key":"Juzu Bracelet"},{"floor":22,"key":"Old Coin"},{"floor":22,"key":"Question Card"},{"floor":23,"key":"Pear"},{"floor":26,"key":"Magic Flower"},{"floor":27,"key":"Potion Belt"}],"event_choices":[{"cards_removed":["Thunderclap"],"damage_healed":0.0,"max_hp_gain":0.0,"max_hp_loss":0.0,"gold_gain":0.0,"event_name":"WeMeetAgain","player_choice":"Gave Card","floor":3.0,"gold_loss":0.0,"damage_taken":0.0,"relics_obtained":["Thread and Needle"]},{"damage_healed":0.0,"max_hp_gain":5.0,"max_hp_loss":0.0,"gold_gain":0.0,"event_name":"Big Fish","player_choice":"Donut","floor":14.0,"gold_loss":0.0,"damage_taken":0.0},{"damage_healed":0.0,"max_hp_gain":0.0,"max_hp_loss":0.0,"gold_gain":0.0,"event_name":"Ghosts","player_choice":"Ignored","floor":19.0,"gold_loss":0.0,"damage_taken":0.0},{"damage_healed":0.0,"max_hp_gain":0.0,"max_hp_loss":0.0,"gold_gain":90.0,"event_name":"Knowing Skull","player_choice":"GOLD ","floor":21.0,"potions_obtained":[],"gold_loss":0.0,"damage_taken":16.0,"cards_obtained":[]},{"damage_healed":0,"gold_gain":0,"player_choice":"Fight","damage_taken":0,"max_hp_gain":0,"max_hp_loss":0,"event_name":"Colosseum","floor":22,"gold_loss":0},{"damage_healed":0,"gold_gain":0,"player_choice":"Fought Nobs","damage_taken":0,"max_hp_gain":0,"max_hp_loss":0,"event_name":"Colosseum","floor":22,"gold_loss":0},{"damage_healed":0,"gold_gain":0,"player_choice":"Fought Bandits","damage_taken":0,"max_hp_gain":0,"max_hp_loss":0,"event_name":"Masked Bandits","floor":31,"gold_loss":0}],"is_beta":false,"boss_relics":[{"not_picked":["Runic Cube","Black Blood"],"picked":"Snecko Eye"}],"items_purged_floors":[2,30],"is_endless":false,"potions_floor_spawned":[7,11,12,18,23,25,28],"killed_by":"Masked Bandits","ascension_level":20}