{"gold_per_floor":[111,111,125,145,160,201,231],"floor_reached":7,"playtime":535,"items_purged":[],"score":64,"play_id":"183fc9f0-4572-4ff4-87c8-fb52f8796b48","local_time":"20190519162848","is_ascension_mode":true,"campfire_choices":[],"neow_cost":"NONE","seed_source_timestamp":45668480813906,"circlet_count":0,"master_deck":["Strike_B","Strike_B","Strike_B","Strike_B","Defend_B","Defend_B","Defend_B","Defend_B","Zap","Dualcast","Parasite","Writhe","Writhe","Capacitor","Genetic Algorithm","Glacier","Darkness","Coolheaded"],"relics":["Calling Bell","Strawberry","Pear","Gambling Chip","Golden Idol","Gremlin Horn"],"potions_floor_usage":[],"damage_taken":[{"damage":10,"enemies":"Cultist","floor":1,"turns":5},{"damage":10,"enemies":"Small Slimes","floor":3,"turns":5},{"damage":8,"enemies":"2 Louse","floor":4,"turns":4},{"damage":18,"enemies":"Exordium Wildlife","floor":5,"turns":5},{"damage":30,"enemies":"Lagavulin","floor":6,"turns":8},{"damage":19,"enemies":"Lagavulin Event","floor":7,"turns":5}],"seed_played":"-5861616128306472617","potions_obtained":[{"floor":1,"key":"Strength Potion"},{"floor":4,"key":"EssenceOfSteel"},{"floor":6,"key":"Ancient Potion"}],"is_trial":false,"path_per_floor":["M","?","M","M","M","E","?"],"character_chosen":"DEFECT","items_purchased":[],"campfire_rested":0,"item_purchase_floors":[],"current_hp_per_floor":[82,82,72,64,46,16,0],"gold":231,"neow_bonus":"BOSS_RELIC","is_prod":false,"is_daily":false,"chose_seed":false,"campfire_upgraded":0,"win_rate":0,"timestamp":1558263528,"path_taken":["M","?","M","M","M","E","?"],"build_version":"2019-01-23","purchased_purges":0,"victory":false,"max_hp_per_floor":[92,85,85,85,85,85,85],"card_choices":[{"not_picked":["Cold Snap","Rebound"],"picked":"Capacitor","floor":1},{"not_picked":["Reinforced Body","Stack"],"picked":"Genetic Algorithm","floor":3},{"not_picked":["Coolheaded","Stack"],"picked":"Glacier","floor":4},{"not_picked":["Turbo","Skim"],"picked":"Darkness","floor":5},{"not_picked":["Genetic Algorithm","BootSequence"],"picked":"Coolheaded","floor":6}],"player_experience":515233,"relics_obtained":[{"floor":0,"key":"Strawberry"},{"floor":0,"key":"Pear"},{"floor":0,"key":"Gambling Chip"},{"floor":6,"key":"Gremlin Horn"}],"event_choices":[{"damage_healed":0,"gold_gain":0,"player_choice":"Lose Max HP","damage_taken":0,"relics_obtained":["Golden Idol"],"max_hp_gain":0,"max_hp_loss":7,"event_name":"Golden Idol","floor":2,"gold_loss":0},{"damage_healed":0,"gold_gain":30,"player_choice":"Searched \u00273\u0027 times","damage_taken":0,"max_hp_gain":0,"max_hp_loss":0,"event_name":"Dead Adventurer","floor":7,"gold_loss":0}],"is_beta":false,"boss_relics":[],"items_purged_floors":[],"is_endless":false,"potions_floor_spawned":[1,4,6],"killed_by":"Lagavulin Event","ascension_level":4}