{"gold_per_floor":[109,34,34,51,64,96,96,115,115,141,141,141],"floor_reached":12,"playtime":710,"items_purged":[],"score":176,"play_id":"d8bff7e2-96e4-458e-ac9f-26cfcc52eb38","local_time":"20190327212819","is_ascension_mode":true,"campfire_choices":[{"floor":7,"key":"REST"}],"neow_cost":"NONE","seed_source_timestamp":261180505120200,"circlet_count":0,"master_deck":["AscendersBane","Strike_B","Strike_B","Strike_B","Defend_B","Defend_B","Defend_B","Zap","Dualcast","Fusion","Streamline","Glacier","Glacier","Doom and Gloom","Self Repair"],"relics":["Snecko Eye","Kunai","Bird Faced Urn","Peace Pipe"],"potions_floor_usage":[6],"damage_taken":[{"damage":7,"enemies":"Cultist","floor":1,"turns":4},{"damage":12,"enemies":"Small Slimes","floor":4,"turns":6},{"damage":4,"enemies":"Jaw Worm","floor":5,"turns":3},{"damage":8,"enemies":"Lagavulin","floor":6,"turns":7},{"damage":8,"enemies":"Red Slaver","floor":8,"turns":6},{"damage":35,"enemies":"Gremlin Nob","floor":10,"turns":5},{"damage":14,"enemies":"2 Fungi Beasts","floor":12,"turns":3}],"seed_played":"-7965574995002887413","potions_obtained":[{"floor":5,"key":"AttackPotion"},{"floor":10,"key":"Dexterity Potion"}],"is_trial":false,"path_per_floor":["M","?","$","M","M","E","R","M","T","E","?","M"],"character_chosen":"DEFECT","items_purchased":[],"campfire_rested":1,"item_purchase_floors":[],"current_hp_per_floor":[57,57,57,45,41,33,54,46,46,11,11,0],"gold":141,"neow_bonus":"BOSS_RELIC","is_prod":false,"is_daily":false,"chose_seed":false,"campfire_upgraded":0,"win_rate":0,"timestamp":1553718499,"path_taken":["M","?","$","M","M","E","R","M","T","E","?","M"],"build_version":"2019-01-23","purchased_purges":0,"victory":false,"max_hp_per_floor":[71,71,71,71,71,71,71,71,71,71,71,71],"card_choices":[{"not_picked":["Steam","Conserve Battery"],"picked":"Fusion","floor":1},{"not_picked":["Compile Driver","Turbo"],"picked":"Streamline","floor":4},{"not_picked":["Steam","Buffer"],"picked":"Glacier","floor":5},{"not_picked":["Steam Power","Hologram"],"picked":"Glacier","floor":6},{"not_picked":["Coolheaded","Darkness"],"picked":"Doom and Gloom","floor":8},{"not_picked":["Tempest","Heatsinks"],"picked":"Self Repair","floor":10}],"player_experience":2214814,"relics_obtained":[{"floor":6,"key":"Kunai"},{"floor":9,"key":"Bird Faced Urn"},{"floor":10,"key":"Peace Pipe"}],"event_choices":[{"cards_removed":["Strike_B"],"damage_healed":0,"gold_gain":0,"player_choice":"Card Removal","damage_taken":0,"max_hp_gain":0,"max_hp_loss":0,"event_name":"The Cleric","floor":2,"gold_loss":75},{"cards_removed":["Defend_B"],"damage_healed":0,"gold_gain":0,"player_choice":"Forget","damage_taken":0,"max_hp_gain":0,"max_hp_loss":0,"event_name":"Living Wall","floor":11,"gold_loss":0}],"is_beta":false,"boss_relics":[],"items_purged_floors":[],"is_endless":false,"potions_floor_spawned":[5,10],"killed_by":"2 Fungi Beasts","ascension_level":20}