{"gold_per_floor":[109,109,34,34,184,0,32,45,45,80,80,105,128,162,162,255,255,276,301,301,301,301,339,339,362,362,405,63,94,94,138,138,138],"floor_reached":33,"playtime":4192,"items_purged":["Regret","Doubt","Strike_R"],"score":618,"play_id":"4237cc79-6f4d-48a8-afd2-a074f744e87e","local_time":"20190315212057","is_ascension_mode":true,"campfire_choices":[{"data":"Armaments","floor":15.0,"key":"SMITH"},{"floor":24.0,"key":"REST"},{"floor":30,"key":"REST"},{"floor":32,"key":"RECALL"}],"neow_cost":"NONE","seed_source_timestamp":722166775660,"circlet_count":0,"master_deck":["AscendersBane","Strike_R","Strike_R","Strike_R","Strike_R","Defend_R","Defend_R","Defend_R","Defend_R","Bash","Barricade+1","Pommel Strike","Heavy Blade","Armaments+1","Shrug It Off","Disarm","Flame Barrier","Ghostly Armor","Shrug It Off","Immolate","Flex","Necronomicurse","Entrench","Spot Weakness","Sword Boomerang+1"],"special_seed":0,"relics":["Burning Blood","Red Skull","Bag of Marbles","Meat on the Bone","Blood Vial","Golden Idol","Odd Mushroom","Fusion Hammer","Necronomicon","MutagenicStrength","Pantograph","Orichalcum","Thread and Needle","Happy Flower","Red Mask","Ancient Tea Set"],"potions_floor_usage":[27,29,29],"damage_taken":[{"damage":9.0,"enemies":"2 Louse","floor":1.0,"turns":5.0},{"damage":35.0,"enemies":"Lagavulin","floor":7.0,"turns":6.0},{"damage":0.0,"enemies":"Jaw Worm","floor":8.0,"turns":3.0},{"damage":24.0,"enemies":"Gremlin Nob","floor":10.0,"turns":4.0},{"damage":5.0,"enemies":"Small Slimes","floor":12.0,"turns":3.0},{"damage":0.0,"enemies":"Exordium Thugs","floor":13.0,"turns":4.0},{"damage":35.0,"enemies":"The Mushroom Lair","floor":14.0,"turns":6.0},{"damage":9.0,"enemies":"Hexaghost","floor":16.0,"turns":13.0},{"damage":5.0,"enemies":"Chosen","floor":18.0,"turns":4.0},{"damage":14.0,"enemies":"Shell Parasite","floor":19.0,"turns":6.0},{"damage":24.0,"enemies":"Slavers","floor":23.0,"turns":4.0},{"damage":0.0,"enemies":"Centurion and Healer","floor":25.0,"turns":1.0},{"damage":68,"enemies":"Gremlin Leader","floor":27,"turns":5},{"damage":0,"enemies":"Masked Bandits","floor":29,"turns":3},{"damage":16,"enemies":"Book of Stabbing","floor":31,"turns":4},{"damage":92,"enemies":"Automaton","floor":33,"turns":12}],"seed_played":"2949260297931745094","potions_obtained":[{"floor":7.0,"key":"Weak Potion"},{"floor":12.0,"key":"GamblersBrew"},{"floor":14.0,"key":"Dexterity Potion"},{"floor":16.0,"key":"SpeedPotion"},{"floor":18.0,"key":"AttackPotion"},{"floor":19.0,"key":"Strength Potion"},{"floor":27,"key":"PowerPotion"}],"is_trial":false,"path_per_floor":["M","?","$","?","?","$","E","M","T","E","?","M","M","?","R","B",null,"M","M","?","?","?","E","R","M","T","E","$","?","R","E","R","B"],"character_chosen":"IRONCLAD","items_purchased":["Fire Potion","Heavy Blade","Happy Flower","SteroidPotion"],"campfire_rested":2,"item_purchase_floors":[6,6,28,28],"current_hp_per_floor":[65,65,65,65,65,65,36,42,42,36,10,25,45,30,30,41,67,70,64,43,43,43,39,61,69,69,21,21,41,63,55,55,0],"gold":138,"neow_bonus":"ONE_RANDOM_RARE_CARD","is_prod":false,"is_daily":false,"chose_seed":false,"campfire_upgraded":1,"win_rate":0,"timestamp":1552681257,"path_taken":["M","?","$","?","?","$","E","M","T","E","?","?","M","?","R","BOSS","M","M","?","?","?","E","R","M","T","E","$","?","R","E","R","BOSS"],"build_version":"2019-01-23","purchased_purges":3,"victory":false,"max_hp_per_floor":[75,75,75,75,75,75,75,75,75,75,75,75,75,75,75,75,75,75,75,75,75,75,75,75,75,75,75,75,75,75,75,75,75],"card_choices":[{"not_picked":["Cleave","True Grit"],"picked":"Pommel Strike","floor":1.0},{"not_picked":["Carnage","Bloodletting"],"picked":"Armaments","floor":7.0},{"not_picked":["Second Wind","Fire Breathing"],"picked":"Shrug It Off","floor":8.0},{"not_picked":["Burning Pact","Heavy Blade"],"picked":"Disarm","floor":10.0},{"not_picked":["Body Slam","Sword Boomerang"],"picked":"Flame Barrier","floor":12.0},{"not_picked":["Iron Wave","Sever Soul"],"picked":"Ghostly Armor","floor":13.0},{"not_picked":["True Grit","Perfected Strike"],"picked":"Shrug It Off","floor":14.0},{"not_picked":["Double Tap","Fiend Fire"],"picked":"Immolate","floor":16.0},{"not_picked":["Clash","Cleave"],"picked":"Flex","floor":18.0},{"not_picked":["Metallicize","Clothesline","Combust"],"picked":"SKIP","floor":19.0},{"not_picked":["Clash","Warcry"],"picked":"Entrench","floor":23.0},{"not_picked":["Cleave","Wild Strike","Seeing Red"],"picked":"SKIP","floor":25.0},{"not_picked":["Power Through","Iron Wave"],"picked":"Spot Weakness","floor":27},{"not_picked":["Clothesline","Dual Wield"],"picked":"Sword Boomerang+1","floor":29},{"not_picked":["Blood for Blood","Cleave+1","Exhume"],"picked":"SKIP","floor":31}],"player_experience":2050909,"relics_obtained":[{"floor":7.0,"key":"Bag of Marbles"},{"floor":9.0,"key":"Meat on the Bone"},{"floor":10.0,"key":"Blood Vial"},{"floor":14.0,"key":"Odd Mushroom"},{"floor":20.0,"key":"Necronomicon"},{"floor":23.0,"key":"Pantograph"},{"floor":26.0,"key":"Orichalcum"},{"floor":27,"key":"Thread and Needle"},{"floor":29,"key":"Red Mask"},{"floor":31,"key":"Ancient Tea Set"}],"event_choices":[{"damage_healed":0.0,"max_hp_gain":0.0,"max_hp_loss":0.0,"gold_gain":0.0,"event_name":"Big Fish","player_choice":"Box","floor":2.0,"gold_loss":0.0,"damage_taken":0.0,"relics_obtained":["Red Skull"],"cards_obtained":["Regret"]},{"damage_healed":0.0,"max_hp_gain":0.0,"max_hp_loss":0.0,"gold_gain":0.0,"event_name":"Living Wall","player_choice":"Grow","floor":4.0,"gold_loss":0.0,"damage_taken":0.0,"cards_upgraded":["Barricade"]},{"damage_healed":0.0,"max_hp_gain":0.0,"max_hp_loss":0.0,"gold_gain":150.0,"event_name":"Liars Game","player_choice":"AGREE","floor":5.0,"gold_loss":0.0,"damage_taken":0.0,"cards_obtained":["Doubt"]},{"damage_healed":0.0,"max_hp_gain":0.0,"max_hp_loss":0.0,"gold_gain":0.0,"event_name":"Golden Idol","player_choice":"Take Damage","floor":11.0,"gold_loss":0.0,"damage_taken":26.0,"relics_obtained":["Golden Idol"]},{"damage_healed":0.0,"max_hp_gain":0.0,"max_hp_loss":0.0,"gold_gain":0.0,"event_name":"Mushrooms","player_choice":"Fought Mushrooms","floor":14.0,"gold_loss":0.0,"damage_taken":0.0},{"damage_healed":0.0,"max_hp_gain":0.0,"max_hp_loss":0.0,"gold_gain":0.0,"event_name":"Cursed Tome","player_choice":"Obtained Book","floor":20.0,"gold_loss":0.0,"damage_taken":21.0},{"damage_healed":0.0,"max_hp_gain":0.0,"max_hp_loss":0.0,"gold_gain":0.0,"event_name":"Drug Dealer","player_choice":"Inject Mutagens","floor":21.0,"gold_loss":0.0,"damage_taken":0.0,"relics_obtained":["MutagenicStrength"]},{"damage_healed":0.0,"max_hp_gain":0.0,"max_hp_loss":0.0,"gold_gain":0.0,"event_name":"Ghosts","player_choice":"Ignored","floor":22.0,"gold_loss":0.0,"damage_taken":0.0},{"damage_healed":0,"gold_gain":0,"player_choice":"Fought Bandits","damage_taken":0,"max_hp_gain":0,"max_hp_loss":0,"event_name":"Masked Bandits","floor":29,"gold_loss":0}],"is_beta":false,"boss_relics":[{"not_picked":["Calling Bell","Sozu"],"picked":"Fusion Hammer"}],"items_purged_floors":[3,6,28],"is_endless":false,"potions_floor_spawned":[7,12,14,16,18,19,27],"killed_by":"Automaton","ascension_level":20}