{"gold_per_floor":[116,116,41,41,57,92,92,123,123,198,198,231,249,25,25,96,96,109,109,120,220,230,264,264,277,326,358,375,375,387,9,9,81,81,91,107,207,221,97,97],"floor_reached":40,"playtime":4530,"items_purged":["Strike_B","Defend_B"],"score":1038,"play_id":"ad2e1dc0-a515-45cb-a8b9-ac450e18cec7","local_time":"20190303210612","is_ascension_mode":true,"campfire_choices":[{"data":"Zap","floor":7.0,"key":"SMITH"},{"floor":11.0,"key":"REST"},{"floor":15,"key":"REST"},{"floor":24,"key":"REST"},{"floor":32,"key":"REST"}],"neow_cost":"NONE","seed_source_timestamp":1010878212667196,"circlet_count":0,"master_deck":["AscendersBane","Defend_B","Defend_B","Zap+1","Dualcast","Ball Lightning","Beam Cell","Reboot","Sweeping Beam","Coolheaded","Self Repair","Defragment","Hologram","Conserve Battery","Core Surge","Amplify+1","Steam+1","Force Field+1","Melter","Recycle+1","Heatsinks","Melter+1","Creative AI","Undo+1","Ball Lightning+1","Stack","Defragment","Seek","Leap+1","Stack"],"special_seed":0,"relics":["Cracked Core","NeowsBlessing","Incense Burner","Oddly Smooth Stone","Thread and Needle","Mercury Hourglass","Astrolabe","Gambling Chip","Darkstone Periapt","Blue Candle","Anchor","Ginger","PreservedInsect","Velvet Choker","Bird Faced Urn"],"potions_floor_usage":[16,21,21,23,23,27,28],"damage_taken":[{"damage":0.0,"enemies":"Jaw Worm","floor":1.0,"turns":1.0},{"damage":0.0,"enemies":"Small Slimes","floor":5.0,"turns":1.0},{"damage":0.0,"enemies":"3 Sentries","floor":6.0,"turns":1.0},{"damage":39.0,"enemies":"Lagavulin","floor":8.0,"turns":6.0},{"damage":23,"enemies":"Gremlin Nob","floor":12,"turns":4},{"damage":0,"enemies":"2 Louse","floor":13,"turns":2},{"damage":0,"enemies":"The Guardian","floor":16,"turns":9},{"damage":17,"enemies":"Chosen","floor":18,"turns":5},{"damage":29,"enemies":"3 Byrds","floor":20,"turns":3},{"damage":0,"enemies":"Colosseum Slavers","floor":21,"turns":4},{"damage":9,"enemies":"Colosseum Nobs","floor":21,"turns":4},{"damage":15,"enemies":"3 Cultists","floor":22,"turns":5},{"damage":14,"enemies":"Gremlin Leader","floor":23,"turns":8},{"damage":10,"enemies":"Centurion and Healer","floor":25,"turns":7},{"damage":28,"enemies":"Slavers","floor":27,"turns":4},{"damage":3,"enemies":"Chosen and Byrds","floor":28,"turns":5},{"damage":0,"enemies":"Snake Plant","floor":30,"turns":4},{"damage":31,"enemies":"Automaton","floor":33,"turns":11},{"damage":0,"enemies":"Orb Walker","floor":35,"turns":4},{"damage":21,"enemies":"3 Darklings","floor":36,"turns":7},{"damage":13,"enemies":"Mind Bloom Boss Battle","floor":37,"turns":6},{"damage":14,"enemies":"Jaw Worm Horde","floor":38,"turns":7},{"damage":95,"enemies":"Giant Head","floor":40,"turns":8}],"seed_played":"-7474310739348557252","potions_obtained":[{"floor":12,"key":"FocusPotion"},{"floor":13,"key":"SteroidPotion"},{"floor":18,"key":"Ancient Potion"},{"floor":21,"key":"Dexterity Potion"},{"floor":22,"key":"EssenceOfSteel"},{"floor":23,"key":"Ancient Potion"},{"floor":27,"key":"SteroidPotion"},{"floor":30,"key":"SpeedPotion"},{"floor":38,"key":"Swift Potion"}],"is_trial":false,"path_per_floor":["M","?","?","$","M","E","R","E","T","?","R","E","M","$","R","B",null,"M","?","M","?","M","E","R","M","T","E","M","$","M","$","R","B",null,"M","M","?","M","$","E"],"character_chosen":"DEFECT","items_purchased":["Defragment","Hologram","Conserve Battery","Defragment","Seek","PreservedInsect","Stack"],"campfire_rested":4,"item_purchase_floors":[14,14,14,31,31,31,39],"current_hp_per_floor":[64,64,64,64,64,64,64,25,25,14,35,12,12,12,33,40,63,53,33,18,30,22,15,37,34,34,20,17,17,24,24,46,22,63,70,56,50,61,61,0],"gold":97,"neow_bonus":"THREE_ENEMY_KILL","is_prod":false,"is_daily":false,"chose_seed":false,"campfire_upgraded":1,"win_rate":0,"timestamp":1551643572,"path_taken":["M","?","?","?","M","E","R","E","T","?","R","E","M","$","R","BOSS","M","?","M","?","M","E","R","M","T","E","M","$","M","$","R","BOSS","M","M","?","M","$","E"],"build_version":"2019-01-23","purchased_purges":2,"victory":false,"max_hp_per_floor":[71,71,71,71,71,71,71,71,71,71,71,71,71,71,71,71,71,71,76,76,76,76,76,76,76,76,76,76,76,76,76,76,76,76,76,76,76,76,76,76],"card_choices":[{"not_picked":["Compile Driver","Leap"],"picked":"Ball Lightning","floor":1.0},{"not_picked":["Heatsinks","Gash"],"picked":"Beam Cell","floor":5.0},{"not_picked":["Steam","FTL"],"picked":"Reboot","floor":6.0},{"not_picked":["Go for the Eyes","Hello World"],"picked":"Sweeping Beam","floor":8.0},{"not_picked":["Fission","Turbo"],"picked":"Coolheaded","floor":12},{"not_picked":["Tempest","Barrage"],"picked":"Self Repair","floor":13},{"not_picked":["Buffer","Fission"],"picked":"Core Surge","floor":16},{"not_picked":["Rebound","Aggregate"],"picked":"Melter","floor":18},{"not_picked":["Turbo","Sweeping Beam","Double Energy"],"picked":"SKIP","floor":20},{"not_picked":["Sweeping Beam","Steam Power"],"picked":"Recycle+1","floor":21},{"not_picked":["Streamline","Redo"],"picked":"Heatsinks","floor":22},{"not_picked":["Streamline","Genetic Algorithm"],"picked":"Melter+1","floor":23},{"not_picked":["Doom and Gloom","Turbo"],"picked":"Creative AI","floor":25},{"not_picked":["Beam Cell","Core Surge"],"picked":"Undo+1","floor":27},{"not_picked":["Blizzard","Heatsinks"],"picked":"Ball Lightning+1","floor":28},{"not_picked":["Sunder","Rebound"],"picked":"Stack","floor":30},{"not_picked":["Cold Snap","Blizzard","Barrage"],"picked":"SKIP","floor":35},{"not_picked":["Darkness","Sweeping Beam"],"picked":"Leap+1","floor":36},{"not_picked":["Heatsinks","Static Discharge","Rebound+1"],"picked":"SKIP","floor":38}],"player_experience":1876117,"relics_obtained":[{"floor":6.0,"key":"Incense Burner"},{"floor":8.0,"key":"Oddly Smooth Stone"},{"floor":9.0,"key":"Thread and Needle"},{"floor":12,"key":"Mercury Hourglass"},{"floor":21,"key":"Gambling Chip"},{"floor":21,"key":"Darkstone Periapt"},{"floor":23,"key":"Blue Candle"},{"floor":26,"key":"Anchor"},{"floor":27,"key":"Ginger"},{"floor":37,"key":"Bird Faced Urn"}],"event_choices":[{"damage_healed":0.0,"max_hp_gain":0.0,"max_hp_loss":0.0,"gold_gain":0.0,"event_name":"Liars Game","player_choice":"Ignored","floor":2.0,"gold_loss":0.0,"damage_taken":0.0},{"cards_removed":["Strike_B"],"damage_healed":0.0,"max_hp_gain":0.0,"max_hp_loss":0.0,"gold_gain":0.0,"event_name":"The Cleric","player_choice":"Card Removal","floor":3.0,"gold_loss":75.0,"damage_taken":0.0},{"damage_healed":0.0,"max_hp_gain":0.0,"max_hp_loss":0.0,"gold_gain":75.0,"event_name":"World of Goop","player_choice":"Gather Gold","floor":10.0,"gold_loss":0.0,"damage_taken":11.0},{"damage_healed":0,"gold_gain":0,"player_choice":"Shed Blood","damage_taken":25,"max_hp_gain":5,"max_hp_loss":0,"event_name":"Forgotten Altar","floor":19,"gold_loss":0},{"damage_healed":0,"gold_gain":0,"player_choice":"Fight","damage_taken":0,"max_hp_gain":0,"max_hp_loss":0,"event_name":"Colosseum","floor":21,"gold_loss":0},{"damage_healed":0,"gold_gain":0,"player_choice":"Fought Nobs","damage_taken":0,"max_hp_gain":0,"max_hp_loss":0,"event_name":"Colosseum","floor":21,"gold_loss":0},{"damage_healed":0,"gold_gain":0,"player_choice":"Fight","damage_taken":0,"max_hp_gain":0,"max_hp_loss":0,"event_name":"MindBloom","floor":37,"gold_loss":0}],"is_beta":false,"boss_relics":[{"not_picked":["Nuclear Battery","Empty Cage"],"picked":"Astrolabe"},{"not_picked":["Runic Pyramid","Pandora\u0027s Box"],"picked":"Velvet Choker"}],"items_purged_floors":[14,39],"is_endless":false,"potions_floor_spawned":[12,13,18,21,22,23,27,30,38],"killed_by":"Giant Head","ascension_level":20}