{"gold_per_floor":[114,114,114,33,52,52,83,83,83,83,83,94,105,116,116,216,216,233,233,249,76,93,93,118,91,136,148,181,96,96,107,107,208,208,228,247,264,22,41,41,91,111,111,126,126,136,0,11,11,11],"floor_reached":51,"playtime":4765,"items_purged":["Strike_B+1","Strike_B+1"],"score":777,"play_id":"02988ea7-bbe8-44e5-bad6-085319f6a601","local_time":"20190525203146","is_ascension_mode":true,"campfire_choices":[{"data":"Zap","floor":6.0,"key":"SMITH"},{"data":"FTL","floor":8.0,"key":"SMITH"},{"data":"Self Repair","floor":11.0,"key":"SMITH"},{"data":"Go for the Eyes","floor":15.0,"key":"SMITH"},{"data":"Go for the Eyes","floor":23.0,"key":"SMITH"},{"data":"Machine Learning","floor":32,"key":"SMITH"},{"data":"Fission","floor":40,"key":"SMITH"},{"data":"Scrape","floor":45,"key":"SMITH"},{"data":"Seek","floor":49,"key":"SMITH"}],"neow_cost":"TEN_PERCENT_HP_LOSS","seed_source_timestamp":0,"circlet_count":0,"master_deck":["Defend_B+1","Defend_B+1","Defend_B+1","Defend_B+1","Zap+1","Dualcast","All For One","Gash","FTL+1","Gash","Self Repair+1","Go for the Eyes+1","Genetic Algorithm","Go for the Eyes+1","Machine Learning+1","Steam+1","Hologram","Leap","Sweeping Beam","Steam","Hologram","Sweeping Beam","Echo Form","Gash","Scrape+1","Scrape+1","Go for the Eyes+1","Fission+1","Gash","Gash+1","Seek+1"],"special_seed":0,"relics":["Cracked Core","Kunai","Bag of Marbles","Thread and Needle","Empty Cage","Oddly Smooth Stone","Pen Nib","Blood Vial","PreservedInsect","Orrery","Torii","Du-Vu Doll","Red Mask"],"potions_floor_usage":[28,48,50,50],"damage_taken":[{"damage":2.0,"enemies":"Small Slimes","floor":1.0,"turns":3.0},{"damage":0.0,"enemies":"2 Louse","floor":5.0,"turns":2.0},{"damage":20.0,"enemies":"Gremlin Nob","floor":7.0,"turns":4.0},{"damage":0.0,"enemies":"Jaw Worm","floor":12.0,"turns":3.0},{"damage":2.0,"enemies":"Lots of Slimes","floor":13.0,"turns":2.0},{"damage":0.0,"enemies":"Exordium Wildlife","floor":14.0,"turns":3.0},{"damage":25.0,"enemies":"The Guardian","floor":16.0,"turns":8.0},{"damage":2.0,"enemies":"Shell Parasite","floor":18.0,"turns":5.0},{"damage":0.0,"enemies":"3 Byrds","floor":20.0,"turns":5.0},{"damage":0.0,"enemies":"Centurion and Healer","floor":22.0,"turns":8.0},{"damage":0.0,"enemies":"Gremlin Leader","floor":24.0,"turns":7.0},{"damage":5.0,"enemies":"Cultist and Chosen","floor":27.0,"turns":5.0},{"damage":4,"enemies":"Slavers","floor":28,"turns":5},{"damage":0,"enemies":"Chosen and Byrds","floor":31,"turns":7},{"damage":0,"enemies":"Automaton","floor":33,"turns":9},{"damage":0,"enemies":"3 Shapes","floor":35,"turns":4},{"damage":1,"enemies":"Orb Walker","floor":36,"turns":3},{"damage":0,"enemies":"Sphere and 2 Shapes","floor":37,"turns":4},{"damage":0,"enemies":"Spire Growth","floor":39,"turns":5},{"damage":39,"enemies":"2 Orb Walkers","floor":41,"turns":6},{"damage":11,"enemies":"Jaw Worm Horde","floor":42,"turns":4},{"damage":7,"enemies":"Writhing Mass","floor":44,"turns":6},{"damage":12,"enemies":"Spire Growth","floor":46,"turns":4},{"damage":0,"enemies":"Sphere and 2 Shapes","floor":48,"turns":3},{"damage":51,"enemies":"Time Eater","floor":50,"turns":10}],"seed_played":"-3735765342947670654","potions_obtained":[{"floor":1.0,"key":"Explosive Potion"},{"floor":12.0,"key":"SpeedPotion"},{"floor":24.0,"key":"Fire Potion"},{"floor":27,"key":"Weak Potion"},{"floor":28,"key":"Fire Potion"},{"floor":41,"key":"Energy Potion"},{"floor":48,"key":"SmokeBomb"}],"is_trial":false,"path_per_floor":["M","?","?","$","M","R","E","R","T","?","R","M","M","M","R","B",null,"M","?","M","$","M","R","E","$","T","M","E","?","?","M","R","B",null,"M","M","M","$","M","R","?","M","T","M","R","M","?","M","R","B",null],"character_chosen":"DEFECT","items_purchased":["FTL","Leap","Sweeping Beam","Hologram","Fission"],"campfire_rested":0,"item_purchase_floors":[4,21,21,25,38],"current_hp_per_floor":[66,66,54,54,54,54,34,34,34,39,39,49,57,67,67,52,73,73,73,73,73,73,73,73,73,73,73,73,73,73,73,73,73,73,73,73,73,73,73,73,44,45,45,50,50,50,50,62,62,23],"gold":11,"neow_bonus":"THREE_RARE_CARDS","is_prod":false,"is_daily":false,"chose_seed":false,"campfire_upgraded":9,"win_rate":0,"timestamp":1558837906,"path_taken":["M","?","?","$","M","R","E","R","T","?","R","M","M","M","R","BOSS","M","?","M","$","M","R","E","$","T","M","E","?","?","M","R","BOSS","M","M","?","$","M","R","?","M","T","M","R","M","?","M","R","BOSS"],"build_version":"2019-01-23","purchased_purges":2,"victory":true,"max_hp_per_floor":[68,68,68,68,68,68,68,68,68,73,73,73,73,73,73,73,73,73,73,73,73,73,73,73,73,73,73,73,73,73,73,73,73,73,73,73,73,73,73,73,73,73,73,73,73,73,73,73,73,73],"card_choices":[{"not_picked":["Meteor Strike","Seek"],"picked":"All For One","floor":0.0},{"not_picked":["Hello World","Auto Shields"],"picked":"Gash","floor":1.0},{"not_picked":["Hologram","Beam Cell"],"picked":"Gash","floor":5.0},{"not_picked":["Leap","Redo"],"picked":"Self Repair","floor":7.0},{"not_picked":["Leap","Hologram"],"picked":"Go for the Eyes","floor":12.0},{"not_picked":["Barrage","Double Energy"],"picked":"Genetic Algorithm","floor":13.0},{"not_picked":["Reinforced Body","Coolheaded"],"picked":"Go for the Eyes","floor":14.0},{"not_picked":["Biased Cognition","Meteor Strike"],"picked":"Machine Learning","floor":16.0},{"not_picked":["Stack","Rebound"],"picked":"Steam+1","floor":18.0},{"not_picked":["Storm","Sweeping Beam+1"],"picked":"Hologram","floor":20.0},{"not_picked":["Compile Driver","Redo+1","Steam"],"picked":"SKIP","floor":22.0},{"not_picked":["Cold Snap","Barrage"],"picked":"Steam","floor":24.0},{"not_picked":["Redo+1","Electrodynamics","Compile Driver"],"picked":"SKIP","floor":27},{"not_picked":["Redo+1","Electrodynamics","Compile Driver"],"picked":"SKIP","floor":27},{"not_picked":["Compile Driver","Turbo"],"picked":"Sweeping Beam","floor":28},{"not_picked":["Conserve Battery","Hello World","Aggregate"],"picked":"SKIP","floor":31},{"not_picked":["Meteor Strike","Rainbow"],"picked":"Echo Form","floor":33},{"not_picked":["Leap","Compile Driver"],"picked":"Gash","floor":34},{"not_picked":["Barrage+1","Turbo+1"],"picked":"Scrape+1","floor":34},{"not_picked":["Darkness","Compile Driver"],"picked":"Scrape","floor":34},{"not_picked":["Static Discharge+1","Creative AI","Cold Snap+1"],"picked":"SKIP","floor":35},{"not_picked":["Melter+1","Rebound","Steam Power"],"picked":"SKIP","floor":36},{"not_picked":["Storm+1","Redo"],"picked":"Go for the Eyes+1","floor":37},{"not_picked":["Ball Lightning","Go for the Eyes"],"picked":"Gash","floor":39},{"not_picked":["Redo","White Noise"],"picked":"Gash+1","floor":41},{"not_picked":["Storm+1","Consume+1","Leap+1"],"picked":"SKIP","floor":42},{"not_picked":["Self Repair+1","Blizzard","Chill"],"picked":"SKIP","floor":44},{"not_picked":["Compile Driver+1","Steam"],"picked":"Seek","floor":46},{"not_picked":["Undo+1","Loop","Double Energy"],"picked":"SKIP","floor":48}],"player_experience":29442,"relics_obtained":[{"floor":7.0,"key":"Bag of Marbles"},{"floor":9.0,"key":"Thread and Needle"},{"floor":24.0,"key":"Oddly Smooth Stone"},{"floor":26.0,"key":"Pen Nib"},{"floor":28,"key":"Blood Vial"},{"floor":41,"key":"Torii"},{"floor":43,"key":"Du-Vu Doll"}],"event_choices":[{"damage_healed":0.0,"max_hp_gain":0.0,"max_hp_loss":0.0,"gold_gain":0.0,"event_name":"Liars Game","player_choice":"Ignored","floor":2.0,"gold_loss":0.0,"damage_taken":0.0},{"damage_healed":0.0,"max_hp_gain":0.0,"max_hp_loss":0.0,"gold_gain":0.0,"event_name":"Scrap Ooze","player_choice":"Success","floor":3.0,"gold_loss":0.0,"damage_taken":12.0,"relics_obtained":["Kunai"]},{"damage_healed":0.0,"max_hp_gain":5.0,"max_hp_loss":0.0,"gold_gain":0.0,"event_name":"Big Fish","player_choice":"Donut","floor":10.0,"gold_loss":0.0,"damage_taken":0.0},{"damage_healed":0.0,"max_hp_gain":0.0,"max_hp_loss":0.0,"gold_gain":0.0,"event_name":"Back to Basics","player_choice":"Simplicity","floor":19.0,"gold_loss":0.0,"damage_taken":0.0,"cards_upgraded":["Strike_B","Strike_B","Defend_B","Defend_B","Defend_B","Defend_B"]},{"damage_healed":0,"gold_gain":0,"player_choice":"Obtained Relic","damage_taken":0,"relics_obtained":["PreservedInsect"],"max_hp_gain":0,"max_hp_loss":0,"event_name":"Addict","floor":29,"gold_loss":85},{"damage_healed":0,"gold_gain":0,"player_choice":"Ignored","damage_taken":0,"max_hp_gain":0,"max_hp_loss":0,"event_name":"Transmorgrifier","floor":30,"gold_loss":0},{"damage_healed":0,"gold_gain":0,"player_choice":"Fight","damage_taken":0,"max_hp_gain":0,"max_hp_loss":0,"event_name":"Mysterious Sphere","floor":41,"gold_loss":0},{"damage_healed":0,"gold_gain":0,"player_choice":"Paid","damage_taken":0,"relics_obtained":["Red Mask"],"max_hp_gain":0,"max_hp_loss":0,"event_name":"Tomb of Lord Red Mask","floor":47,"gold_loss":136}],"is_beta":false,"boss_relics":[{"not_picked":["Sozu","Calling Bell"],"picked":"Empty Cage"},{"not_picked":["Philosopher\u0027s Stone","Runic Dome"],"picked":"Orrery"}],"items_purged_floors":[21,38],"is_endless":false,"potions_floor_spawned":[1,12,24,27,28,33,36,41,48],"ascension_level":1}