{"gold_per_floor":[112,127,402,412,412,445,445,445,445,478,478,495,530,86,86,163,163,177,195,213,229,68,101,101,126,126,126,140,170,6,26,26,102,102,119,119,171,171,185,185,210,210,233,233,249,267,282,14,14,14,14,14,14,14,41,41],"floor_reached":57,"playtime":5144,"items_purged":["Strike_G","Dash"],"score":2945,"play_id":"797af477-907c-4b85-932c-1a214623ce72","local_time":"20190512230627","is_ascension_mode":true,"campfire_choices":[{"data":"Glass Knife","floor":7.0,"key":"SMITH"},{"data":"Deadly Poison","floor":11.0,"key":"SMITH"},{"data":"Noxious Fumes","floor":15.0,"key":"SMITH"},{"data":"Strike_G","floor":27.0,"key":"PURGE"},{"data":"Strike_G","floor":32,"key":"PURGE"},{"floor":40,"key":"REST"},{"data":"Strike_G","floor":42,"key":"PURGE"},{"floor":44,"key":"RECALL"},{"data":"Defend_G","floor":49,"key":"PURGE"},{"data":"Glass Knife+1","floor":53,"key":"PURGE"}],"neow_cost":"NONE","seed_source_timestamp":120272343373257,"circlet_count":0,"master_deck":["AscendersBane","Defend_G","Defend_G","Defend_G","Defend_G","Survivor","Neutralize","Well Laid Plans","Deadly Poison+1","Footwork","Noxious Fumes+1","Backflip","After Image","PiercingWail+1","Escape Plan","Corpse Explosion","Malaise","Deadly Poison+1","Backflip+1","Escape Plan+1","Crippling Poison","PiercingWail+1","Bouncing Flask+1","Backflip"],"special_seed":0,"relics":["Ring of the Snake","FossilizedHelix","Blue Candle","Pen Nib","Art of War","Sundial","Incense Burner","Fusion Hammer","Boot","Peace Pipe","Mercury Hourglass","Pantograph","Oddly Smooth Stone","Sozu","Calipers","FaceOfCleric","Anchor","Strawberry","Pear"],"potions_floor_usage":[56,56],"damage_taken":[{"damage":0.0,"enemies":"Jaw Worm","floor":1.0,"turns":5.0},{"damage":0.0,"enemies":"Cultist","floor":2.0,"turns":3.0},{"damage":0.0,"enemies":"Small Slimes","floor":4.0,"turns":2.0},{"damage":14.0,"enemies":"Gremlin Nob","floor":6.0,"turns":4.0},{"damage":5.0,"enemies":"Lagavulin","floor":10.0,"turns":6.0},{"damage":1.0,"enemies":"3 Louse","floor":12.0,"turns":6.0},{"damage":3.0,"enemies":"3 Sentries","floor":13.0,"turns":9.0},{"damage":0.0,"enemies":"Slime Boss","floor":16.0,"turns":10.0},{"damage":0.0,"enemies":"Chosen","floor":18.0,"turns":5.0},{"damage":0.0,"enemies":"3 Byrds","floor":19.0,"turns":3.0},{"damage":0.0,"enemies":"Snecko","floor":20.0,"turns":5.0},{"damage":0.0,"enemies":"Shelled Parasite and Fungi","floor":21.0,"turns":5.0},{"damage":14.0,"enemies":"Slavers","floor":23.0,"turns":5.0},{"damage":3.0,"enemies":"Book of Stabbing","floor":25.0,"turns":8.0},{"damage":0,"enemies":"Centurion and Healer","floor":28,"turns":4},{"damage":0,"enemies":"Slavers","floor":29,"turns":1},{"damage":0,"enemies":"Snecko","floor":31,"turns":4},{"damage":0,"enemies":"Automaton","floor":33,"turns":10},{"damage":0,"enemies":"3 Shapes","floor":35,"turns":3},{"damage":8,"enemies":"2 Orb Walkers","floor":37,"turns":4},{"damage":20,"enemies":"3 Darklings","floor":39,"turns":5},{"damage":16,"enemies":"Reptomancer","floor":41,"turns":8},{"damage":0,"enemies":"Writhing Mass","floor":45,"turns":6},{"damage":0,"enemies":"Jaw Worm Horde","floor":46,"turns":4},{"damage":0,"enemies":"4 Shapes","floor":47,"turns":3},{"damage":7,"enemies":"Donu and Deca","floor":50,"turns":9},{"damage":10,"enemies":"Time Eater","floor":51,"turns":17},{"damage":31,"enemies":"Shield and Spear","floor":55,"turns":7},{"damage":48,"enemies":"The Heart","floor":56,"turns":12}],"seed_played":"-3886908225043318779","potions_obtained":[{"floor":1.0,"key":"PowerPotion"},{"floor":2.0,"key":"FairyPotion"},{"floor":4.0,"key":"EntropicBrew"},{"floor":12.0,"key":"LiquidBronze"},{"floor":18.0,"key":"Regen Potion"},{"floor":20.0,"key":"Regen Potion"}],"is_trial":false,"path_per_floor":["M","M","?","M","?","E","R","T","T","E","R","M","E","$","R","B",null,"M","M","M","M","$","E","?","E","T","R","M","E","$","M","R","B",null,"M","?","?","?","M","R","E","R","T","R","M","M","M","$","R","B","B",null,"R","$","E","B",null],"character_chosen":"THE_SILENT","items_purchased":["Incense Burner","Backflip","Corpse Explosion","Oddly Smooth Stone","Strawberry"],"campfire_rested":1,"item_purchase_floors":[14,14,22,30,48],"current_hp_per_floor":[59,59,59,59,59,45,45,45,45,40,40,39,36,36,36,36,59,59,59,59,59,59,45,45,42,42,42,42,42,42,42,42,66,66,66,63,55,55,36,55,40,40,40,40,41,42,43,50,50,69,67,75,75,75,55,73],"gold":41,"neow_bonus":"ONE_RANDOM_RARE_CARD","is_prod":false,"is_daily":false,"chose_seed":false,"campfire_upgraded":3,"win_rate":0,"timestamp":1557695187,"path_taken":["M","M","?","?","?","E","R","?","T","E","R","M","E","$","R","BOSS","M","M","?","M","$","E","?","E","T","R","?","E","$","M","R","BOSS","M","?","?","?","M","R","E","R","T","R","M","?","M","?","R","BOSS","BOSS","R","$","E","BOSS"],"build_version":"2019-01-23","purchased_purges":2,"victory":true,"max_hp_per_floor":[66,66,66,66,66,66,66,66,66,66,66,66,66,66,66,66,66,66,66,66,66,66,66,66,66,66,66,66,66,66,66,66,66,66,66,63,63,63,64,64,65,65,65,65,66,67,68,75,75,76,77,77,77,77,88,89],"card_choices":[{"not_picked":["Masterful Stab","Slice"],"picked":"Dash","floor":1.0},{"not_picked":["Underhanded Strike","Distraction","Sucker Punch"],"picked":"SKIP","floor":2.0},{"not_picked":["Dagger Throw","Sucker Punch"],"picked":"Well Laid Plans","floor":4.0},{"not_picked":["Heel Hook","Slice","Terror"],"picked":"SKIP","floor":6.0},{"not_picked":["Sucker Punch","Quick Slash"],"picked":"Deadly Poison","floor":10.0},{"not_picked":["Caltrops","Slice"],"picked":"Footwork","floor":12.0},{"not_picked":["A Thousand Cuts","Finisher"],"picked":"Noxious Fumes","floor":13.0},{"not_picked":["Grand Finale","Glass Knife"],"picked":"After Image","floor":16.0},{"not_picked":["Flying Knee","Blade Dance","Slice"],"picked":"SKIP","floor":18.0},{"not_picked":["Endless Agony","Infinite Blades","Riddle With Holes+1"],"picked":"SKIP","floor":19.0},{"not_picked":["Bane","Choke"],"picked":"PiercingWail+1","floor":20.0},{"not_picked":["Expertise","Acrobatics"],"picked":"Escape Plan","floor":21.0},{"not_picked":["Dodge and Roll","Dagger Spray"],"picked":"Malaise","floor":23.0},{"not_picked":["Escape Plan","Skewer"],"picked":"Deadly Poison+1","floor":25.0},{"not_picked":["Flying Knee","Setup","Sucker Punch"],"picked":"SKIP","floor":28},{"not_picked":["Acrobatics","Outmaneuver"],"picked":"Backflip+1","floor":29},{"not_picked":["Predator","Poisoned Stab+1","Prepared"],"picked":"SKIP","floor":31},{"not_picked":["Calculated Gamble","Blade Dance"],"picked":"Escape Plan+1","floor":35},{"not_picked":["Terror+1","PiercingWail"],"picked":"Crippling Poison","floor":37},{"not_picked":["Underhanded Strike","Deadly Poison+1","Deflect"],"picked":"SKIP","floor":39},{"not_picked":["Bane","Escape Plan+1"],"picked":"PiercingWail+1","floor":41},{"not_picked":["Outmaneuver","Dash","Sucker Punch+1"],"picked":"SKIP","floor":45},{"not_picked":["Expertise","Crippling Poison","Terror"],"picked":"SKIP","floor":46},{"not_picked":["Underhanded Strike","PiercingWail+1"],"picked":"Bouncing Flask+1","floor":47},{"not_picked":["Blade Dance","Dagger Throw"],"picked":"Backflip","floor":55}],"player_experience":2686158,"relics_obtained":[{"floor":6.0,"key":"FossilizedHelix"},{"floor":8.0,"key":"Blue Candle"},{"floor":9.0,"key":"Pen Nib"},{"floor":10.0,"key":"Art of War"},{"floor":13.0,"key":"Sundial"},{"floor":23.0,"key":"Boot"},{"floor":25.0,"key":"Peace Pipe"},{"floor":26.0,"key":"Mercury Hourglass"},{"floor":29,"key":"Pantograph"},{"floor":37,"key":"Calipers"},{"floor":41,"key":"Anchor"},{"floor":55,"key":"Pear"}],"event_choices":[{"damage_healed":0.0,"max_hp_gain":0.0,"max_hp_loss":0.0,"gold_gain":275.0,"event_name":"Golden Shrine","player_choice":"Desecrate","floor":3.0,"gold_loss":0.0,"damage_taken":0.0,"cards_obtained":["Regret"]},{"cards_removed":["Regret"],"damage_healed":0.0,"max_hp_gain":0.0,"max_hp_loss":0.0,"gold_gain":0.0,"event_name":"Living Wall","player_choice":"Forget","floor":5.0,"gold_loss":0.0,"damage_taken":0.0},{"cards_removed":["Strike_G"],"damage_healed":0.0,"max_hp_gain":0.0,"max_hp_loss":0.0,"gold_gain":0.0,"event_name":"Bonfire Elementals","player_choice":"Offered Basic","floor":24.0,"gold_loss":0.0,"damage_taken":0.0},{"damage_healed":0,"gold_gain":0,"player_choice":"Max HP","damage_taken":0,"max_hp_gain":0,"max_hp_loss":3,"event_name":"Winding Halls","floor":36,"gold_loss":0},{"damage_healed":0,"gold_gain":0,"player_choice":"Fight","damage_taken":0,"max_hp_gain":0,"max_hp_loss":0,"event_name":"Mysterious Sphere","floor":37,"gold_loss":0},{"damage_healed":0,"gold_gain":0,"player_choice":"Trade","damage_taken":0,"relics_obtained":["FaceOfCleric"],"max_hp_gain":0,"max_hp_loss":0,"event_name":"FaceTrader","floor":38,"gold_loss":0}],"is_beta":false,"boss_relics":[{"not_picked":["Tiny House","Snecko Eye"],"picked":"Fusion Hammer"},{"not_picked":["WristBlade","Orrery"],"picked":"Sozu"}],"items_purged_floors":[14,48],"is_endless":false,"potions_floor_spawned":[1,2,4,12,18,20,21,29,33,37,45,46],"ascension_level":20}