{"gold_per_floor":[114,130,142,152,166,166,196,156,179,192,69,69,98,98,98,202,202,222,222,222,237,237],"floor_reached":22,"playtime":4279,"items_purged":[],"score":211,"play_id":"4e9deccd-282c-4467-849d-ff93c2df0209","local_time":"20190512053703","is_ascension_mode":false,"campfire_choices":[{"floor":6.0,"key":"RECALL"},{"data":"Infinite Blades","floor":12.0,"key":"SMITH"},{"data":"Neutralize","floor":15.0,"key":"SMITH"}],"neow_cost":"NONE","seed_source_timestamp":226769572424285,"circlet_count":0,"master_deck":["Defend_G","Defend_G","Defend_G","Defend_G","Defend_G","Survivor","Neutralize+1","Footwork","Bouncing Flask","Terror","Endless Agony","Deadly Poison","Choke","Infinite Blades+1","Caltrops","Doppelganger","Doppelganger","Dash+1","Writhe","Bite","Bite","Bite","Bite","Bite","Crippling Poison+1"],"special_seed":0,"relics":["Ring of the Snake","Juzu Bracelet","Orichalcum","Dodecahedron","Philosopher\u0027s Stone","Shuriken"],"potions_floor_usage":[21],"damage_taken":[{"damage":0.0,"enemies":"Jaw Worm","floor":1.0,"turns":5.0},{"damage":0.0,"enemies":"Small Slimes","floor":2.0,"turns":4.0},{"damage":2.0,"enemies":"Cultist","floor":3.0,"turns":5.0},{"damage":3.0,"enemies":"Exordium Thugs","floor":4.0,"turns":9.0},{"damage":0.0,"enemies":"Blue Slaver","floor":5.0,"turns":3.0},{"damage":0.0,"enemies":"2 Fungi Beasts","floor":10.0,"turns":4.0},{"damage":1.0,"enemies":"Lagavulin","floor":13.0,"turns":6.0},{"damage":29.0,"enemies":"Hexaghost","floor":16.0,"turns":9.0},{"damage":9.0,"enemies":"Shell Parasite","floor":18.0,"turns":4.0},{"damage":37,"enemies":"3 Byrds","floor":21,"turns":3},{"damage":18,"enemies":"Colosseum Slavers","floor":22,"turns":1}],"seed_played":"-7578133303121593941","potions_obtained":[{"floor":2.0,"key":"Fire Potion"},{"floor":3.0,"key":"GamblersBrew"},{"floor":5.0,"key":"Swift Potion"},{"floor":8.0,"key":"GamblersBrew"},{"floor":8.0,"key":"PowerPotion"},{"floor":8.0,"key":"GhostInAJar"},{"floor":18.0,"key":"Weak Potion"}],"is_trial":false,"path_per_floor":["M","M","M","M","M","R","?","?","T","M","$","R","E","?","R","B",null,"M","?","?","M","?"],"character_chosen":"THE_SILENT","items_purchased":["Poison Potion","Caltrops"],"campfire_rested":0,"item_purchase_floors":[11,11],"current_hp_per_floor":[70,70,68,65,65,65,65,65,65,65,65,65,64,61,61,32,70,61,61,49,16,0],"gold":237,"neow_bonus":"TRANSFORM_CARD","is_prod":false,"is_daily":false,"chose_seed":false,"campfire_upgraded":2,"win_rate":0,"timestamp":1557619623,"path_taken":["M","M","M","M","M","R","?","?","T","M","$","R","E","?","R","BOSS","M","?","?","M","?"],"build_version":"2019-01-23","purchased_purges":0,"victory":false,"max_hp_per_floor":[70,70,70,70,70,70,70,70,70,70,70,70,70,70,70,70,70,70,70,49,49,49],"card_choices":[{"not_picked":["PiercingWail","Dodge and Roll"],"picked":"Bouncing Flask","floor":1.0},{"not_picked":["Endless Agony","Flechettes"],"picked":"Terror","floor":2.0},{"not_picked":["Distraction","Cloak And Dagger"],"picked":"Endless Agony","floor":3.0},{"not_picked":["Dagger Spray","Flechettes"],"picked":"Deadly Poison","floor":4.0},{"not_picked":["Dagger Spray","Prepared"],"picked":"Choke","floor":5.0},{"not_picked":["Dodge and Roll","Poisoned Stab"],"picked":"Infinite Blades","floor":10.0},{"not_picked":["Expertise","Calculated Gamble"],"picked":"Doppelganger","floor":13.0},{"not_picked":["Storm of Steel","Unload"],"picked":"Doppelganger","floor":16.0},{"not_picked":["Dagger Spray","Blade Dance"],"picked":"Dash+1","floor":18.0},{"not_picked":["Bane+1","Underhanded Strike+1"],"picked":"Crippling Poison+1","floor":21}],"player_experience":159604,"relics_obtained":[{"floor":13.0,"key":"Orichalcum"}],"event_choices":[{"damage_healed":0.0,"max_hp_gain":0.0,"max_hp_loss":0.0,"gold_gain":30.0,"event_name":"Dead Adventurer","player_choice":"Searched \u00273\u0027 times","floor":7.0,"gold_loss":0.0,"damage_taken":0.0,"relics_obtained":["Juzu Bracelet"]},{"damage_healed":0.0,"max_hp_gain":0.0,"max_hp_loss":0.0,"gold_gain":0.0,"event_name":"The Woman in Blue","player_choice":"Bought 3 Potions","floor":8.0,"gold_loss":0.0,"damage_taken":0.0},{"damage_healed":0.0,"max_hp_gain":0.0,"max_hp_loss":0.0,"gold_gain":0.0,"event_name":"Scrap Ooze","player_choice":"Success","floor":14.0,"gold_loss":0.0,"damage_taken":3.0,"relics_obtained":["Dodecahedron"]},{"damage_healed":0.0,"max_hp_gain":0.0,"max_hp_loss":0.0,"gold_gain":0.0,"event_name":"The Mausoleum","player_choice":"Opened","floor":19.0,"gold_loss":0.0,"damage_taken":0.0,"relics_obtained":["Shuriken"],"cards_obtained":["Writhe"]},{"damage_healed":0.0,"max_hp_gain":0.0,"max_hp_loss":21.0,"gold_gain":0.0,"event_name":"Vampires","player_choice":"Became a vampire","floor":20.0,"gold_loss":0.0,"damage_taken":0.0,"cards_obtained":["Bite","Bite","Bite","Bite","Bite"]},{"damage_healed":0,"gold_gain":0,"player_choice":"Fight","damage_taken":0,"max_hp_gain":0,"max_hp_loss":0,"event_name":"Colosseum","floor":22,"gold_loss":0}],"is_beta":false,"boss_relics":[{"not_picked":["WristBlade","White Beast Statue"],"picked":"Philosopher\u0027s Stone"}],"items_purged_floors":[],"is_endless":false,"potions_floor_spawned":[2,3,5,18],"killed_by":"Colosseum Slavers","ascension_level":0}