{"gold_per_floor":[20,31,44,44,55,55,70,97,97,21,21,37,37,68,68,141,141,157,176,176,16,27,27],"floor_reached":23,"playtime":1164,"items_purged":["Strike_B"],"score":406,"play_id":"136b5e90-921b-44b5-a0a0-77c14945b4fe","local_time":"20190131214435","is_ascension_mode":true,"campfire_choices":[{"floor":6,"key":"REST"},{"floor":11,"key":"REST"},{"data":"Zap","floor":13,"key":"SMITH"},{"floor":15,"key":"REST"}],"neow_cost":"NO_GOLD","seed_source_timestamp":608920230654409,"circlet_count":0,"master_deck":["AscendersBane","Strike_B","Defend_B","Defend_B","Defend_B","Zap+1","Dualcast","Storm","Skim","Defragment+1","Consume","White Noise","Steam","Ball Lightning","Gash","Capacitor","Tempest","Gash","Machine Learning","Force Field","Gash","Chill","Genetic Algorithm"],"relics":["Cracked Core","Mango","Sundial","Anchor","Sozu"],"potions_floor_usage":[2,8,16],"damage_taken":[{"damage":1,"enemies":"Cultist","floor":1,"turns":3},{"damage":0,"enemies":"2 Louse","floor":2,"turns":2},{"damage":14,"enemies":"Jaw Worm","floor":3,"turns":4},{"damage":12,"enemies":"Large Slime","floor":5,"turns":4},{"damage":16,"enemies":"Exordium Wildlife","floor":7,"turns":4},{"damage":30,"enemies":"Gremlin Nob","floor":8,"turns":4},{"damage":0,"enemies":"2 Fungi Beasts","floor":12,"turns":1},{"damage":35,"enemies":"3 Sentries","floor":14,"turns":5},{"damage":22,"enemies":"Slime Boss","floor":16,"turns":7},{"damage":23,"enemies":"2 Thieves","floor":18,"turns":3},{"damage":1,"enemies":"Spheric Guardian","floor":19,"turns":3},{"damage":22,"enemies":"Snake Plant","floor":22,"turns":4},{"damage":35,"enemies":"Slavers","floor":23,"turns":3}],"seed_played":"-6311603472117403882","potions_obtained":[{"floor":1,"key":"SkillPotion"},{"floor":3,"key":"Ancient Potion"},{"floor":5,"key":"FocusPotion"},{"floor":16,"key":"Swift Potion"}],"is_trial":false,"path_per_floor":["M","M","M","?","M","R","M","E","T","$","R","M","R","E","R","B",null,"M","M","?","$","M","E"],"character_chosen":"DEFECT","items_purchased":["Capacitor","Chill"],"campfire_rested":3,"item_purchase_floors":[10,21],"current_hp_per_floor":[63,63,49,49,37,58,42,26,26,26,51,51,51,16,41,19,69,46,45,45,45,23,0],"gold":27,"neow_bonus":"TRANSFORM_TWO_CARDS","is_prod":false,"is_daily":false,"chose_seed":false,"campfire_upgraded":1,"win_rate":0,"timestamp":1548967475,"path_taken":["M","M","M","?","M","R","?","E","T","$","R","M","R","E","R","BOSS","M","M","?","$","M","E"],"build_version":"2019-01-23","purchased_purges":1,"victory":false,"max_hp_per_floor":[71,71,71,71,71,71,71,85,85,85,85,85,85,85,85,85,85,85,85,85,85,85,85],"card_choices":[{"not_picked":["Melter","Leap"],"picked":"Defragment","floor":1},{"not_picked":["Chill","Leap"],"picked":"Consume","floor":2},{"not_picked":["Barrage","Rebound"],"picked":"White Noise","floor":3},{"not_picked":["Reboot","Tempest"],"picked":"Steam","floor":5},{"not_picked":["Go for the Eyes","Melter"],"picked":"Ball Lightning","floor":7},{"not_picked":["Compile Driver","Conserve Battery"],"picked":"Gash","floor":8},{"not_picked":["Barrage","Beam Cell"],"picked":"Tempest","floor":12},{"not_picked":["Conserve Battery","Creative AI"],"picked":"Gash","floor":14},{"not_picked":["Rainbow","Meteor Strike"],"picked":"Machine Learning","floor":16},{"not_picked":["Storm","Reprogram"],"picked":"Force Field","floor":18},{"not_picked":["Fusion","Barrage"],"picked":"Gash","floor":19},{"not_picked":["Hologram","Redo"],"picked":"Genetic Algorithm","floor":22}],"player_experience":1606747,"relics_obtained":[{"floor":8,"key":"Mango"},{"floor":9,"key":"Sundial"},{"floor":14,"key":"Anchor"}],"event_choices":[{"cards_removed":["Strike_B"],"damage_healed":0,"gold_gain":0,"player_choice":"Purged","damage_taken":0,"max_hp_gain":0,"max_hp_loss":0,"event_name":"Purifier","floor":4,"gold_loss":0},{"damage_healed":0,"gold_gain":0,"player_choice":"Upgraded","damage_taken":0,"max_hp_gain":0,"max_hp_loss":0,"event_name":"Upgrade Shrine","floor":20,"gold_loss":0,"cards_upgraded":["Defragment"]}],"is_beta":false,"boss_relics":[{"not_picked":["Black Star","Lizard Tail"],"picked":"Sozu"}],"items_purged_floors":[21],"is_endless":false,"potions_floor_spawned":[1,3,5,16,19],"killed_by":"Slavers","ascension_level":20}