{"gold_per_floor":[118,137,212,223,148,148,162,162,186,336,336,359,359,359],"floor_reached":14,"playtime":520,"items_purged":["Strike_R"],"score":156,"play_id":"c675da9e-93ce-4ac3-a948-79201568d66d","local_time":"20190324214833","is_ascension_mode":true,"campfire_choices":[{"data":"Barricade","floor":6,"key":"SMITH"},{"data":"Corruption","floor":8,"key":"SMITH"},{"data":"Flame Barrier","floor":11,"key":"SMITH"},{"data":"Bash","floor":13,"key":"SMITH"}],"neow_cost":"NONE","seed_source_timestamp":3386670678456,"circlet_count":0,"master_deck":["AscendersBane","Strike_R","Strike_R","Strike_R","Strike_R","Defend_R","Defend_R","Defend_R","Defend_R","Bash+1","Flame Barrier+1","Barricade+1","Corruption+1","Flame Barrier","Doubt"],"relics":["Burning Blood","Lantern","Oddly Smooth Stone","Art of War"],"potions_floor_usage":[14,14],"damage_taken":[{"damage":5,"enemies":"2 Louse","floor":1,"turns":3},{"damage":0,"enemies":"Jaw Worm","floor":2,"turns":3},{"damage":19,"enemies":"Cultist","floor":4,"turns":7},{"damage":12,"enemies":"Looter","floor":7,"turns":4},{"damage":53,"enemies":"3 Sentries","floor":14,"turns":10}],"seed_played":"-8334115203511621976","potions_obtained":[{"floor":1,"key":"BloodPotion"},{"floor":4,"key":"Swift Potion"}],"is_trial":false,"path_per_floor":["M","M","?","M","$","R","M","R","T","?","R","T","R","E"],"character_chosen":"IRONCLAD","items_purchased":[],"campfire_rested":0,"item_purchase_floors":[],"current_hp_per_floor":[69,75,64,51,51,51,45,45,45,45,45,45,45,0],"gold":359,"neow_bonus":"RANDOM_COMMON_RELIC","is_prod":false,"is_daily":false,"chose_seed":false,"campfire_upgraded":4,"win_rate":0,"timestamp":1553460513,"path_taken":["M","M","?","M","$","R","M","R","T","?","R","?","R","E"],"build_version":"2019-01-23","purchased_purges":1,"victory":false,"max_hp_per_floor":[75,75,75,75,75,75,75,75,75,75,75,75,75,75],"card_choices":[{"not_picked":["Headbutt","Intimidate"],"picked":"Flame Barrier","floor":1},{"not_picked":["Clothesline","Twin Strike"],"picked":"Barricade","floor":2},{"not_picked":["Pommel Strike","Inflame"],"picked":"Corruption","floor":4},{"not_picked":["Ghostly Armor","Bloodletting"],"picked":"Flame Barrier","floor":7}],"player_experience":2194366,"relics_obtained":[{"floor":9,"key":"Oddly Smooth Stone"},{"floor":12,"key":"Art of War"}],"event_choices":[{"damage_healed":0,"gold_gain":75,"player_choice":"Gather Gold","damage_taken":11,"max_hp_gain":0,"max_hp_loss":0,"event_name":"World of Goop","floor":3,"gold_loss":0},{"damage_healed":0,"gold_gain":150,"player_choice":"AGREE","damage_taken":0,"max_hp_gain":0,"max_hp_loss":0,"event_name":"Liars Game","floor":10,"gold_loss":0,"cards_obtained":["Doubt"]}],"is_beta":false,"boss_relics":[],"items_purged_floors":[5],"is_endless":false,"potions_floor_spawned":[1,4],"killed_by":"3 Sentries","ascension_level":20}