{"gold_per_floor":[118,118,118,18,35,65,76,102,127,139,64,64,64,78,78,154,154,169,183,51,251,265,265,281,306,306,306,306,333,344,358,358,434,434,444,444,459,53,53,53,69,69,69,69,98,109,129,160,160,160,160,160,160,35,35],"floor_reached":55,"playtime":6462,"items_purged":["Strike_B","Strike_B+1","Dualcast+1"],"score":1954,"play_id":"5952faf9-ead1-4b7e-815b-2a95484f663b","local_time":"20190313045517","is_ascension_mode":true,"campfire_choices":[{"floor":12.0,"key":"REST"},{"floor":15.0,"key":"REST"},{"data":"Defragment","floor":23.0,"key":"SMITH"},{"data":"Conserve Battery","floor":28.0,"key":"SMITH"},{"data":"Hologram","floor":32.0,"key":"SMITH"},{"data":"Capacitor","floor":40.0,"key":"SMITH"},{"data":"Reinforced Body","floor":42.0,"key":"SMITH"},{"floor":49.0,"key":"RECALL"},{"data":"Undo","floor":53.0,"key":"SMITH"}],"neow_cost":"NONE","seed_source_timestamp":0,"circlet_count":0,"master_deck":["AscendersBane","Defend_B+1","Defend_B+1","Defend_B+1","Zap+1","Ball Lightning","Rip and Tear","Conserve Battery+1","Defragment+1","Reboot","Genetic Algorithm","Conserve Battery","Leap","Glacier","Echo Form","Leap+1","Ball Lightning","Capacitor+1","Self Repair","Seek","Loop","Hologram+1","Loop","All For One","Reinforced Body+1","Loop","Undo+1","Coolheaded+1"],"special_seed":0,"relics":["Cracked Core","NeowsBlessing","Strawberry","DataDisk","Anchor","Snecko Eye","Mummified Hand","Prayer Wheel","Gambling Chip","Black Star","Orichalcum","OrangePellets","Oddly Smooth Stone","Bottled Lightning","Blue Candle","Lantern"],"potions_floor_usage":[],"damage_taken":[{"damage":0.0,"enemies":"Cultist","floor":1.0,"turns":1.0},{"damage":0.0,"enemies":"Small Slimes","floor":5.0,"turns":1.0},{"damage":0.0,"enemies":"3 Sentries","floor":6.0,"turns":1.0},{"damage":0.0,"enemies":"2 Louse","floor":7.0,"turns":3.0},{"damage":32.0,"enemies":"Gremlin Nob","floor":8.0,"turns":4.0},{"damage":0.0,"enemies":"Red Slaver","floor":10.0,"turns":3.0},{"damage":16.0,"enemies":"Gremlin Gang","floor":14.0,"turns":4.0},{"damage":31.0,"enemies":"Slime Boss","floor":16.0,"turns":13.0},{"damage":0.0,"enemies":"Chosen","floor":18.0,"turns":6.0},{"damage":6.0,"enemies":"Shell Parasite","floor":19.0,"turns":6.0},{"damage":0.0,"enemies":"Chosen and Byrds","floor":22.0,"turns":6.0},{"damage":2.0,"enemies":"3 Cultists","floor":24.0,"turns":6.0},{"damage":10.0,"enemies":"Gremlin Leader","floor":25.0,"turns":7.0},{"damage":15.0,"enemies":"Book of Stabbing","floor":29.0,"turns":7.0},{"damage":0.0,"enemies":"Snecko","floor":30.0,"turns":4.0},{"damage":0.0,"enemies":"Centurion and Healer","floor":31.0,"turns":6.0},{"damage":26.0,"enemies":"Automaton","floor":33.0,"turns":9.0},{"damage":0.0,"enemies":"3 Darklings","floor":35.0,"turns":9.0},{"damage":0.0,"enemies":"3 Shapes","floor":37.0,"turns":6.0},{"damage":0.0,"enemies":"Maw","floor":41.0,"turns":7.0},{"damage":42.0,"enemies":"Reptomancer","floor":45.0,"turns":10.0},{"damage":9.0,"enemies":"Transient","floor":46.0,"turns":6.0},{"damage":0.0,"enemies":"Spire Growth","floor":47.0,"turns":4.0},{"damage":0.0,"enemies":"Giant Head","floor":48.0,"turns":11.0},{"damage":21.0,"enemies":"Time Eater","floor":50.0,"turns":35.0},{"damage":5.0,"enemies":"Donu and Deca","floor":51.0,"turns":14.0},{"damage":84,"enemies":"Shield and Spear","floor":55,"turns":6}],"seed_played":"6237134436651207310","potions_obtained":[{"floor":1.0,"key":"SpeedPotion"},{"floor":5.0,"key":"Regen Potion"},{"floor":19.0,"key":"Fire Potion"},{"floor":29.0,"key":"Fire Potion"},{"floor":33.0,"key":"Explosive Potion"},{"floor":37.0,"key":"Dexterity Potion"}],"is_trial":false,"path_per_floor":["M","?","?","$","M","E","M","E","T","M","?","R","$","M","R","B",null,"M","M","$","?","M","R","M","E","T","?","R","E","M","M","R","B",null,"M","?","M","$","?","R","M","R","T","?","E","M","M","E","R","B","B",null,"R","$","E"],"character_chosen":"DEFECT","items_purchased":["Rip and Tear","Conserve Battery","Ball Lightning","LiquidBronze","OrangePellets"],"campfire_rested":2,"item_purchase_floors":[4,4,20,38,38],"current_hp_per_floor":[64,43,36,36,36,43,43,11,11,11,11,34,34,18,41,25,65,65,59,59,59,59,59,57,47,47,47,47,39,39,53,53,27,65,78,78,78,78,78,78,78,78,78,78,43,48,62,69,69,62,71,76,76,76,0],"gold":35,"neow_bonus":"THREE_ENEMY_KILL","is_prod":false,"is_daily":false,"chose_seed":false,"campfire_upgraded":6,"win_rate":0,"timestamp":1552449317,"path_taken":["M","?","?","$","M","E","M","E","T","M","?","R","?","?","R","BOSS","M","?","?","?","M","R","?","E","T","?","R","E","M","M","R","BOSS","M","?","M","?","?","R","M","R","T","?","E","M","M","E","R","BOSS","BOSS","R","$","E"],"build_version":"2019-01-23","purchased_purges":3,"victory":false,"max_hp_per_floor":[71,71,71,71,71,78,78,78,78,78,78,78,78,78,78,78,78,78,78,78,78,78,78,78,78,78,78,78,78,78,78,78,78,78,78,78,78,78,78,78,78,78,78,78,78,78,78,78,78,78,78,78,78,78,78],"card_choices":[{"not_picked":["Chaos","Defragment"],"picked":"Ball Lightning","floor":1.0},{"not_picked":["Barrage","Compile Driver"],"picked":"Defragment","floor":5.0},{"not_picked":["Leap","Barrage"],"picked":"Reboot","floor":6.0},{"not_picked":["Static Discharge","Lockon"],"picked":"Genetic Algorithm","floor":7.0},{"not_picked":["Chaos","Barrage"],"picked":"Conserve Battery","floor":8.0},{"not_picked":["Sunder","Sweeping Beam"],"picked":"Leap","floor":10.0},{"not_picked":["Redo","Go for the Eyes"],"picked":"Glacier","floor":14.0},{"not_picked":["Fission","All For One"],"picked":"Echo Form","floor":16.0},{"not_picked":["Rebound","Barrage"],"picked":"Leap+1","floor":18.0},{"not_picked":["White Noise","Turbo+1","Darkness+1"],"picked":"SKIP","floor":19.0},{"not_picked":["Go for the Eyes","Coolheaded","Leap"],"picked":"SKIP","floor":22.0},{"not_picked":["Fusion","Doom and Gloom"],"picked":"Capacitor","floor":24.0},{"not_picked":["Tempest","Streamline+1"],"picked":"Self Repair","floor":25.0},{"not_picked":["Leap","Redo"],"picked":"Seek","floor":29.0},{"not_picked":["Recycle","Sweeping Beam"],"picked":"Loop","floor":30.0},{"not_picked":["Compile Driver","Redo"],"picked":"Hologram","floor":30.0},{"not_picked":["Leap","Redo"],"picked":"Loop","floor":31.0},{"not_picked":["Coolheaded","Consume+1","Leap"],"picked":"SKIP","floor":31.0},{"not_picked":["Reboot","Machine Learning"],"picked":"All For One","floor":33.0},{"not_picked":["Fusion","Barrage"],"picked":"Reinforced Body","floor":35.0},{"not_picked":["Go for the Eyes","BootSequence","Genetic Algorithm+1"],"picked":"SKIP","floor":35.0},{"not_picked":["Rip and Tear+1","Reprogram","Double Energy"],"picked":"SKIP","floor":37.0},{"not_picked":["Hologram+1","Redo+1","Heatsinks"],"picked":"SKIP","floor":37.0},{"not_picked":["Compile Driver","Leap"],"picked":"Loop","floor":41.0},{"not_picked":["Redo","Steam+1","Go for the Eyes"],"picked":"SKIP","floor":41.0},{"not_picked":["Beam Cell+1","Turbo"],"picked":"Undo","floor":45.0},{"not_picked":["Reprogram+1","Fission"],"picked":"Coolheaded+1","floor":46.0},{"not_picked":["BootSequence","Lockon","Hello World+1"],"picked":"SKIP","floor":46.0},{"not_picked":["Sweeping Beam+1","Hologram","Blizzard"],"picked":"SKIP","floor":47.0},{"not_picked":["Barrage","Go for the Eyes","Scrape+1"],"picked":"SKIP","floor":47.0},{"not_picked":["Rip and Tear","Darkness","Chaos"],"picked":"SKIP","floor":48.0}],"player_experience":2012564,"relics_obtained":[{"floor":6.0,"key":"Strawberry"},{"floor":8.0,"key":"DataDisk"},{"floor":9.0,"key":"Anchor"},{"floor":25.0,"key":"Mummified Hand"},{"floor":26.0,"key":"Prayer Wheel"},{"floor":29.0,"key":"Gambling Chip"},{"floor":45.0,"key":"Oddly Smooth Stone"},{"floor":45.0,"key":"Bottled Lightning"},{"floor":48.0,"key":"Blue Candle"},{"floor":48.0,"key":"Lantern"}],"event_choices":[{"damage_healed":0.0,"max_hp_gain":0.0,"max_hp_loss":0.0,"gold_gain":0.0,"event_name":"Shining Light","player_choice":"Entered Light","floor":2.0,"gold_loss":0.0,"damage_taken":21.0,"cards_upgraded":["Zap","Dualcast"]},{"cards_removed":["Strike_B"],"damage_healed":0.0,"max_hp_gain":0.0,"max_hp_loss":0.0,"gold_gain":0.0,"event_name":"Golden Wing","player_choice":"Card Removal","floor":3.0,"gold_loss":0.0,"damage_taken":7.0},{"cards_removed":["Strike_B"],"damage_healed":0.0,"max_hp_gain":0.0,"max_hp_loss":0.0,"gold_gain":0.0,"event_name":"The Cleric","player_choice":"Card Removal","floor":11.0,"gold_loss":75.0,"damage_taken":0.0},{"damage_healed":0.0,"max_hp_gain":0.0,"max_hp_loss":0.0,"gold_gain":200.0,"event_name":"Wheel of Change","player_choice":"Gold","floor":21.0,"gold_loss":0.0,"damage_taken":0.0},{"damage_healed":0.0,"max_hp_gain":0.0,"max_hp_loss":0.0,"gold_gain":0.0,"event_name":"Back to Basics","player_choice":"Simplicity","floor":27.0,"gold_loss":0.0,"damage_taken":0.0,"cards_upgraded":["Strike_B","Defend_B","Defend_B","Defend_B","Defend_B"]},{"damage_healed":0.0,"max_hp_gain":0.0,"max_hp_loss":0.0,"gold_gain":0.0,"event_name":"WeMeetAgain","player_choice":"Gave Potion","floor":36.0,"gold_loss":0.0,"damage_taken":0.0,"relics_obtained":["Orichalcum"]},{"damage_healed":0.0,"max_hp_gain":0.0,"max_hp_loss":0.0,"gold_gain":0.0,"event_name":"Mysterious Sphere","player_choice":"Ignored","floor":39.0,"gold_loss":0.0,"damage_taken":0.0},{"cards_removed":["Defend_B"],"damage_healed":0.0,"max_hp_gain":0.0,"max_hp_loss":0.0,"gold_gain":0.0,"event_name":"Falling","player_choice":"Removed Skill","floor":44.0,"gold_loss":0.0,"damage_taken":0.0}],"is_beta":false,"boss_relics":[{"not_picked":["Busted Crown","Velvet Choker"],"picked":"Snecko Eye"},{"not_picked":["Sozu","Runic Pyramid"],"picked":"Black Star"}],"items_purged_floors":[20,38,54],"is_endless":false,"potions_floor_spawned":[1,5,19,22,29,33,37,41],"killed_by":"Shield and Spear","ascension_level":20}