{"gold_per_floor":[109,127,26,26,176,202,62,123,147,172,190,190,8,283,283,355,355,367,9,9,28,28,28,28,53,53,53,69,101,113],"floor_reached":30,"playtime":1469,"items_purged":["Strike_B","Doubt","Strike_B","Regret"],"score":594,"play_id":"12a55922-b2e6-44a8-b3ed-14e3f404e937","local_time":"20190317171222","is_ascension_mode":true,"campfire_choices":[{"floor":12,"key":"REST"},{"data":"Zap","floor":15,"key":"SMITH"},{"data":"Beam Cell","floor":23,"key":"SMITH"},{"data":"Dualcast","floor":27,"key":"SMITH"}],"neow_cost":"NONE","seed_source_timestamp":161256628558441,"circlet_count":0,"master_deck":["AscendersBane","Strike_B","Strike_B","Defend_B","Defend_B","Defend_B","Defend_B","Zap+1","Dualcast+1","Gash","Rebound","Self Repair","Capacitor","Ball Lightning","Rip and Tear","Gash","Echo Form","Beam Cell+1","Skim","All For One","Loop","Reinforced Body"],"special_seed":0,"relics":["Cracked Core","NeowsBlessing","Pear","Thread and Needle","Pantograph","Lantern","Pen Nib","Nuclear Battery","DataDisk","Bottled Tornado","Omamori","Singing Bowl","MawBank"],"potions_floor_usage":[16,25,29,29],"damage_taken":[{"damage":0.0,"enemies":"Cultist","floor":1.0,"turns":1.0},{"damage":0.0,"enemies":"Jaw Worm","floor":2.0,"turns":1.0},{"damage":0.0,"enemies":"Gremlin Nob","floor":6.0,"turns":1.0},{"damage":43.0,"enemies":"Gremlin Nob","floor":8.0,"turns":5.0},{"damage":22,"enemies":"Lagavulin","floor":10,"turns":6},{"damage":0,"enemies":"2 Louse","floor":11,"turns":2},{"damage":42,"enemies":"Hexaghost","floor":16,"turns":9},{"damage":9,"enemies":"Spheric Guardian","floor":18,"turns":4},{"damage":0,"enemies":"Chosen","floor":21,"turns":3},{"damage":36,"enemies":"Gremlin Leader","floor":25,"turns":6},{"damage":6,"enemies":"Snecko","floor":28,"turns":4},{"damage":30,"enemies":"Book of Stabbing","floor":29,"turns":4},{"damage":33,"enemies":"Snake Plant","floor":30,"turns":3}],"seed_played":"5610825327949793434","potions_obtained":[{"floor":1.0,"key":"GamblersBrew"},{"floor":2.0,"key":"SkillPotion"},{"floor":16,"key":"GamblersBrew"},{"floor":25,"key":"SkillPotion"},{"floor":28,"key":"Weak Potion"}],"is_trial":false,"path_per_floor":["M","M","$","?","?","E","$","?","T","E","M","R","$","?","R","B",null,"M","$","?","M","T","R","$","E","T","R","M","E","M"],"character_chosen":"DEFECT","items_purchased":["Rebound","Capacitor","Block Potion","DataDisk","Beam Cell"],"campfire_rested":1,"item_purchase_floors":[3,7,13,19,19],"current_hp_per_floor":[64,64,64,63,63,63,63,27,27,12,12,36,36,36,36,26,67,65,65,65,72,72,72,72,50,50,50,58,28,0],"gold":113,"neow_bonus":"THREE_ENEMY_KILL","is_prod":false,"is_daily":false,"chose_seed":false,"campfire_upgraded":3,"win_rate":0,"timestamp":1552839142,"path_taken":["M","M","$","?","?","E","$","?","T","E","M","R","$","?","R","BOSS","M","$","?","M","?","R","$","E","T","R","M","E","M"],"build_version":"2019-01-23","purchased_purges":4,"victory":false,"max_hp_per_floor":[71,71,71,81,81,81,81,81,81,81,81,81,81,81,81,81,81,81,81,81,81,81,81,81,81,81,81,81,81,81],"card_choices":[{"not_picked":["Chaos","Blizzard","Scrape"],"picked":"SKIP","floor":1.0},{"not_picked":["Chill","Steam"],"picked":"Gash","floor":2.0},{"not_picked":["Streamline","Heatsinks"],"picked":"Self Repair","floor":6.0},{"not_picked":["Leap","Auto Shields"],"picked":"Ball Lightning","floor":8.0},{"not_picked":["Coolheaded","Chill"],"picked":"Rip and Tear","floor":10},{"not_picked":["Coolheaded","Hologram"],"picked":"Gash","floor":11},{"not_picked":["Hyperbeam","Biased Cognition"],"picked":"Echo Form","floor":16},{"not_picked":["Cold Snap","Go for the Eyes","Streamline"],"picked":"SKIP","floor":18},{"not_picked":["Hologram","Cold Snap"],"picked":"Skim","floor":21},{"not_picked":["Melter+1","Storm"],"picked":"All For One","floor":25},{"not_picked":["Hologram","Rip and Tear"],"picked":"Loop","floor":28},{"not_picked":["Consume","Stack"],"picked":"Reinforced Body","floor":29}],"player_experience":2081211,"relics_obtained":[{"floor":6.0,"key":"Thread and Needle"},{"floor":8.0,"key":"Pantograph"},{"floor":9.0,"key":"Lantern"},{"floor":10,"key":"Pen Nib"},{"floor":22,"key":"Bottled Tornado"},{"floor":25,"key":"Omamori"},{"floor":26,"key":"Singing Bowl"},{"floor":29,"key":"MawBank"}],"event_choices":[{"damage_healed":0.0,"max_hp_gain":0.0,"max_hp_loss":0.0,"gold_gain":0.0,"event_name":"Scrap Ooze","player_choice":"Success","floor":4.0,"gold_loss":0.0,"damage_taken":11.0,"relics_obtained":["Pear"]},{"damage_healed":0.0,"max_hp_gain":0.0,"max_hp_loss":0.0,"gold_gain":150.0,"event_name":"Liars Game","player_choice":"AGREE","floor":5.0,"gold_loss":0.0,"damage_taken":0.0,"cards_obtained":["Doubt"]},{"damage_healed":0.0,"max_hp_gain":0.0,"max_hp_loss":0.0,"gold_gain":0.0,"event_name":"Dead Adventurer","player_choice":"Searched \u00271\u0027 times","floor":8.0,"gold_loss":0.0,"damage_taken":0.0},{"damage_healed":0,"gold_gain":275,"player_choice":"Desecrate","damage_taken":0,"max_hp_gain":0,"max_hp_loss":0,"event_name":"Golden Shrine","floor":14,"gold_loss":0,"cards_obtained":["Regret"]},{"damage_healed":0,"gold_gain":0,"player_choice":"Ignored","damage_taken":0,"max_hp_gain":0,"max_hp_loss":0,"event_name":"The Mausoleum","floor":20,"gold_loss":0}],"is_beta":false,"boss_relics":[{"not_picked":["Velvet Choker","Black Star"],"picked":"Nuclear Battery"}],"items_purged_floors":[3,7,13,19],"is_endless":false,"potions_floor_spawned":[1,2,16,25,28],"killed_by":"Snake Plant","ascension_level":20}