{"gold_per_floor":[112,127,127,52,66,66,100,100,124,124,153,164,180,196,196,270,270,290,310,310,310,112,112,146,156,156,168,168],"floor_reached":28,"playtime":1552,"items_purged":["Defend_B","Strike_B"],"score":600,"play_id":"e96a3b55-5ddf-4436-b29b-2710f32d9955","local_time":"20190310135409","is_ascension_mode":true,"campfire_choices":[{"data":"Defragment","floor":6,"key":"SMITH"},{"floor":8,"key":"REST"},{"data":"Sweeping Beam","floor":15,"key":"SMITH"},{"data":"Buffer","floor":23,"key":"SMITH"}],"neow_cost":"NONE","seed_source_timestamp":74923321461699,"circlet_count":0,"master_deck":["AscendersBane","Strike_B","Strike_B","Strike_B","Defend_B","Defend_B","Defend_B","Zap+1","Dualcast","Defragment+1","Genetic Algorithm","Loop+1","Sweeping Beam+1","FTL","Ball Lightning","Turbo","Buffer+1","Defragment","Force Field","RitualDagger","Ghostly","Ghostly","Ghostly","PanicButton","Core Surge","Hologram"],"relics":["Cracked Core","DataDisk","Bag of Marbles","Cables","Inserter","Gremlin Horn","Dodecahedron"],"potions_floor_usage":[11,16,16,24,24],"damage_taken":[{"damage":0,"enemies":"Cultist","floor":1,"turns":4},{"damage":4,"enemies":"Small Slimes","floor":2,"turns":3},{"damage":2,"enemies":"Jaw Worm","floor":5,"turns":3},{"damage":20,"enemies":"Lagavulin","floor":7,"turns":6},{"damage":12,"enemies":"3 Sentries","floor":11,"turns":5},{"damage":0,"enemies":"Large Slime","floor":12,"turns":3},{"damage":6,"enemies":"Exordium Wildlife","floor":13,"turns":3},{"damage":10,"enemies":"Gremlin Gang","floor":14,"turns":3},{"damage":0,"enemies":"Slime Boss","floor":16,"turns":4},{"damage":18,"enemies":"2 Thieves","floor":18,"turns":3},{"damage":13,"enemies":"3 Byrds","floor":19,"turns":3},{"damage":6,"enemies":"Gremlin Leader","floor":24,"turns":6},{"damage":14,"enemies":"Centurion and Healer","floor":25,"turns":6},{"damage":3,"enemies":"Snake Plant","floor":27,"turns":3},{"damage":7,"enemies":"3 Cultists","floor":28,"turns":2}],"seed_played":"8896275876016788125","potions_obtained":[{"floor":0,"key":"Strength Potion"},{"floor":0,"key":"Dexterity Potion"},{"floor":11,"key":"Regen Potion"},{"floor":14,"key":"FocusPotion"},{"floor":16,"key":"FearPotion"},{"floor":18,"key":"AttackPotion"}],"is_trial":false,"path_per_floor":["M","M","?","$","M","R","E","R","T","?","E","M","M","M","R","B",null,"M","M","?","?","$","R","E","M","T","M","M"],"character_chosen":"DEFECT","items_purchased":["PanicButton"],"campfire_rested":1,"item_purchase_floors":[22],"current_hp_per_floor":[64,60,60,60,58,58,38,59,59,59,47,47,41,31,31,43,64,46,33,27,27,27,27,21,7,7,4,0],"gold":168,"neow_bonus":"THREE_SMALL_POTIONS","is_prod":false,"is_daily":false,"chose_seed":false,"campfire_upgraded":3,"win_rate":0,"timestamp":1552222449,"path_taken":["M","M","?","$","M","R","E","R","T","?","E","M","M","?","R","BOSS","M","M","?","?","?","R","E","M","T","?","M"],"build_version":"2019-01-23","purchased_purges":2,"victory":false,"max_hp_per_floor":[71,71,71,71,71,71,71,71,71,71,71,71,71,71,71,71,71,71,71,71,35,35,35,35,35,35,35,35],"card_choices":[{"not_picked":["Cold Snap","Doom and Gloom"],"picked":"Defragment","floor":1},{"not_picked":["Cold Snap","Compile Driver"],"picked":"Genetic Algorithm","floor":2},{"not_picked":["FTL","Barrage"],"picked":"Loop","floor":5},{"not_picked":["Reprogram","Conserve Battery"],"picked":"Sweeping Beam","floor":7},{"not_picked":["Streamline","Skim"],"picked":"FTL","floor":11},{"not_picked":["Sunder","Hologram"],"picked":"Ball Lightning","floor":12},{"not_picked":["Sweeping Beam","Chaos","FTL"],"picked":"SKIP","floor":13},{"not_picked":["Machine Learning","Go for the Eyes"],"picked":"Turbo","floor":14},{"not_picked":["Amplify","Fission"],"picked":"Buffer","floor":16},{"not_picked":["Self Repair","Cold Snap"],"picked":"Defragment","floor":18},{"not_picked":["Gash","Melter"],"picked":"Force Field","floor":19},{"not_picked":["Stack","Recycle"],"picked":"Core Surge","floor":24},{"not_picked":["Force Field","Rebound+1","Steam"],"picked":"SKIP","floor":25},{"not_picked":["Beam Cell","Steam"],"picked":"Hologram","floor":27}],"player_experience":1981057,"relics_obtained":[{"floor":7,"key":"DataDisk"},{"floor":9,"key":"Bag of Marbles"},{"floor":11,"key":"Cables"},{"floor":24,"key":"Gremlin Horn"},{"floor":26,"key":"Dodecahedron"}],"event_choices":[{"damage_healed":0,"gold_gain":0,"player_choice":"Grow","damage_taken":0,"max_hp_gain":0,"max_hp_loss":0,"event_name":"Living Wall","floor":3,"gold_loss":0,"cards_upgraded":["Zap"]},{"damage_healed":0,"gold_gain":0,"player_choice":"Upgraded","damage_taken":0,"max_hp_gain":0,"max_hp_loss":0,"event_name":"Upgrade Shrine","floor":10,"gold_loss":0,"cards_upgraded":["Loop"]},{"damage_healed":0,"gold_gain":0,"player_choice":"Joined the Cult","damage_taken":6,"max_hp_gain":0,"max_hp_loss":0,"event_name":"Nest","floor":20,"gold_loss":0,"cards_obtained":["RitualDagger"]},{"damage_healed":0,"gold_gain":0,"player_choice":"Became a Ghost","damage_taken":0,"max_hp_gain":0,"max_hp_loss":36,"event_name":"Ghosts","floor":21,"gold_loss":0,"cards_obtained":["Ghostly","Ghostly","Ghostly"]}],"is_beta":false,"boss_relics":[{"not_picked":["Astrolabe","Busted Crown"],"picked":"Inserter"}],"items_purged_floors":[4,22],"is_endless":false,"potions_floor_spawned":[2,11,14,16,18],"killed_by":"3 Cultists","ascension_level":20}