{"gold_per_floor":[116,133,133,153,78,78,98,131,158,184,203,235,235,255,255,360,360,370,310,330,346,365,395,395,395],"floor_reached":25,"playtime":3783,"items_purged":["Strike_G"],"score":331,"play_id":"3103cf7e-56ef-4009-9f8b-3903ac23b88e","local_time":"20190524145440","is_ascension_mode":true,"campfire_choices":[{"data":"Neutralize","floor":6.0,"key":"SMITH"},{"data":"Infinite Blades","floor":13.0,"key":"SMITH"},{"data":"Bouncing Flask","floor":15.0,"key":"SMITH"},{"data":"Noxious Fumes","floor":24,"key":"SMITH"}],"neow_cost":"NONE","seed_source_timestamp":468274846743240,"circlet_count":0,"master_deck":["Defend_G","Defend_G","Defend_G+1","Defend_G","Defend_G","Strike_G","Strike_G","Survivor","Neutralize+1","Flying Knee","Dash+1","Dash","Infinite Blades+1","Sucker Punch+1","Bouncing Flask+1","Backflip+1","Escape Plan","Bullet Time","Backflip","Accuracy","Concentrate","Infinite Blades+1","PiercingWail","Noxious Fumes+1"],"special_seed":0,"relics":["Ring of the Snake","Omamori","Whetstone","Blood Vial","Orichalcum","Cursed Key","War Paint"],"potions_floor_usage":[22,23],"damage_taken":[{"damage":1.0,"enemies":"Small Slimes","floor":1.0,"turns":4.0},{"damage":0.0,"enemies":"Cultist","floor":2.0,"turns":4.0},{"damage":0.0,"enemies":"Jaw Worm","floor":4.0,"turns":4.0},{"damage":6.0,"enemies":"Exordium Thugs","floor":7.0,"turns":6.0},{"damage":18.0,"enemies":"Lagavulin","floor":8.0,"turns":7.0},{"damage":5.0,"enemies":"3 Sentries","floor":10.0,"turns":8.0},{"damage":0.0,"enemies":"Blue Slaver","floor":11.0,"turns":3.0},{"damage":18.0,"enemies":"Lagavulin","floor":12.0,"turns":7.0},{"damage":3.0,"enemies":"Lots of Slimes","floor":14.0,"turns":5.0},{"damage":17.0,"enemies":"The Guardian","floor":16.0,"turns":11.0},{"damage":7.0,"enemies":"Spheric Guardian","floor":18.0,"turns":4.0},{"damage":0.0,"enemies":"Shell Parasite","floor":20.0,"turns":4.0},{"damage":3.0,"enemies":"Snecko","floor":21.0,"turns":4.0},{"damage":3,"enemies":"Centurion and Healer","floor":22,"turns":7},{"damage":6,"enemies":"Book of Stabbing","floor":23,"turns":6},{"damage":61,"enemies":"Gremlin Leader","floor":25,"turns":4}],"seed_played":"-7352556629991622657","potions_obtained":[{"floor":3.0,"key":"Ancient Potion"},{"floor":3.0,"key":"Strength Potion"},{"floor":3.0,"key":"Swift Potion"},{"floor":4.0,"key":"SteroidPotion"},{"floor":7.0,"key":"EntropicBrew"},{"floor":10.0,"key":"LiquidBronze"},{"floor":16.0,"key":"PowerPotion"},{"floor":21.0,"key":"LiquidBronze"},{"floor":23,"key":"GamblersBrew"}],"is_trial":false,"path_per_floor":["M","M","?","M","$","R","M","E","T","E","M","E","R","M","R","B",null,"M","?","M","M","M","E","R","E"],"character_chosen":"THE_SILENT","items_purchased":[],"campfire_rested":0,"item_purchase_floors":[],"current_hp_per_floor":[69,69,69,69,69,69,63,45,45,40,42,26,26,39,39,24,64,59,59,61,60,59,55,55,0],"gold":395,"neow_bonus":"TEN_PERCENT_HP_BONUS","is_prod":false,"is_daily":false,"chose_seed":false,"campfire_upgraded":4,"win_rate":0,"timestamp":1558689880,"path_taken":["M","M","?","M","?","R","M","E","T","E","?","E","R","M","R","BOSS","M","?","?","?","M","E","R","E"],"build_version":"2019-01-23","purchased_purges":1,"victory":false,"max_hp_per_floor":[77,77,77,77,77,77,77,77,77,77,77,77,77,77,77,77,77,77,77,77,77,77,77,77,77],"card_choices":[{"not_picked":["Dagger Throw","Flying Knee","Prepared"],"picked":"SKIP","floor":1.0},{"not_picked":["Dagger Throw","Prepared"],"picked":"Flying Knee","floor":1.0},{"not_picked":["Underhanded Strike","Accuracy"],"picked":"Dash","floor":2.0},{"not_picked":["Slice","Flying Knee"],"picked":"Dash","floor":4.0},{"not_picked":["Underhanded Strike","Sucker Punch"],"picked":"Infinite Blades","floor":7.0},{"not_picked":["Dodge and Roll","Accuracy"],"picked":"Sucker Punch","floor":8.0},{"not_picked":["Poisoned Stab","Finisher"],"picked":"Bouncing Flask","floor":10.0},{"not_picked":["Bane","Underhanded Strike","Deflect"],"picked":"SKIP","floor":11.0},{"not_picked":["Unload","Bane"],"picked":"Backflip","floor":12.0},{"not_picked":["Outmaneuver","Dagger Throw"],"picked":"Escape Plan","floor":14.0},{"not_picked":["Phantasmal Killer","Unload"],"picked":"Bullet Time","floor":16.0},{"not_picked":["Masterful Stab","Reflex"],"picked":"Backflip","floor":18.0},{"not_picked":["Quick Slash","Backflip"],"picked":"Infinite Blades+1","floor":20.0},{"not_picked":["Poisoned Stab","Slice+1"],"picked":"PiercingWail","floor":21.0},{"not_picked":["Calculated Gamble","Dagger Throw","Deflect"],"picked":"SKIP","floor":22},{"not_picked":["Dodge and Roll+1","Concentrate+1"],"picked":"Noxious Fumes","floor":23}],"player_experience":715578,"relics_obtained":[{"floor":8.0,"key":"Omamori"},{"floor":9.0,"key":"Whetstone"},{"floor":10.0,"key":"Blood Vial"},{"floor":12.0,"key":"Orichalcum"},{"floor":23,"key":"War Paint"}],"event_choices":[{"damage_healed":0.0,"max_hp_gain":0.0,"max_hp_loss":0.0,"gold_gain":0.0,"event_name":"Lab","player_choice":"Got Potions","floor":3.0,"gold_loss":0.0,"damage_taken":0.0},{"damage_healed":0.0,"max_hp_gain":0.0,"max_hp_loss":0.0,"gold_gain":0.0,"cards_transformed":["Strike_G","Strike_G"],"event_name":"Designer","player_choice":"Transformed Cards","floor":19.0,"gold_loss":60.0,"damage_taken":0.0,"cards_obtained":["Accuracy","Concentrate"]}],"is_beta":false,"boss_relics":[{"not_picked":["Pandora\u0027s Box","Busted Crown"],"picked":"Cursed Key"}],"items_purged_floors":[5],"is_endless":false,"potions_floor_spawned":[4,7,10,16,21,23],"killed_by":"Gremlin Leader","ascension_level":7}