{"gold_per_floor":[112,125,125,140,153,185,185,185,239,239],"floor_reached":10,"playtime":454,"items_purged":[],"score":136,"play_id":"6b3b4d20-e784-4e9c-831c-3714ecff2450","local_time":"20190317183442","is_ascension_mode":true,"campfire_choices":[{"floor":7,"key":"REST"}],"neow_cost":"NONE","seed_source_timestamp":167450595265679,"circlet_count":0,"master_deck":["AscendersBane","Strike_R","Strike_R","Strike_R","Strike_R","Defend_R","Defend_R","Defend_R","Defend_R","Bash+1","Flex","Armaments","Anger"],"relics":["Burning Blood","Boot","Omamori","Tiny Chest"],"potions_floor_usage":[5,6],"damage_taken":[{"damage":9,"enemies":"2 Louse","floor":1,"turns":4},{"damage":1,"enemies":"Cultist","floor":2,"turns":3},{"damage":9,"enemies":"Jaw Worm","floor":4,"turns":4},{"damage":28,"enemies":"Exordium Wildlife","floor":5,"turns":4},{"damage":29,"enemies":"Lagavulin","floor":6,"turns":7},{"damage":45,"enemies":"3 Sentries","floor":10,"turns":8}],"seed_played":"-3368846246685685247","potions_obtained":[{"floor":2,"key":"Explosive Potion"},{"floor":5,"key":"SpeedPotion"},{"floor":6,"key":"FearPotion"}],"is_trial":false,"path_per_floor":["M","M","?","M","M","E","R","?","T","E"],"character_chosen":"IRONCLAD","items_purchased":[],"campfire_rested":1,"item_purchase_floors":[],"current_hp_per_floor":[65,70,70,67,45,22,44,44,44,0],"gold":239,"neow_bonus":"RANDOM_COMMON_RELIC","is_prod":false,"is_daily":false,"chose_seed":false,"campfire_upgraded":0,"win_rate":0,"timestamp":1552844082,"path_taken":["M","M","?","M","?","E","R","?","T","E"],"build_version":"2019-01-23","purchased_purges":0,"victory":false,"max_hp_per_floor":[75,75,75,75,75,75,75,75,75,75],"card_choices":[{"not_picked":["True Grit","Sentinel"],"picked":"Flex","floor":1},{"not_picked":["Power Through","Rage"],"picked":"Armaments","floor":2},{"not_picked":["Heavy Blade","Rage"],"picked":"Anger","floor":4},{"not_picked":["Havoc","Rage","Flex"],"picked":"SKIP","floor":5},{"not_picked":["Iron Wave","Power Through","Anger"],"picked":"SKIP","floor":6}],"player_experience":2082680,"relics_obtained":[{"floor":6,"key":"Omamori"},{"floor":9,"key":"Tiny Chest"}],"event_choices":[{"cards_removed":["Strike_R"],"damage_healed":0,"gold_gain":0,"player_choice":"Purged","damage_taken":0,"max_hp_gain":0,"max_hp_loss":0,"event_name":"Purifier","floor":3,"gold_loss":0},{"damage_healed":0,"gold_gain":0,"player_choice":"Grow","damage_taken":0,"max_hp_gain":0,"max_hp_loss":0,"event_name":"Living Wall","floor":8,"gold_loss":0,"cards_upgraded":["Bash"]}],"is_beta":false,"boss_relics":[],"items_purged_floors":[],"is_endless":false,"potions_floor_spawned":[2,5,6],"killed_by":"3 Sentries","ascension_level":20}