{"gold_per_floor":[118,136,136,146,164,164,192,192,240,251,283,294,322,340,340,418,418,433,443,493,509,424,424],"floor_reached":23,"playtime":2076,"items_purged":[],"score":430,"play_id":"fad9ae57-a6ec-4ca9-b0b0-f7fbede8189d","local_time":"20190104173916","is_ascension_mode":true,"campfire_choices":[{"data":"Zap","floor":6,"key":"SMITH"},{"floor":8,"key":"REST"},{"data":"Defragment","floor":15,"key":"SMITH"}],"neow_cost":"NONE","seed_source_timestamp":286683289112411,"circlet_count":0,"master_deck":["AscendersBane","Strike_B+1","Strike_B","Strike_B","Strike_B","Defend_B","Defend_B","Defend_B","Defend_B+1","Zap+1","Dualcast","Ball Lightning","Melter","Cold Snap","Defragment","Glacier","Defragment+1","Coolheaded","Cold Snap","Reboot","Ball Lightning","Biased Cognition"],"relics":["White Beast Statue","Question Card","Anchor","Art of War","Bottled Lightning","Nuclear Battery","Happy Flower"],"potions_floor_usage":[5,7,11,11,12,16,18,21,23,23],"damage_taken":[{"damage":7,"enemies":"Jaw Worm","floor":1,"turns":4},{"damage":3,"enemies":"Small Slimes","floor":2,"turns":2},{"damage":0,"enemies":"2 Louse","floor":4,"turns":3},{"damage":0,"enemies":"Exordium Thugs","floor":5,"turns":4},{"damage":10,"enemies":"Lagavulin","floor":7,"turns":7},{"damage":5,"enemies":"3 Louse","floor":10,"turns":4},{"damage":4,"enemies":"Gremlin Nob","floor":11,"turns":3},{"damage":4,"enemies":"Exordium Wildlife","floor":12,"turns":3},{"damage":1,"enemies":"Lagavulin","floor":13,"turns":6},{"damage":0,"enemies":"Blue Slaver","floor":14,"turns":3},{"damage":6,"enemies":"The Guardian","floor":16,"turns":11},{"damage":8,"enemies":"Shell Parasite","floor":18,"turns":5},{"damage":0,"enemies":"3 Byrds","floor":19,"turns":5},{"damage":10,"enemies":"Shelled Parasite and Fungi","floor":21,"turns":5},{"damage":76,"enemies":"Gremlin Leader","floor":23,"turns":8}],"seed_played":"6278628939496263238","potions_obtained":[{"floor":1,"key":"PowerPotion"},{"floor":2,"key":"Strength Potion"},{"floor":4,"key":"Swift Potion"},{"floor":5,"key":"SneckoOil"},{"floor":7,"key":"Explosive Potion"},{"floor":10,"key":"Swift Potion"},{"floor":11,"key":"SkillPotion"},{"floor":12,"key":"Dexterity Potion"},{"floor":13,"key":"FearPotion"},{"floor":16,"key":"PowerPotion"},{"floor":18,"key":"Dexterity Potion"},{"floor":19,"key":"SpeedPotion"},{"floor":21,"key":"Regen Potion"}],"is_trial":false,"path_per_floor":["M","M","?","M","M","R","E","R","T","M","E","M","E","M","R","B",null,"M","M","?","M","?","E"],"character_chosen":"DEFECT","items_purchased":[],"campfire_rested":1,"item_purchase_floors":[],"current_hp_per_floor":[57,54,33,33,33,33,23,44,44,39,35,31,30,30,30,24,59,51,51,51,41,41,0],"gold":424,"neow_bonus":"BOSS_RELIC","is_prod":false,"is_daily":false,"chose_seed":false,"campfire_upgraded":2,"win_rate":0,"timestamp":1546619956,"path_taken":["M","M","?","M","M","R","E","R","T","M","E","M","E","M","R","BOSS","M","M","?","M","?","E"],"build_version":"2019-01-03v3","purchased_purges":0,"victory":false,"max_hp_per_floor":[71,71,71,71,71,71,71,71,71,71,71,71,71,71,71,71,71,71,71,71,71,71,71],"card_choices":[{"not_picked":["Rebound","Glacier"],"picked":"Ball Lightning","floor":1},{"not_picked":["Undo","Compile Driver"],"picked":"Melter","floor":2},{"not_picked":["Leap","Streamline"],"picked":"Cold Snap","floor":4},{"not_picked":["Beam Cell","Hello World"],"picked":"Defragment","floor":5},{"not_picked":["Turbo","Lockon"],"picked":"Glacier","floor":7},{"not_picked":["Beam Cell","Static Discharge","Hologram"],"picked":"Defragment","floor":10},{"not_picked":["Scrape","Thunder Strike","Go for the Eyes"],"picked":"Coolheaded","floor":11},{"not_picked":["Loop","Steam","Gash"],"picked":"Cold Snap","floor":12},{"not_picked":["Gash","Force Field","Defragment"],"picked":"Reboot","floor":13},{"not_picked":["Steam","Sweeping Beam","Streamline"],"picked":"Ball Lightning","floor":14},{"not_picked":["Creative AI","Multi-Cast","All For One"],"picked":"Biased Cognition","floor":16},{"not_picked":["Redo","Cold Snap","Beam Cell","Streamline+1"],"picked":"SKIP","floor":18},{"not_picked":["Reprogram","Sweeping Beam+1","Hologram","Beam Cell"],"picked":"SKIP","floor":19},{"not_picked":["Barrage+1","Sunder","All For One","Steam+1"],"picked":"SKIP","floor":21}],"player_experience":1520664,"relics_obtained":[{"floor":7,"key":"Question Card"},{"floor":9,"key":"Anchor"},{"floor":11,"key":"Art of War"},{"floor":13,"key":"Bottled Lightning"}],"event_choices":[{"damage_healed":0,"gold_gain":0,"player_choice":"Entered Light","damage_taken":21,"max_hp_gain":0,"max_hp_loss":0,"event_name":"Shining Light","floor":3,"gold_loss":0,"cards_upgraded":["Strike_B","Defend_B"]},{"damage_healed":0,"gold_gain":50,"player_choice":"Stole From Cult","damage_taken":0,"max_hp_gain":0,"max_hp_loss":0,"event_name":"Nest","floor":20,"gold_loss":0},{"damage_healed":0,"gold_gain":0,"player_choice":"Obtained Relic","damage_taken":0,"relics_obtained":["Happy Flower"],"max_hp_gain":0,"max_hp_loss":0,"event_name":"Addict","floor":22,"gold_loss":85}],"is_beta":false,"boss_relics":[{"not_picked":["Ectoplasm","Black Star"],"picked":"Nuclear Battery"}],"items_purged_floors":[],"is_endless":false,"potions_floor_spawned":[1,2,4,5,7,10,11,12,13,14,16,18,19,21],"killed_by":"Gremlin Leader","ascension_level":20}