{"gold_per_floor":[365,382,398,473,398,398,398,424,483,495,521,533,559,28,28,28],"floor_reached":16,"playtime":952,"items_purged":["Strike_G"],"score":200,"play_id":"68fa8cf1-06d2-482f-8ac1-bd1e53fba14b","local_time":"20190407155807","is_ascension_mode":true,"campfire_choices":[{"floor":6.0,"key":"REST"},{"floor":10.0,"key":"REST"},{"floor":15,"key":"REST"}],"neow_cost":"PERCENT_DAMAGE","seed_source_timestamp":330179533478523,"circlet_count":0,"master_deck":["AscendersBane","Defend_G","Defend_G","Defend_G+1","Defend_G","Defend_G","Strike_G","Strike_G","Strike_G+1","Survivor","Neutralize","Backstab","Leg Sweep","Endless Agony","Malaise","Poisoned Stab","Well Laid Plans"],"special_seed":0,"relics":["Ring of the Snake","MawBank","Orichalcum","Ice Cream"],"potions_floor_usage":[16,16],"damage_taken":[{"damage":7.0,"enemies":"Jaw Worm","floor":1.0,"turns":6.0},{"damage":0.0,"enemies":"2 Louse","floor":2.0,"turns":2.0},{"damage":0.0,"enemies":"Small Slimes","floor":3.0,"turns":3.0},{"damage":47.0,"enemies":"Gremlin Nob","floor":8.0,"turns":6.0},{"damage":0.0,"enemies":"Looter","floor":11.0,"turns":4.0},{"damage":0,"enemies":"Exordium Wildlife","floor":13,"turns":3},{"damage":26,"enemies":"Hexaghost","floor":16,"turns":15}],"seed_played":"6202570861490948079","potions_obtained":[{"floor":3.0,"key":"Fire Potion"},{"floor":8.0,"key":"AttackPotion"}],"is_trial":false,"path_per_floor":["M","M","M","?","?","R","?","E","T","R","M","?","M","$","R","B"],"character_chosen":"THE_SILENT","items_purchased":["Ice Cream","Well Laid Plans","Poison Potion"],"campfire_rested":3,"item_purchase_floors":[14,14,14],"current_hp_per_floor":[37,37,37,26,26,45,50,3,3,24,24,3,3,3,24,0],"gold":28,"neow_bonus":"TWO_FIFTY_GOLD","is_prod":false,"is_daily":false,"chose_seed":false,"campfire_upgraded":0,"win_rate":0,"timestamp":1554645487,"path_taken":["M","M","M","?","?","R","?","E","T","R","M","?","M","$","R","BOSS"],"build_version":"2019-01-23","purchased_purges":1,"victory":false,"max_hp_per_floor":[66,66,66,66,66,66,71,71,71,71,71,71,71,71,71,71],"card_choices":[{"not_picked":["Cloak And Dagger","Flying Knee"],"picked":"Backstab","floor":1.0},{"not_picked":["Deadly Poison","Dagger Throw"],"picked":"Leg Sweep","floor":2.0},{"not_picked":["Masterful Stab","Sucker Punch"],"picked":"Endless Agony","floor":3.0},{"not_picked":["Deadly Poison","Terror"],"picked":"Malaise","floor":8.0},{"not_picked":["Flying Knee","Backflip"],"picked":"Poisoned Stab","floor":11.0},{"not_picked":["Flechettes","Underhanded Strike","Acrobatics"],"picked":"SKIP","floor":13}],"player_experience":2428499,"relics_obtained":[{"floor":8.0,"key":"MawBank"},{"floor":9.0,"key":"Orichalcum"}],"event_choices":[{"damage_healed":0.0,"max_hp_gain":0.0,"max_hp_loss":0.0,"gold_gain":75.0,"event_name":"World of Goop","player_choice":"Gather Gold","floor":4.0,"gold_loss":0.0,"damage_taken":11.0},{"cards_removed":["Strike_G"],"damage_healed":0.0,"max_hp_gain":0.0,"max_hp_loss":0.0,"gold_gain":0.0,"event_name":"The Cleric","player_choice":"Card Removal","floor":5.0,"gold_loss":75.0,"damage_taken":0.0},{"damage_healed":0.0,"max_hp_gain":5.0,"max_hp_loss":0.0,"gold_gain":0.0,"event_name":"Big Fish","player_choice":"Donut","floor":7.0,"gold_loss":0.0,"damage_taken":0.0},{"damage_healed":0.0,"max_hp_gain":0.0,"max_hp_loss":0.0,"gold_gain":0.0,"event_name":"Shining Light","player_choice":"Entered Light","floor":12.0,"gold_loss":0.0,"damage_taken":21.0,"cards_upgraded":["Defend_G","Strike_G"]}],"is_beta":false,"boss_relics":[],"items_purged_floors":[14],"is_endless":false,"potions_floor_spawned":[3,8],"killed_by":"Hexaghost","ascension_level":20}