{"gold_per_floor":[114,125,142,160,180,180,215,235,235,270,235,235,253,253,253,253],"floor_reached":16,"playtime":669,"items_purged":[],"score":213,"play_id":"72701c51-85f6-40f5-a85d-5384ee44f177","local_time":"20190428164118","is_ascension_mode":true,"campfire_choices":[{"data":"True Grit","floor":6.0,"key":"SMITH"},{"floor":15,"key":"REST"}],"neow_cost":"NONE","seed_source_timestamp":14924022298411,"circlet_count":0,"master_deck":["AscendersBane","Strike_R","Strike_R","Strike_R","Strike_R","Strike_R","Defend_R","Defend_R","Defend_R","Defend_R","Bash","Wild Strike","Iron Wave","True Grit+1","Metallicize","Anger","Iron Wave","Pommel Strike","Injury","Body Slam","Pain"],"special_seed":0,"relics":["Burning Blood","Blood Vial","Happy Flower","Odd Mushroom","Gremlin Horn","Centennial Puzzle","Golden Idol","WarpedTongs"],"potions_floor_usage":[10],"damage_taken":[{"damage":1.0,"enemies":"Cultist","floor":1.0,"turns":3.0},{"damage":14.0,"enemies":"Jaw Worm","floor":2.0,"turns":5.0},{"damage":4.0,"enemies":"Small Slimes","floor":3.0,"turns":4.0},{"damage":5.0,"enemies":"Looter","floor":4.0,"turns":4.0},{"damage":11.0,"enemies":"Large Slime","floor":5.0,"turns":7.0},{"damage":27.0,"enemies":"Gremlin Nob","floor":7.0,"turns":4.0},{"damage":22.0,"enemies":"The Mushroom Lair","floor":8.0,"turns":4.0},{"damage":37,"enemies":"Lagavulin","floor":10,"turns":8},{"damage":4,"enemies":"Red Slaver","floor":13,"turns":3},{"damage":49,"enemies":"The Guardian","floor":16,"turns":13}],"seed_played":"-540580181458341732","potions_obtained":[{"floor":3.0,"key":"Strength Potion"},{"floor":7.0,"key":"GamblersBrew"},{"floor":8.0,"key":"Swift Potion"}],"is_trial":false,"path_per_floor":["M","M","M","M","M","R","E","?","T","E","?","?","M","?","R","B"],"character_chosen":"IRONCLAD","items_purchased":[],"campfire_rested":1,"item_purchase_floors":[],"current_hp_per_floor":[75,67,71,74,70,70,51,37,37,8,26,26,30,30,52,5],"gold":253,"neow_bonus":"RANDOM_COMMON_RELIC","is_prod":false,"is_daily":false,"chose_seed":false,"campfire_upgraded":1,"win_rate":0,"timestamp":1556494878,"path_taken":["M","M","M","M","?","R","E","?","T","E","?","?","M","?","R","BOSS"],"build_version":"2019-01-23","purchased_purges":0,"victory":false,"max_hp_per_floor":[75,75,75,75,75,75,75,75,75,75,75,75,75,75,75,75],"card_choices":[{"not_picked":["Sever Soul","Clash"],"picked":"Wild Strike","floor":1.0},{"not_picked":["Cleave","Dropkick"],"picked":"Iron Wave","floor":2.0},{"not_picked":["Twin Strike","Havoc"],"picked":"True Grit","floor":3.0},{"not_picked":["Whirlwind","Havoc"],"picked":"Metallicize","floor":4.0},{"not_picked":["Disarm","Thunderclap"],"picked":"Anger","floor":5.0},{"not_picked":["Berserk","Sword Boomerang"],"picked":"Iron Wave","floor":7.0},{"not_picked":["Warcry","Clothesline"],"picked":"Pommel Strike","floor":8.0},{"not_picked":["Bloodletting","Blood for Blood","Hemokinesis"],"picked":"SKIP","floor":10},{"not_picked":["Cleave","Havoc"],"picked":"Body Slam","floor":13}],"player_experience":764322,"relics_obtained":[{"floor":7.0,"key":"Happy Flower"},{"floor":8.0,"key":"Odd Mushroom"},{"floor":9.0,"key":"Gremlin Horn"},{"floor":10,"key":"Centennial Puzzle"}],"event_choices":[{"damage_healed":0.0,"max_hp_gain":0.0,"max_hp_loss":0.0,"gold_gain":0.0,"event_name":"Mushrooms","player_choice":"Fought Mushrooms","floor":8.0,"gold_loss":0.0,"damage_taken":0.0},{"damage_healed":18,"gold_gain":0,"player_choice":"Healed","damage_taken":0,"max_hp_gain":0,"max_hp_loss":0,"event_name":"The Cleric","floor":11,"gold_loss":35},{"damage_healed":0,"gold_gain":0,"player_choice":"Take Wound","damage_taken":0,"relics_obtained":["Golden Idol"],"max_hp_gain":0,"max_hp_loss":0,"event_name":"Golden Idol","floor":12,"gold_loss":0,"cards_obtained":["Injury"]},{"damage_healed":0,"gold_gain":0,"player_choice":"Rummage","damage_taken":0,"relics_obtained":["WarpedTongs"],"max_hp_gain":0,"max_hp_loss":0,"event_name":"Accursed Blacksmith","floor":14,"gold_loss":0,"cards_obtained":["Pain"]}],"is_beta":false,"boss_relics":[],"items_purged_floors":[],"is_endless":false,"potions_floor_spawned":[3,7,8],"killed_by":"The Guardian","ascension_level":18}