{"gold_per_floor":[115,19,35,35,35,35,68,68,68,97,97,97,5,37,37,112,112,130,130,144,69,69,69],"floor_reached":23,"playtime":1402,"items_purged":[],"score":406,"play_id":"dd1bee4b-b633-4302-b8ef-ee6d66332c4d","local_time":"20190415223707","is_ascension_mode":true,"campfire_choices":[{"data":"Bash","floor":6.0,"key":"SMITH"},{"floor":8.0,"key":"REST"},{"floor":12.0,"key":"REST"},{"data":"Exhume","floor":15.0,"key":"SMITH"}],"neow_cost":"NONE","seed_source_timestamp":522767741944700,"circlet_count":0,"master_deck":["AscendersBane","Strike_R","Strike_R","Strike_R","Defend_R","Defend_R","Defend_R","Defend_R","Bash+1","Twin Strike+1","Headbutt+1","PanicButton","Thunderclap","Cleave","Flex+1","Shrug It Off","Exhume+1","Reaper","Thunderclap+1","Shockwave","Spot Weakness"],"special_seed":0,"relics":["Burning Blood","Centennial Puzzle","Orichalcum","Magic Flower","The Courier","Lantern","Cursed Key"],"potions_floor_usage":[18],"damage_taken":[{"damage":7.0,"enemies":"Small Slimes","floor":1.0,"turns":5.0},{"damage":0.0,"enemies":"2 Louse","floor":3.0,"turns":3.0},{"damage":40.0,"enemies":"3 Sentries","floor":7.0,"turns":9.0},{"damage":2.0,"enemies":"Gremlin Nob","floor":10.0,"turns":3.0},{"damage":8.0,"enemies":"3 Sentries","floor":14.0,"turns":6.0},{"damage":32.0,"enemies":"The Guardian","floor":16.0,"turns":15.0},{"damage":41,"enemies":"3 Byrds","floor":18,"turns":5},{"damage":17,"enemies":"Spheric Guardian","floor":20,"turns":4},{"damage":79,"enemies":"Gremlin Leader","floor":23,"turns":6}],"seed_played":"4336458721972503009","potions_obtained":[{"floor":10.0,"key":"BloodPotion"},{"floor":14.0,"key":"Explosive Potion"},{"floor":16.0,"key":"FearPotion"}],"is_trial":false,"path_per_floor":["M","$","M","?","?","R","E","R","T","E","?","R","$","E","R","B",null,"M","?","M","?","?","E"],"character_chosen":"IRONCLAD","items_purchased":["PanicButton","AttackPotion","Shrug It Off"],"campfire_rested":2,"item_purchase_floors":[2,13,13],"current_hp_per_floor":[67,67,73,66,43,43,9,31,31,35,9,31,31,43,43,20,61,55,55,53,53,53,0],"gold":69,"neow_bonus":"THREE_CARDS","is_prod":false,"is_daily":false,"chose_seed":false,"campfire_upgraded":2,"win_rate":0,"timestamp":1555360627,"path_taken":["M","$","M","?","?","R","E","R","T","E","?","R","$","E","R","BOSS","M","?","?","?","?","E"],"build_version":"2019-01-23","purchased_purges":0,"victory":false,"max_hp_per_floor":[75,75,75,75,75,75,75,75,75,75,75,75,75,75,75,75,75,75,75,75,75,75,75],"card_choices":[{"not_picked":["Heavy Blade","Dropkick"],"picked":"Twin Strike","floor":0.0},{"not_picked":["Shrug It Off","Clash"],"picked":"Headbutt","floor":1.0},{"not_picked":["Feel No Pain","Armaments"],"picked":"Thunderclap","floor":3.0},{"not_picked":["Fire Breathing","Dual Wield"],"picked":"Cleave","floor":7.0},{"not_picked":["Perfected Strike","Entrench"],"picked":"Flex","floor":10.0},{"not_picked":["Seeing Red","Reckless Charge"],"picked":"Exhume","floor":14.0},{"not_picked":["Barricade","Fiend Fire"],"picked":"Reaper","floor":16.0},{"not_picked":["Rampage","Sword Boomerang"],"picked":"Thunderclap+1","floor":18},{"not_picked":["Pommel Strike","Ghostly Armor"],"picked":"Shockwave","floor":20}],"player_experience":2500143,"relics_obtained":[{"floor":7.0,"key":"Centennial Puzzle"},{"floor":9.0,"key":"Orichalcum"},{"floor":10.0,"key":"Magic Flower"},{"floor":14.0,"key":"Lantern"}],"event_choices":[{"cards_removed":["Strike_R"],"damage_healed":0.0,"max_hp_gain":0.0,"max_hp_loss":0.0,"gold_gain":0.0,"event_name":"Golden Wing","player_choice":"Card Removal","floor":4.0,"gold_loss":0.0,"damage_taken":7.0},{"damage_healed":0.0,"max_hp_gain":0.0,"max_hp_loss":0.0,"gold_gain":0.0,"event_name":"Shining Light","player_choice":"Entered Light","floor":5.0,"gold_loss":0.0,"damage_taken":23.0,"cards_upgraded":["Headbutt","Twin Strike"]},{"damage_healed":0.0,"max_hp_gain":0.0,"max_hp_loss":0.0,"gold_gain":0.0,"event_name":"Scrap Ooze","player_choice":"Success","floor":11.0,"gold_loss":0.0,"damage_taken":26.0,"relics_obtained":["The Courier"]},{"damage_healed":0,"gold_gain":0,"player_choice":"Upgraded","damage_taken":0,"max_hp_gain":0,"max_hp_loss":0,"event_name":"Upgrade Shrine","floor":19,"gold_loss":0,"cards_upgraded":["Flex"]},{"cards_removed":["Strike_R"],"damage_healed":0,"gold_gain":0,"player_choice":"Gave Gold","damage_taken":0,"max_hp_gain":0,"max_hp_loss":0,"event_name":"Beggar","floor":21,"gold_loss":75},{"damage_healed":0,"gold_gain":0,"player_choice":"Read","damage_taken":0,"max_hp_gain":0,"max_hp_loss":0,"event_name":"The Library","floor":22,"gold_loss":0,"cards_obtained":["Spot Weakness"]}],"is_beta":false,"boss_relics":[{"not_picked":["Calling Bell","Fusion Hammer"],"picked":"Cursed Key"}],"items_purged_floors":[],"is_endless":false,"potions_floor_spawned":[10,14,16],"killed_by":"Gremlin Leader","ascension_level":20}