{"gold_per_floor":[109,184,184,200,200,258,258,287,314,314,328,328,359,372,372,443,443,458,47,64,64,64,64,98,118,142,142,159,159],"floor_reached":29,"playtime":1514,"items_purged":["Strike_B"],"score":522,"play_id":"7660fdfc-ec6a-4f5d-92cf-a6fd4786974d","local_time":"20190418095417","is_ascension_mode":true,"campfire_choices":[{"floor":7,"key":"REST"},{"floor":10,"key":"REST"},{"data":"Reinforced Body","floor":12,"key":"SMITH"},{"data":"Self Repair","floor":15,"key":"SMITH"},{"data":"Buffer","floor":23,"key":"SMITH"},{"floor":27,"key":"DIG"}],"neow_cost":"NONE","seed_source_timestamp":736342446060004,"circlet_count":0,"master_deck":["AscendersBane","Strike_B","Strike_B","Strike_B","Defend_B","Defend_B","Defend_B+1","Defend_B","Zap+1","Dualcast+1","Ball Lightning","Reinforced Body+1","Self Repair+1","Compile Driver","Chill","Buffer+1","Barrage+1","Self Repair+1","Ball Lightning","White Noise+1","Biased Cognition"],"relics":["Cracked Core","Oddly Smooth Stone","Tiny Chest","Gremlin Horn","Vajra","Bottled Tornado","Runic Dome","Happy Flower","War Paint","Shovel","Bag of Preparation"],"potions_floor_usage":[8,13,16,24,24,29],"damage_taken":[{"damage":10,"enemies":"Small Slimes","floor":1,"turns":4},{"damage":0,"enemies":"2 Louse","floor":4,"turns":2},{"damage":35,"enemies":"Gremlin Nob","floor":6,"turns":4},{"damage":22,"enemies":"3 Sentries","floor":8,"turns":7},{"damage":0,"enemies":"Jaw Worm","floor":11,"turns":3},{"damage":8,"enemies":"Lagavulin","floor":13,"turns":7},{"damage":5,"enemies":"Exordium Thugs","floor":14,"turns":3},{"damage":30,"enemies":"Slime Boss","floor":16,"turns":8},{"damage":14,"enemies":"2 Thieves","floor":18,"turns":4},{"damage":1,"enemies":"3 Byrds","floor":20,"turns":5},{"damage":42,"enemies":"Book of Stabbing","floor":24,"turns":6},{"damage":14,"enemies":"Centurion and Healer","floor":25,"turns":6},{"damage":0,"enemies":"Sentry and Sphere","floor":28,"turns":4},{"damage":83,"enemies":"Slavers","floor":29,"turns":4}],"seed_played":"-8216137343389685766","potions_obtained":[{"floor":4,"key":"SkillPotion"},{"floor":11,"key":"GamblersBrew"},{"floor":14,"key":"AttackPotion"},{"floor":16,"key":"Block Potion"},{"floor":18,"key":"SkillPotion"},{"floor":24,"key":"Swift Potion"}],"is_trial":false,"path_per_floor":["M","?","?","M","?","E","R","E","T","R","M","R","E","M","R","B",null,"M","$","M","?","$","R","E","M","T","R","M","E"],"character_chosen":"DEFECT","items_purchased":["Happy Flower","War Paint"],"campfire_rested":2,"item_purchase_floors":[19,19],"current_hp_per_floor":[54,43,48,48,48,13,35,13,13,35,42,42,41,43,43,23,63,59,59,68,68,68,68,46,52,52,52,72,0],"gold":159,"neow_bonus":"RANDOM_COMMON_RELIC","is_prod":false,"is_daily":false,"chose_seed":false,"campfire_upgraded":3,"win_rate":0,"timestamp":1555574057,"path_taken":["M","?","?","M","?","E","R","E","T","R","M","R","E","?","R","BOSS","M","?","M","?","$","R","E","M","T","R","M","E"],"build_version":"2019-01-23","purchased_purges":1,"victory":false,"max_hp_per_floor":[71,71,76,76,76,76,76,76,76,76,76,76,76,76,76,76,76,76,76,76,76,76,76,76,76,76,76,76,76],"card_choices":[{"not_picked":["Go for the Eyes","Beam Cell"],"picked":"Ball Lightning","floor":1},{"not_picked":["Steam Power","Sweeping Beam"],"picked":"Reinforced Body","floor":4},{"not_picked":["Leap","Blizzard","Barrage"],"picked":"SKIP","floor":6},{"not_picked":["Lockon","Gash"],"picked":"Self Repair","floor":8},{"not_picked":["Hologram","Barrage"],"picked":"Compile Driver","floor":11},{"not_picked":["Blizzard","Turbo"],"picked":"Chill","floor":13},{"not_picked":["Barrage","Aggregate","Hologram"],"picked":"SKIP","floor":14},{"not_picked":["Machine Learning","Reboot"],"picked":"Buffer","floor":16},{"not_picked":["Force Field","Cold Snap"],"picked":"Barrage+1","floor":18},{"not_picked":["Gash","Go for the Eyes+1"],"picked":"Self Repair+1","floor":20},{"not_picked":["Force Field","Gash"],"picked":"Ball Lightning","floor":24},{"not_picked":["Compile Driver","Force Field+1"],"picked":"White Noise+1","floor":25},{"not_picked":["Cold Snap","Leap+1"],"picked":"Biased Cognition","floor":28}],"player_experience":2505612,"relics_obtained":[{"floor":6,"key":"Tiny Chest"},{"floor":8,"key":"Gremlin Horn"},{"floor":9,"key":"Vajra"},{"floor":13,"key":"Bottled Tornado"},{"floor":24,"key":"Shovel"},{"floor":27,"key":"Bag of Preparation"}],"event_choices":[{"damage_healed":0,"gold_gain":75,"player_choice":"Gather Gold","damage_taken":11,"max_hp_gain":0,"max_hp_loss":0,"event_name":"World of Goop","floor":2,"gold_loss":0},{"damage_healed":0,"gold_gain":0,"player_choice":"Donut","damage_taken":0,"max_hp_gain":5,"max_hp_loss":0,"event_name":"Big Fish","floor":3,"gold_loss":0},{"damage_healed":0,"gold_gain":0,"player_choice":"Grow","damage_taken":0,"max_hp_gain":0,"max_hp_loss":0,"event_name":"Living Wall","floor":5,"gold_loss":0,"cards_upgraded":["Zap"]},{"damage_healed":0,"gold_gain":0,"player_choice":"Ignored","damage_taken":0,"max_hp_gain":0,"max_hp_loss":0,"event_name":"Beggar","floor":21,"gold_loss":0}],"is_beta":false,"boss_relics":[{"not_picked":["FrozenCore","Ectoplasm"],"picked":"Runic Dome"}],"items_purged_floors":[19],"is_endless":false,"potions_floor_spawned":[4,11,14,16,18,24],"killed_by":"Slavers","ascension_level":20}