{"gold_per_floor":[110,21,21,21,32,59,89,119,119,119,139,170,181,208,208,284,284,294,304,304,504,30,30,64,75,102,130,230,230,155,173,173,173],"floor_reached":33,"playtime":7199,"items_purged":["Strike_R"],"score":722,"play_id":"f1703452-b9da-4283-9d89-ed4d4cb015f2","local_time":"20190219001227","is_ascension_mode":true,"campfire_choices":[{"data":"Shockwave","floor":15,"key":"SMITH"},{"data":"True Grit","floor":23,"key":"SMITH"},{"data":"Heavy Blade","floor":29,"key":"SMITH"},{"data":"Limit Break","floor":32,"key":"SMITH"}],"neow_cost":"NONE","seed_source_timestamp":335072796488487,"circlet_count":0,"master_deck":["AscendersBane","Strike_R","Strike_R","Defend_R","Defend_R","Defend_R","Defend_R","Bash","Corruption","Carnage","Corruption","Flex","Disarm","Limit Break+1","Anger","Shockwave+1","Cleave","Heavy Blade+1","Exhume","Battle Trance","Pommel Strike","True Grit+1","Burning Pact","Shrug It Off","Spot Weakness"],"relics":["Burning Blood","NeowsBlessing","Magic Flower","Tiny Chest","Darkstone Periapt","Meat on the Bone","Bag of Marbles","Happy Flower","Pen Nib","Coffee Dripper","Singing Bowl","Vajra","Orichalcum","Anchor","Dodecahedron","Peace Pipe"],"potions_floor_usage":[8,12,16,24,27,33],"damage_taken":[{"damage":0,"enemies":"Small Slimes","floor":1,"turns":1},{"damage":0,"enemies":"Cultist","floor":5,"turns":1},{"damage":0,"enemies":"3 Sentries","floor":6,"turns":2},{"damage":40,"enemies":"Lagavulin","floor":8,"turns":7},{"damage":8,"enemies":"2 Louse","floor":11,"turns":3},{"damage":42,"enemies":"Gremlin Nob","floor":12,"turns":5},{"damage":13,"enemies":"Blue Slaver","floor":13,"turns":2},{"damage":9,"enemies":"3 Sentries","floor":14,"turns":6},{"damage":30,"enemies":"Hexaghost","floor":16,"turns":7},{"damage":55,"enemies":"3 Byrds","floor":18,"turns":5},{"damage":13,"enemies":"2 Thieves","floor":19,"turns":4},{"damage":26,"enemies":"Book of Stabbing","floor":24,"turns":4},{"damage":34,"enemies":"Shelled Parasite and Fungi","floor":25,"turns":5},{"damage":16,"enemies":"Slavers","floor":27,"turns":5},{"damage":28,"enemies":"Colosseum Slavers","floor":28,"turns":8},{"damage":14,"enemies":"Colosseum Nobs","floor":28,"turns":4},{"damage":35,"enemies":"Chosen and Byrds","floor":31,"turns":7},{"damage":100,"enemies":"Automaton","floor":33,"turns":8}],"seed_played":"52005912265251063","potions_obtained":[{"floor":1,"key":"Weak Potion"},{"floor":5,"key":"Weak Potion"},{"floor":13,"key":"FairyPotion"},{"floor":14,"key":"SteroidPotion"},{"floor":18,"key":"SteroidPotion"},{"floor":25,"key":"PowerPotion"},{"floor":28,"key":"Ancient Potion"}],"is_trial":false,"path_per_floor":["M","$","?","$","M","E","?","E","T","T","M","E","M","E","R","B",null,"M","M","?","?","$","R","E","M","T","E","?","R","?","M","R","B"],"character_chosen":"IRONCLAD","items_purchased":["Carnage","Singing Bowl","Pommel Strike","True Grit"],"campfire_rested":0,"item_purchase_floors":[2,22,22,22],"current_hp_per_floor":[74,74,74,74,75,75,75,44,44,44,63,48,62,62,62,59,71,43,57,57,57,57,57,60,53,53,66,60,60,60,52,52,0],"gold":173,"neow_bonus":"THREE_ENEMY_KILL","is_prod":false,"is_daily":false,"chose_seed":false,"campfire_upgraded":4,"win_rate":0,"timestamp":1550531547,"path_taken":["M","$","?","$","?","E","?","E","T","?","M","E","?","E","R","BOSS","M","M","?","?","$","R","E","?","T","E","?","R","?","M","R","BOSS"],"build_version":"2019-01-23","purchased_purges":1,"victory":false,"max_hp_per_floor":[75,75,75,75,75,75,75,75,75,75,75,75,75,75,75,75,75,75,75,75,75,75,75,77,77,77,79,79,79,79,79,79,79],"card_choices":[{"not_picked":["Rampage","Armaments"],"picked":"Corruption","floor":1},{"not_picked":["Body Slam","Warcry"],"picked":"Flex","floor":5},{"not_picked":["Havoc","Dual Wield"],"picked":"Disarm","floor":6},{"not_picked":["Wild Strike","Clothesline"],"picked":"Limit Break","floor":8},{"not_picked":["Sword Boomerang","Bloodletting"],"picked":"Anger","floor":11},{"not_picked":["Sentinel","Searing Blow"],"picked":"Shockwave","floor":12},{"not_picked":["Wild Strike","Flex"],"picked":"Cleave","floor":13},{"not_picked":["Carnage","Iron Wave"],"picked":"Heavy Blade","floor":14},{"not_picked":["Limit Break","Berserk"],"picked":"Exhume","floor":16},{"not_picked":["Warcry","Headbutt","Cleave"],"picked":"SKIP","floor":18},{"not_picked":["Searing Blow","Uppercut"],"picked":"Battle Trance","floor":19},{"not_picked":["Bludgeon","Infernal Blade","Havoc"],"picked":"Singing Bowl","floor":24},{"not_picked":["Bloodletting","Dropkick"],"picked":"Burning Pact","floor":25},{"not_picked":["Headbutt","Fire Breathing+1","Clothesline"],"picked":"Singing Bowl","floor":27},{"not_picked":["Sword Boomerang","Clash"],"picked":"Shrug It Off","floor":28},{"not_picked":["Metallicize","Flex"],"picked":"Spot Weakness","floor":31}],"player_experience":1727850,"relics_obtained":[{"floor":6,"key":"Magic Flower"},{"floor":8,"key":"Darkstone Periapt"},{"floor":9,"key":"Meat on the Bone"},{"floor":10,"key":"Bag of Marbles"},{"floor":12,"key":"Happy Flower"},{"floor":14,"key":"Pen Nib"},{"floor":24,"key":"Vajra"},{"floor":26,"key":"Orichalcum"},{"floor":27,"key":"Anchor"},{"floor":28,"key":"Dodecahedron"},{"floor":28,"key":"Peace Pipe"}],"event_choices":[{"damage_healed":0,"gold_gain":0,"cards_transformed":["Strike_R"],"player_choice":"Transformed","damage_taken":0,"max_hp_gain":0,"max_hp_loss":0,"event_name":"Transmorgrifier","floor":3,"gold_loss":0,"cards_obtained":["Corruption"]},{"damage_healed":0,"gold_gain":0,"player_choice":"Searched \u00271\u0027 times","damage_taken":0,"relics_obtained":["Tiny Chest"],"max_hp_gain":0,"max_hp_loss":0,"event_name":"Dead Adventurer","floor":7,"gold_loss":0},{"damage_healed":0,"gold_gain":0,"player_choice":"Ignored","damage_taken":0,"max_hp_gain":0,"max_hp_loss":0,"event_name":"Vampires","floor":20,"gold_loss":0},{"damage_healed":0,"gold_gain":200,"player_choice":"Gold","damage_taken":0,"max_hp_gain":0,"max_hp_loss":0,"event_name":"Wheel of Change","floor":21,"gold_loss":0},{"damage_healed":0,"gold_gain":0,"player_choice":"Fight","damage_taken":0,"max_hp_gain":0,"max_hp_loss":0,"event_name":"Colosseum","floor":28,"gold_loss":0},{"damage_healed":0,"gold_gain":0,"player_choice":"Fought Nobs","damage_taken":0,"max_hp_gain":0,"max_hp_loss":0,"event_name":"Colosseum","floor":28,"gold_loss":0},{"cards_removed":["Strike_R"],"damage_healed":0,"gold_gain":0,"player_choice":"Gave Gold","damage_taken":0,"max_hp_gain":0,"max_hp_loss":0,"event_name":"Beggar","floor":30,"gold_loss":75}],"is_beta":false,"boss_relics":[{"not_picked":["Snecko Eye","Tiny House"],"picked":"Coffee Dripper"}],"items_purged_floors":[22],"is_endless":false,"potions_floor_spawned":[1,5,13,14,18,25,28],"killed_by":"Automaton","ascension_level":20}