{"gold_per_floor":[116,191,87,105,118,118,118,151,151,161,183,25,25,51,63,152,164,196,208,247,275,297,309,334,271,283,295,340,369,381,68,68,147,147,159,1158,1380,893,893,893,910,910,910,910,921,424,437,462,462,462],"floor_reached":50,"playtime":3373,"items_purged":["Decay","Parasite","Normality","Normality"],"score":967,"play_id":"1e6f03db-a8d3-48e9-b55b-1a6850504f36","local_time":"20190320214005","is_ascension_mode":true,"campfire_choices":[{"floor":6.0,"key":"REST"},{"data":"Sunder","floor":13.0,"key":"SMITH"},{"floor":15.0,"key":"REST"},{"floor":23.0,"key":"REST"},{"floor":27.0,"key":"REST"},{"data":"Zap","floor":30.0,"key":"SMITH"},{"data":"Beam Cell","floor":32.0,"key":"SMITH"},{"data":"Dualcast","floor":40.0,"key":"SMITH"},{"floor":42.0,"key":"REST"},{"floor":49.0,"key":"RECALL"}],"neow_cost":"NONE","seed_source_timestamp":434782598923464,"circlet_count":0,"master_deck":["AscendersBane","Strike_B","Strike_B","Strike_B","Defend_B","Defend_B","Defend_B","Defend_B","Zap+1","Dualcast+1","Cold Snap","Ball Lightning","Melter","Sunder+1","Ball Lightning","Leap","FTL","Echo Form","Hologram","RitualDagger","Beam Cell+1","Leap","Skim","Ball Lightning","Buffer","Turbo+1","Loop","Decay","Coolheaded","Tempest+1"],"special_seed":0,"relics":["Calling Bell","Ancient Tea Set","Ornamental Fan","Pocketwatch","Mercury Hourglass","Art of War","Odd Mushroom","MawBank","Sozu","Bag of Preparation","Red Mask","Pantograph","Eternal Feather","Bottled Flame","Calipers","Du-Vu Doll","Boot"],"potions_floor_usage":[],"damage_taken":[{"damage":9.0,"enemies":"Cultist","floor":1.0,"turns":4.0},{"damage":2.0,"enemies":"2 Louse","floor":4.0,"turns":2.0},{"damage":15.0,"enemies":"Small Slimes","floor":5.0,"turns":3.0},{"damage":6.0,"enemies":"3 Sentries","floor":8.0,"turns":6.0},{"damage":0.0,"enemies":"Exordium Wildlife","floor":10.0,"turns":1.0},{"damage":5.0,"enemies":"The Mushroom Lair","floor":11.0,"turns":4.0},{"damage":24.0,"enemies":"Gremlin Nob","floor":14.0,"turns":4.0},{"damage":12.0,"enemies":"The Guardian","floor":16.0,"turns":12.0},{"damage":18.0,"enemies":"2 Thieves","floor":18.0,"turns":4.0},{"damage":20.0,"enemies":"Shell Parasite","floor":21.0,"turns":8.0},{"damage":8.0,"enemies":"Snake Plant","floor":22.0,"turns":4.0},{"damage":0.0,"enemies":"Sentry and Sphere","floor":24.0,"turns":2.0},{"damage":0.0,"enemies":"Masked Bandits","floor":28.0,"turns":3.0},{"damage":3.0,"enemies":"Chosen and Byrds","floor":29.0,"turns":5.0},{"damage":56.0,"enemies":"Champ","floor":33.0,"turns":11.0},{"damage":3.0,"enemies":"Orb Walker","floor":35.0,"turns":4.0},{"damage":56.0,"enemies":"3 Darklings","floor":41.0,"turns":7.0},{"damage":3.0,"enemies":"Sphere and 2 Shapes","floor":45.0,"turns":5.0},{"damage":38.0,"enemies":"Writhing Mass","floor":47.0,"turns":8.0},{"damage":54,"enemies":"Time Eater","floor":50,"turns":4}],"seed_played":"115742389305275791","potions_obtained":[{"floor":5.0,"key":"Strength Potion"},{"floor":8.0,"key":"SkillPotion"},{"floor":16.0,"key":"Dexterity Potion"}],"is_trial":false,"path_per_floor":["M","?","$","M","M","R","?","E","T","M","?","$","R","E","R","B",null,"M","?","T","M","M","R","M","?","T","R","?","M","R","$","R","B",null,"M","?","?","$","?","R","M","R","T","?","M","$","M","T","R","B"],"character_chosen":"DEFECT","items_purchased":["Ball Lightning","Leap","Pantograph","Loop","Bottled Flame","Loop","Du-Vu Doll"],"campfire_rested":5,"item_purchase_floors":[3,12,31,31,38,38,46],"current_hp_per_floor":[55,44,44,42,27,48,48,42,42,42,37,37,37,13,33,21,56,38,32,32,12,4,24,24,24,24,44,44,41,41,41,41,10,54,51,51,51,51,51,68,12,50,50,50,47,47,9,9,27,0],"gold":462,"neow_bonus":"BOSS_RELIC","is_prod":false,"is_daily":false,"chose_seed":false,"campfire_upgraded":4,"win_rate":0,"timestamp":1553114405,"path_taken":["M","?","$","M","M","R","?","E","T","M","?","$","R","E","R","BOSS","M","?","?","?","M","R","?","?","T","R","?","M","R","$","R","BOSS","M","?","?","$","?","R","?","R","T","?","M","?","M","?","R","BOSS"],"build_version":"2019-01-23","purchased_purges":4,"victory":false,"max_hp_per_floor":[71,71,71,71,71,71,71,71,71,71,71,68,68,68,68,68,68,68,68,68,68,68,68,68,68,68,68,68,68,68,68,68,68,68,68,68,68,68,68,68,68,68,68,68,68,68,68,68,68,68],"card_choices":[{"not_picked":["Coolheaded","Force Field"],"picked":"Cold Snap","floor":1.0},{"not_picked":["Fusion","Leap"],"picked":"Melter","floor":4.0},{"not_picked":["Recycle","Redo"],"picked":"Sunder","floor":5.0},{"not_picked":["Go for the Eyes","Rebound","Barrage"],"picked":"SKIP","floor":8.0},{"not_picked":["Streamline","Compile Driver","Gash"],"picked":"SKIP","floor":10.0},{"not_picked":["Tempest","Streamline"],"picked":"Ball Lightning","floor":11.0},{"not_picked":["Heatsinks","Fusion"],"picked":"FTL","floor":14.0},{"not_picked":["Buffer","Biased Cognition"],"picked":"Echo Form","floor":16.0},{"not_picked":["Leap","Consume"],"picked":"Hologram","floor":18.0},{"not_picked":["Doom and Gloom","Leap"],"picked":"Beam Cell","floor":21.0},{"not_picked":["Rainbow","Static Discharge"],"picked":"Leap","floor":22.0},{"not_picked":["Turbo","White Noise"],"picked":"Skim","floor":24.0},{"not_picked":["Go for the Eyes","Beam Cell"],"picked":"Ball Lightning","floor":29.0},{"not_picked":["Rainbow","Echo Form"],"picked":"Buffer","floor":33.0},{"not_picked":["Streamline+1","Steam"],"picked":"Turbo+1","floor":35.0},{"not_picked":["Redo","Lockon","Blizzard"],"picked":"SKIP","floor":41.0},{"not_picked":["Streamline","Cold Snap+1"],"picked":"Coolheaded","floor":45.0},{"not_picked":["Conserve Battery","Coolheaded"],"picked":"Tempest+1","floor":47.0}],"player_experience":2155101,"relics_obtained":[{"floor":0.0,"key":"Ancient Tea Set"},{"floor":0.0,"key":"Ornamental Fan"},{"floor":0.0,"key":"Pocketwatch"},{"floor":8.0,"key":"Mercury Hourglass"},{"floor":9.0,"key":"Art of War"},{"floor":11.0,"key":"Odd Mushroom"},{"floor":14.0,"key":"MawBank"},{"floor":20.0,"key":"Bag of Preparation"},{"floor":28.0,"key":"Red Mask"},{"floor":43.0,"key":"Calipers"},{"floor":48.0,"key":"Boot"}],"event_choices":[{"damage_healed":0.0,"max_hp_gain":0.0,"max_hp_loss":0.0,"gold_gain":75.0,"event_name":"World of Goop","player_choice":"Gather Gold","floor":2.0,"gold_loss":0.0,"damage_taken":11.0},{"cards_removed":["Normality"],"damage_healed":0.0,"max_hp_gain":0.0,"max_hp_loss":0.0,"gold_gain":0.0,"event_name":"Living Wall","player_choice":"Forget","floor":7.0,"gold_loss":0.0,"damage_taken":0.0},{"damage_healed":0.0,"max_hp_gain":0.0,"max_hp_loss":0.0,"gold_gain":0.0,"event_name":"Mushrooms","player_choice":"Fought Mushrooms","floor":11.0,"gold_loss":0.0,"damage_taken":0.0},{"damage_healed":0.0,"max_hp_gain":0.0,"max_hp_loss":0.0,"gold_gain":0.0,"event_name":"Nest","player_choice":"Joined the Cult","floor":19.0,"gold_loss":0.0,"damage_taken":6.0,"cards_obtained":["RitualDagger"]},{"cards_removed":["Strike_B"],"damage_healed":0.0,"max_hp_gain":0.0,"max_hp_loss":0.0,"gold_gain":0.0,"event_name":"Beggar","player_choice":"Gave Gold","floor":25.0,"gold_loss":75.0,"damage_taken":0.0},{"damage_healed":0.0,"max_hp_gain":0.0,"max_hp_loss":0.0,"gold_gain":0.0,"event_name":"Masked Bandits","player_choice":"Fought Bandits","floor":28.0,"gold_loss":0.0,"damage_taken":0.0},{"damage_healed":0.0,"max_hp_gain":0.0,"max_hp_loss":0.0,"gold_gain":999.0,"event_name":"MindBloom","player_choice":"Gold","floor":36.0,"gold_loss":0.0,"damage_taken":0.0,"cards_obtained":["Normality","Normality"]},{"damage_healed":0.0,"max_hp_gain":0.0,"max_hp_loss":0.0,"gold_gain":222.0,"event_name":"Tomb of Lord Red Mask","player_choice":"Wore Mask","floor":37.0,"gold_loss":0.0,"damage_taken":0.0},{"damage_healed":0.0,"max_hp_gain":0.0,"max_hp_loss":0.0,"gold_gain":0.0,"event_name":"Wheel of Change","player_choice":"Cursed","floor":39.0,"gold_loss":0.0,"damage_taken":0.0,"cards_obtained":["Decay"]},{"cards_removed":["Loop"],"damage_healed":0.0,"max_hp_gain":0.0,"max_hp_loss":0.0,"gold_gain":0.0,"event_name":"Falling","player_choice":"Removed Power","floor":44.0,"gold_loss":0.0,"damage_taken":0.0}],"is_beta":false,"boss_relics":[{"not_picked":["Cursed Key","Fusion Hammer"],"picked":"Sozu"},{"not_picked":["Philosopher\u0027s Stone","Velvet Choker"],"picked":"Eternal Feather"}],"items_purged_floors":[3,12,38,46],"is_endless":false,"potions_floor_spawned":[5,8,16,18,21,22,47],"killed_by":"Time Eater","ascension_level":20}