{"gold_per_floor":[159,109,284,284,299,299,311,345,426,440,440,440,440,465,465,564,564,584,544,525,525],"floor_reached":21,"playtime":1118,"items_purged":[],"score":206,"play_id":"6b97237b-0282-48f0-b0f8-118649feec9e","local_time":"20190524214410","is_ascension_mode":true,"campfire_choices":[{"data":"Caltrops","floor":6,"key":"SMITH"},{"data":"Caltrops","floor":13,"key":"SMITH"},{"floor":15,"key":"REST"}],"neow_cost":"NONE","seed_source_timestamp":701792234271256,"circlet_count":0,"master_deck":["Defend_G+1","Defend_G","Defend_G","Defend_G","Strike_G","Strike_G","Strike_G+1","Strike_G","Survivor","Neutralize","All Out Attack","Deflect","Doubt","Caltrops+1","Tactician","Caltrops+1","Cloak And Dagger","Glass Knife","Night Terror","Flying Knee+1","Flying Knee","Choke","Die Die Die","Blur+1"],"relics":["Tiny House","Bag of Preparation","Sundial","Orrery"],"potions_floor_usage":[7,8,8,10,18,18,21],"damage_taken":[{"damage":0,"enemies":"Cultist","floor":1,"turns":4},{"damage":0,"enemies":"2 Louse","floor":5,"turns":3},{"damage":0,"enemies":"Small Slimes","floor":7,"turns":3},{"damage":22,"enemies":"Gremlin Nob","floor":8,"turns":6},{"damage":17,"enemies":"Gremlin Gang","floor":10,"turns":2},{"damage":23,"enemies":"3 Sentries","floor":14,"turns":7},{"damage":39,"enemies":"The Guardian","floor":16,"turns":11},{"damage":14,"enemies":"Shell Parasite","floor":18,"turns":3},{"damage":23,"enemies":"2 Thieves","floor":20,"turns":4},{"damage":51,"enemies":"Chosen and Byrds","floor":21,"turns":6}],"seed_played":"-1741584985487321132","potions_obtained":[{"floor":0,"key":"PowerPotion"},{"floor":4,"key":"AttackPotion"},{"floor":4,"key":"PowerPotion"},{"floor":7,"key":"GhostInAJar"},{"floor":8,"key":"FearPotion"},{"floor":16,"key":"Energy Potion"},{"floor":20,"key":"Poison Potion"}],"is_trial":false,"path_per_floor":["M","?","?","?","M","R","M","E","T","M","?","?","R","E","R","B",null,"M","?","M","M"],"character_chosen":"THE_SILENT","items_purchased":[],"campfire_rested":1,"item_purchase_floors":[],"current_hp_per_floor":[75,75,75,75,75,75,75,53,53,36,29,54,54,31,53,14,75,61,61,38,0],"gold":525,"neow_bonus":"BOSS_RELIC","is_prod":false,"is_daily":false,"chose_seed":false,"campfire_upgraded":2,"win_rate":0,"timestamp":1558748650,"path_taken":["M","?","?","?","M","R","M","E","T","?","?","?","R","E","R","BOSS","M","?","?","M"],"build_version":"2019-01-23","purchased_purges":0,"victory":false,"max_hp_per_floor":[75,75,75,75,75,75,75,75,75,75,75,75,75,75,75,75,75,75,75,75,75],"card_choices":[{"not_picked":["Bane","Prepared"],"picked":"All Out Attack","floor":0},{"not_picked":["Acrobatics","Terror"],"picked":"Deflect","floor":1},{"not_picked":["Cloak And Dagger","Distraction"],"picked":"Caltrops","floor":5},{"not_picked":["A Thousand Cuts","Blade Dance"],"picked":"Tactician","floor":7},{"not_picked":["Leg Sweep","Outmaneuver"],"picked":"Caltrops","floor":8},{"not_picked":["Flying Knee","Unload"],"picked":"Cloak And Dagger","floor":10},{"not_picked":["Heel Hook","Prepared"],"picked":"Glass Knife","floor":14},{"not_picked":["Tools of the Trade","Doppelganger"],"picked":"Night Terror","floor":16},{"not_picked":["Bane","Calculated Gamble"],"picked":"Flying Knee","floor":17},{"not_picked":["Infinite Blades","Deflect"],"picked":"Flying Knee","floor":17},{"not_picked":["Bouncing Flask","Dagger Throw"],"picked":"Choke","floor":17},{"not_picked":["Deflect","Infinite Blades+1"],"picked":"Die Die Die","floor":18},{"not_picked":["PiercingWail","Bane"],"picked":"Blur+1","floor":20}],"player_experience":308253,"relics_obtained":[{"floor":8,"key":"Bag of Preparation"},{"floor":14,"key":"Sundial"}],"event_choices":[{"cards_removed":["Strike_G"],"damage_healed":0,"gold_gain":0,"player_choice":"Card Removal","damage_taken":0,"max_hp_gain":0,"max_hp_loss":0,"event_name":"The Cleric","floor":2,"gold_loss":50},{"damage_healed":0,"gold_gain":175,"player_choice":"AGREE","damage_taken":0,"max_hp_gain":0,"max_hp_loss":0,"event_name":"Liars Game","floor":3,"gold_loss":0,"cards_obtained":["Doubt"]},{"damage_healed":0,"gold_gain":0,"player_choice":"Got Potions","damage_taken":0,"max_hp_gain":0,"max_hp_loss":0,"event_name":"Lab","floor":4,"gold_loss":0},{"cards_removed":["Defend_G"],"damage_healed":0,"gold_gain":0,"player_choice":"Card Removal","damage_taken":7,"max_hp_gain":0,"max_hp_loss":0,"event_name":"Golden Wing","floor":11,"gold_loss":0},{"damage_healed":25,"gold_gain":0,"player_choice":"Banana","damage_taken":0,"max_hp_gain":0,"max_hp_loss":0,"event_name":"Big Fish","floor":12,"gold_loss":0},{"damage_healed":0,"gold_gain":0,"player_choice":"Upgraded Two","damage_taken":0,"max_hp_gain":0,"max_hp_loss":0,"event_name":"Designer","floor":19,"gold_loss":40,"cards_upgraded":["Defend_G","Flying Knee"]}],"is_beta":false,"boss_relics":[{"not_picked":["Busted Crown","Eternal Feather"],"picked":"Orrery"}],"items_purged_floors":[],"is_endless":false,"potions_floor_spawned":[7,8,16,20],"killed_by":"Chosen and Byrds","ascension_level":2}