{"gold_per_floor":[109,109,109,128,53,53,87,87,112,36,69,69,99,110,110,186,186,138,138,165,177,6,6,31,31,58,102,114,154,166,103,103,178,178,197,97,114,128,139,139],"floor_reached":40,"playtime":2864,"items_purged":["Strike_B","Defend_B"],"score":1066,"play_id":"aa21ba73-2dd3-425d-935a-d04634325ca5","local_time":"20190129213845","is_ascension_mode":true,"campfire_choices":[{"data":"Zap","floor":6.0,"key":"SMITH"},{"data":"Coolheaded","floor":8.0,"key":"SMITH"},{"data":"Defragment","floor":12.0,"key":"SMITH"},{"data":"Go for the Eyes","floor":15.0,"key":"SMITH"},{"floor":23,"key":"REST"},{"floor":25,"key":"REST"},{"data":"Dualcast","floor":28,"key":"SMITH"},{"data":"Ghostly","floor":32,"key":"SMITH"}],"neow_cost":"NONE","seed_source_timestamp":0,"circlet_count":0,"master_deck":["AscendersBane","Strike_B","Strike_B","Defend_B","Defend_B","Defend_B","Zap+1","Dualcast+1","Sweeping Beam","Coolheaded+1","Defragment+1","Doom and Gloom","Go for the Eyes+1","Echo Form","Coolheaded","Hologram","Glacier","Core Surge","Defragment","Ghostly+1","Ghostly","Ghostly","Biased Cognition"],"special_seed":0,"relics":["FrozenCore","NeowsBlessing","FossilizedHelix","Bag of Marbles","Pen Nib","Centennial Puzzle","Blue Candle","Torii","Red Mask","PreservedInsect","Potion Belt","MawBank","Letter Opener","Dodecahedron","Busted Crown"],"potions_floor_usage":[20,24,24,33,35,40,40],"damage_taken":[{"damage":0.0,"enemies":"Cultist","floor":1.0,"turns":1.0},{"damage":0.0,"enemies":"Jaw Worm","floor":4.0,"turns":1.0},{"damage":0.0,"enemies":"3 Sentries","floor":7.0,"turns":1.0},{"damage":11.0,"enemies":"Lagavulin","floor":11.0,"turns":8.0},{"damage":15.0,"enemies":"3 Sentries","floor":13.0,"turns":4.0},{"damage":0.0,"enemies":"2 Louse","floor":14.0,"turns":2.0},{"damage":23.0,"enemies":"The Guardian","floor":16.0,"turns":9.0},{"damage":14,"enemies":"2 Thieves","floor":18,"turns":5},{"damage":41,"enemies":"Masked Bandits","floor":20,"turns":6},{"damage":0,"enemies":"Spheric Guardian","floor":21,"turns":5},{"damage":1,"enemies":"Book of Stabbing","floor":24,"turns":6},{"damage":1,"enemies":"Gremlin Leader","floor":27,"turns":4},{"damage":10,"enemies":"Slavers","floor":29,"turns":4},{"damage":0,"enemies":"Champ","floor":33,"turns":17},{"damage":0,"enemies":"3 Shapes","floor":35,"turns":5},{"damage":0,"enemies":"Orb Walker","floor":37,"turns":3},{"damage":0,"enemies":"3 Darklings","floor":38,"turns":6},{"damage":30,"enemies":"4 Shapes","floor":39,"turns":5},{"damage":25,"enemies":"Reptomancer","floor":40,"turns":3}],"seed_played":"-889889765712686465","potions_obtained":[{"floor":13.0,"key":"AttackPotion"},{"floor":14.0,"key":"LiquidBronze"},{"floor":16.0,"key":"FocusPotion"},{"floor":21,"key":"SpeedPotion"},{"floor":24,"key":"Ancient Potion"},{"floor":27,"key":"FocusPotion"},{"floor":29,"key":"SkillPotion"},{"floor":35,"key":"LiquidBronze"}],"is_trial":false,"path_per_floor":["M","?","T","M","?","R","E","R","T","$","E","R","E","M","R","B",null,"M","T","?","M","$","R","E","R","T","E","R","E","?","$","R","B",null,"M","$","M","M","M","E"],"character_chosen":"DEFECT","items_purchased":["Defragment","PreservedInsect"],"campfire_rested":2,"item_purchase_floors":[10,22],"current_hp_per_floor":[64,69,69,69,69,69,69,69,69,69,58,58,43,43,43,20,62,48,48,7,7,7,29,28,50,50,49,49,39,38,38,38,38,38,38,38,38,38,8,0],"gold":139,"neow_bonus":"THREE_ENEMY_KILL","is_prod":false,"is_daily":false,"chose_seed":false,"campfire_upgraded":6,"win_rate":0,"timestamp":1548794325,"path_taken":["M","?","?","M","?","R","E","R","T","$","E","R","E","?","R","BOSS","M","?","?","M","$","R","E","R","T","E","R","E","?","?","R","BOSS","M","$","M","M","M","E"],"build_version":"2019-01-23","purchased_purges":2,"victory":false,"max_hp_per_floor":[71,76,76,76,76,76,76,76,76,76,76,76,76,76,76,76,76,76,76,76,76,76,76,76,76,76,76,76,76,38,38,38,38,38,38,38,38,38,38,38],"card_choices":[{"not_picked":["Stack","Rebound","Scrape"],"picked":"SKIP","floor":1.0},{"not_picked":["Steam","Redo"],"picked":"Sweeping Beam","floor":4.0},{"not_picked":["Leap","Multi-Cast"],"picked":"Coolheaded","floor":7.0},{"not_picked":["Undo","Hello World"],"picked":"Doom and Gloom","floor":11.0},{"not_picked":["Stack","Steam"],"picked":"Go for the Eyes","floor":13.0},{"not_picked":["Sweeping Beam","Rebound","Stack"],"picked":"SKIP","floor":14.0},{"not_picked":["Meteor Strike","Hyperbeam"],"picked":"Echo Form","floor":16.0},{"not_picked":["Steam","Conserve Battery"],"picked":"Coolheaded","floor":18},{"not_picked":["Streamline","Go for the Eyes"],"picked":"Hologram","floor":20},{"not_picked":["Cold Snap","Leap"],"picked":"Glacier","floor":21},{"not_picked":["Conserve Battery+1","Aggregate","Heatsinks"],"picked":"SKIP","floor":24},{"not_picked":["Conserve Battery+1","Aggregate","Heatsinks"],"picked":"SKIP","floor":24},{"not_picked":["Cold Snap+1","Turbo"],"picked":"Core Surge","floor":27},{"not_picked":["Compile Driver","Cold Snap"],"picked":"Defragment","floor":29},{"not_picked":["Rainbow","Creative AI"],"picked":"Biased Cognition","floor":33},{"not_picked":["Rip and Tear+1"],"picked":"SKIP","floor":35},{"not_picked":["Steam"],"picked":"SKIP","floor":37},{"not_picked":["Scrape+1"],"picked":"SKIP","floor":38},{"not_picked":["Cold Snap"],"picked":"SKIP","floor":39}],"player_experience":1600691,"relics_obtained":[{"floor":3.0,"key":"FossilizedHelix"},{"floor":7.0,"key":"Bag of Marbles"},{"floor":9.0,"key":"Pen Nib"},{"floor":11.0,"key":"Centennial Puzzle"},{"floor":13.0,"key":"Blue Candle"},{"floor":19,"key":"Torii"},{"floor":20,"key":"Red Mask"},{"floor":24,"key":"Potion Belt"},{"floor":26,"key":"MawBank"},{"floor":27,"key":"Letter Opener"},{"floor":29,"key":"Dodecahedron"}],"event_choices":[{"damage_healed":0.0,"max_hp_gain":5.0,"max_hp_loss":0.0,"gold_gain":0.0,"event_name":"Big Fish","player_choice":"Donut","floor":2.0,"gold_loss":0.0,"damage_taken":0.0},{"cards_removed":["Strike_B"],"damage_healed":0.0,"max_hp_gain":0.0,"max_hp_loss":0.0,"gold_gain":0.0,"event_name":"The Cleric","player_choice":"Card Removal","floor":5.0,"gold_loss":75.0,"damage_taken":0.0},{"damage_healed":0,"gold_gain":0,"player_choice":"Fought Bandits","damage_taken":0,"max_hp_gain":0,"max_hp_loss":0,"event_name":"Masked Bandits","floor":20,"gold_loss":0},{"damage_healed":0,"gold_gain":0,"player_choice":"Became a Ghost","damage_taken":0,"max_hp_gain":0,"max_hp_loss":38,"event_name":"Ghosts","floor":30,"gold_loss":0,"cards_obtained":["Ghostly","Ghostly","Ghostly"]}],"is_beta":false,"boss_relics":[{"not_picked":["Coffee Dripper","Orrery"],"picked":"FrozenCore"},{"not_picked":["Astrolabe","Cursed Key"],"picked":"Busted Crown"}],"items_purged_floors":[31,36],"is_endless":false,"potions_floor_spawned":[13,14,16,21,24,27,29,35],"killed_by":"Reptomancer","ascension_level":20}