{"gold_per_floor":[115,290,290,304,76,76,103,123,123,151,170,170,195,214,214,318,318,334,344,230,243,603,603,637,650,650,676,691,711,711],"floor_reached":30,"playtime":7926,"items_purged":["Strike_G"],"score":317,"play_id":"ac4532e4-1159-4bc8-9397-d7b342faffcd","local_time":"20190514150957","is_ascension_mode":false,"campfire_choices":[{"data":"Noxious Fumes","floor":6.0,"key":"SMITH"},{"data":"Bouncing Flask","floor":15.0,"key":"SMITH"},{"data":"Night Terror","floor":23.0,"key":"SMITH"}],"neow_cost":"NONE","seed_source_timestamp":429389199961165,"circlet_count":0,"master_deck":["Defend_G","Defend_G","Defend_G","Defend_G","Defend_G","Strike_G","Strike_G","Strike_G+1","Strike_G","Survivor","Neutralize+1","Doubt","Noxious Fumes+1","Bouncing Flask+1","Poisoned Stab","Footwork","Footwork","Well Laid Plans","Deadly Poison","Night Terror+1","Acrobatics","Bouncing Flask","Backflip+1","Trip","Deadly Poison"],"special_seed":0,"relics":["Ring of the Snake","Ginger","Snake Skull","Gremlin Horn","Bird Faced Urn","Oddly Smooth Stone","Bottled Tornado","Busted Crown","Torii","Ice Cream"],"potions_floor_usage":[],"damage_taken":[{"damage":0.0,"enemies":"2 Louse","floor":1.0,"turns":6.0},{"damage":0.0,"enemies":"Cultist","floor":4.0,"turns":5.0},{"damage":30.0,"enemies":"3 Sentries","floor":7.0,"turns":8.0},{"damage":2.0,"enemies":"Jaw Worm","floor":8.0,"turns":3.0},{"damage":5.0,"enemies":"Gremlin Nob","floor":10.0,"turns":4.0},{"damage":15.0,"enemies":"Gremlin Gang","floor":11.0,"turns":4.0},{"damage":13.0,"enemies":"Lagavulin","floor":13.0,"turns":4.0},{"damage":3.0,"enemies":"Looter","floor":14.0,"turns":3.0},{"damage":2.0,"enemies":"Hexaghost","floor":16.0,"turns":7.0},{"damage":11.0,"enemies":"2 Thieves","floor":18.0,"turns":4.0},{"damage":0.0,"enemies":"Chosen","floor":19.0,"turns":4.0},{"damage":11.0,"enemies":"Centurion and Healer","floor":21.0,"turns":5.0},{"damage":6.0,"enemies":"Slavers","floor":24.0,"turns":5.0},{"damage":20.0,"enemies":"Snecko","floor":25.0,"turns":4.0},{"damage":18.0,"enemies":"Book of Stabbing","floor":27.0,"turns":7.0},{"damage":2.0,"enemies":"Chosen and Byrds","floor":28.0,"turns":5.0},{"damage":2.0,"enemies":"Cultist and Chosen","floor":29.0,"turns":5.0},{"damage":45,"enemies":"Slavers","floor":30,"turns":4}],"seed_played":"-8736214461265925623","potions_obtained":[{"floor":8.0,"key":"FearPotion"},{"floor":11.0,"key":"SteroidPotion"},{"floor":13.0,"key":"Dexterity Potion"},{"floor":19.0,"key":"PowerPotion"},{"floor":25.0,"key":"Dexterity Potion"},{"floor":27.0,"key":"LiquidBronze"}],"is_trial":false,"path_per_floor":["M","?","?","M","$","R","E","M","T","E","M","?","E","M","R","B",null,"M","M","$","M","?","R","E","M","T","E","M","M","E"],"character_chosen":"THE_SILENT","items_purchased":["Snake Skull","Noxious Fumes","Bouncing Flask"],"campfire_rested":0,"item_purchase_floors":[5,5,20],"current_hp_per_floor":[77,77,77,77,77,77,47,45,45,42,31,16,9,10,10,16,77,72,77,77,68,26,26,32,18,18,14,26,32,0],"gold":711,"neow_bonus":"TEN_PERCENT_HP_BONUS","is_prod":false,"is_daily":false,"chose_seed":false,"campfire_upgraded":3,"win_rate":0,"timestamp":1557826797,"path_taken":["M","?","?","?","$","R","E","M","T","E","M","?","E","M","R","BOSS","M","M","$","M","?","R","E","M","T","E","?","M","E"],"build_version":"2019-01-23","purchased_purges":1,"victory":false,"max_hp_per_floor":[77,77,77,77,77,77,77,77,77,77,77,77,77,77,77,77,77,77,77,77,77,77,77,77,77,77,77,77,77,77],"card_choices":[{"not_picked":["Underhanded Strike","Dodge and Roll"],"picked":"Catalyst","floor":1.0},{"not_picked":["Underhanded Strike","Choke","Distraction"],"picked":"SKIP","floor":4.0},{"not_picked":["Acrobatics","Dodge and Roll"],"picked":"Bouncing Flask","floor":7.0},{"not_picked":["Masterful Stab","Infinite Blades"],"picked":"Poisoned Stab","floor":8.0},{"not_picked":["Quick Slash","Heel Hook"],"picked":"Footwork","floor":10.0},{"not_picked":["Outmaneuver","Underhanded Strike"],"picked":"Footwork","floor":11.0},{"not_picked":["Blade Dance","Underhanded Strike"],"picked":"Well Laid Plans","floor":13.0},{"not_picked":["Backstab","Dodge and Roll"],"picked":"Deadly Poison","floor":14.0},{"not_picked":["A Thousand Cuts","Bullet Time"],"picked":"Night Terror","floor":16.0},{"not_picked":["Deflect"],"picked":"SKIP","floor":18.0},{"not_picked":[],"picked":"Acrobatics","floor":19.0},{"not_picked":[],"picked":"Backflip+1","floor":21.0},{"not_picked":["Blade Dance"],"picked":"SKIP","floor":24.0},{"not_picked":["Accuracy"],"picked":"SKIP","floor":25.0},{"not_picked":["Reflex"],"picked":"SKIP","floor":27.0},{"not_picked":["Deadly Poison"],"picked":"SKIP","floor":28.0},{"not_picked":[],"picked":"Deadly Poison","floor":28.0},{"not_picked":["Bane"],"picked":"SKIP","floor":29.0}],"player_experience":280495,"relics_obtained":[{"floor":7.0,"key":"Gremlin Horn"},{"floor":9.0,"key":"Bird Faced Urn"},{"floor":10.0,"key":"Oddly Smooth Stone"},{"floor":13.0,"key":"Bottled Tornado"},{"floor":24.0,"key":"Torii"},{"floor":27.0,"key":"Ice Cream"}],"event_choices":[{"damage_healed":0.0,"max_hp_gain":0.0,"max_hp_loss":0.0,"gold_gain":175.0,"event_name":"Liars Game","player_choice":"AGREE","floor":2.0,"gold_loss":0.0,"damage_taken":0.0,"cards_obtained":["Doubt"]},{"cards_removed":["Catalyst"],"damage_healed":0.0,"max_hp_gain":0.0,"max_hp_loss":0.0,"gold_gain":0.0,"event_name":"WeMeetAgain","player_choice":"Gave Card","floor":3.0,"gold_loss":0.0,"damage_taken":0.0,"relics_obtained":["Ginger"]},{"damage_healed":0.0,"max_hp_gain":0.0,"max_hp_loss":0.0,"gold_gain":0.0,"event_name":"Shining Light","player_choice":"Entered Light","floor":12.0,"gold_loss":0.0,"damage_taken":15.0,"cards_upgraded":["Strike_G","Neutralize"]},{"damage_healed":0.0,"max_hp_gain":0.0,"max_hp_loss":0.0,"gold_gain":360.0,"event_name":"Knowing Skull","player_choice":"CARD GOLD GOLD GOLD GOLD ","floor":22.0,"potions_obtained":[],"gold_loss":0.0,"damage_taken":42.0,"cards_obtained":["Trip"]}],"is_beta":false,"boss_relics":[{"not_picked":["Ring of the Serpent","Black Star"],"picked":"Busted Crown"}],"items_purged_floors":[20],"is_endless":false,"potions_floor_spawned":[8,11,13,19,25,27],"killed_by":"Slavers","ascension_level":0}