{"gold_per_floor":[117,13,29,45,45,73,73,100,100,147,159,186,231,308,320,408,420,449,475,487,509,796,808,318,345,368,368,381,411,428,123,123,196,196,212,62,62,62,62,89,89,116,164,164,189,189,207,217,217,217,217,217,217,17,47,47],"floor_reached":56,"playtime":41130,"items_purged":["Strike_R","Regret","Strike_R+1","Anger","Cleave"],"score":2023,"play_id":"d0814cb4-9038-4956-854e-c6637cb54bdb","local_time":"20190523092713","is_ascension_mode":true,"campfire_choices":[{"data":"Bash","floor":7.0,"key":"SMITH"},{"data":"Juggernaut","floor":11.0,"key":"SMITH"},{"data":"Disarm","floor":15.0,"key":"SMITH"},{"data":"Juggernaut","floor":23.0,"key":"SMITH"},{"data":"Body Slam","floor":27.0,"key":"SMITH"},{"data":"Burning Pact","floor":32.0,"key":"SMITH"},{"data":"Juggernaut","floor":41.0,"key":"SMITH"},{"floor":44.0,"key":"RECALL"},{"floor":46.0,"key":"REST"},{"floor":49.0,"key":"REST"},{"floor":53.0,"key":"REST"}],"neow_cost":"PERCENT_DAMAGE","seed_source_timestamp":637930899427140,"circlet_count":0,"master_deck":["AscendersBane","Defend_R","Defend_R","Defend_R","Defend_R","Bash+1","Shrug It Off","Offering","Juggernaut+1","Disarm+1","Fiend Fire+1","Juggernaut+1","Sentinel+1","Headbutt+1","Impervious+1","Feel No Pain+1","Shrug It Off","RitualDagger","Burning Pact+1","Impervious","Body Slam+1","Inflame+1","Metallicize","Impatience","Juggernaut+1","Madness","Madness","Shrug It Off"],"special_seed":0,"relics":["Burning Blood","FossilizedHelix","Bronze Scales","Self Forming Clay","MawBank","Pantograph","Gremlin Horn","WingedGreaves","Astrolabe","Mercury Hourglass","Kunai","Anchor","Whetstone","Busted Crown","Bottled Lightning","Strawberry","Centennial Puzzle","PreservedInsect","Blood Vial"],"potions_floor_usage":[],"damage_taken":[{"damage":9.0,"enemies":"Small Slimes","floor":1.0,"turns":4.0},{"damage":0.0,"enemies":"2 Louse","floor":3.0,"turns":4.0},{"damage":0.0,"enemies":"Cultist","floor":4.0,"turns":3.0},{"damage":27.0,"enemies":"Lagavulin","floor":6.0,"turns":7.0},{"damage":8.0,"enemies":"Gremlin Nob","floor":8.0,"turns":3.0},{"damage":16.0,"enemies":"3 Sentries","floor":10.0,"turns":6.0},{"damage":6.0,"enemies":"Blue Slaver","floor":12.0,"turns":3.0},{"damage":11.0,"enemies":"Gremlin Nob","floor":13.0,"turns":3.0},{"damage":10.0,"enemies":"3 Sentries","floor":14.0,"turns":6.0},{"damage":31.0,"enemies":"Hexaghost","floor":16.0,"turns":9.0},{"damage":3.0,"enemies":"Chosen","floor":18.0,"turns":5.0},{"damage":0.0,"enemies":"3 Byrds","floor":19.0,"turns":5.0},{"damage":0.0,"enemies":"Cultist and Chosen","floor":21.0,"turns":5.0},{"damage":17.0,"enemies":"Slavers","floor":25.0,"turns":5.0},{"damage":0.0,"enemies":"Chosen and Byrds","floor":28.0,"turns":6.0},{"damage":0.0,"enemies":"Gremlin Leader","floor":29.0,"turns":4.0},{"damage":12.0,"enemies":"Snecko","floor":30.0,"turns":8.0},{"damage":19.0,"enemies":"Automaton","floor":33.0,"turns":10.0},{"damage":0.0,"enemies":"3 Shapes","floor":35.0,"turns":4.0},{"damage":2.0,"enemies":"Nemesis","floor":40.0,"turns":7.0},{"damage":17.0,"enemies":"Giant Head","floor":42.0,"turns":7.0},{"damage":63.0,"enemies":"Reptomancer","floor":45.0,"turns":4.0},{"damage":24.0,"enemies":"3 Darklings","floor":47.0,"turns":5.0},{"damage":7.0,"enemies":"Maw","floor":48.0,"turns":6.0},{"damage":28.0,"enemies":"Time Eater","floor":50.0,"turns":10.0},{"damage":73.0,"enemies":"Donu and Deca","floor":51.0,"turns":7.0},{"damage":45.0,"enemies":"Shield and Spear","floor":55.0,"turns":5.0},{"damage":84,"enemies":"The Heart","floor":56,"turns":8}],"seed_played":"4253778425942659249","potions_obtained":[{"floor":3.0,"key":"Fruit Juice"},{"floor":12.0,"key":"SteroidPotion"},{"floor":13.0,"key":"SneckoOil"},{"floor":14.0,"key":"Block Potion"},{"floor":16.0,"key":"SteroidPotion"},{"floor":18.0,"key":"SkillPotion"},{"floor":25.0,"key":"Energy Potion"},{"floor":29.0,"key":"BloodPotion"},{"floor":33.0,"key":"SpeedPotion"},{"floor":47.0,"key":"AttackPotion"}],"is_trial":false,"path_per_floor":["M","$","M","M","?","E","R","E","T","E","R","M","E","?","R","B",null,"M","M","?","M","?","R","$","E","T","R","M","E","M","$","R","B",null,"M","$","?","?","T","E","R","E","T","R","E","R","M","M","R","B","B",null,"R","$","E","B"],"character_chosen":"IRONCLAD","items_purchased":["Anger","Impervious","Mercury Hourglass","Block Potion","Metallicize","Impatience","Shrug It Off"],"campfire_rested":3,"item_purchase_floors":[2,24,24,24,31,31,54],"current_hp_per_floor":[47,47,53,64,69,48,48,46,46,36,36,36,31,27,27,27,71,74,80,74,80,80,80,80,69,69,69,75,81,75,75,75,72,82,85,85,70,70,70,74,74,70,70,70,22,49,31,30,57,60,18,74,92,92,53,0],"gold":47,"neow_bonus":"ONE_RARE_RELIC","is_prod":false,"is_daily":false,"chose_seed":false,"campfire_upgraded":7,"win_rate":0,"timestamp":1558596433,"path_taken":["M","$","M","M","?","E","R","E","T","E","R","M","E","?","R","BOSS","M","M","?","M","?","R","$","E","T","R","M","E","?","$","R","BOSS","M","$","?","?","?","E","R","E","T","R","E","R","M","M","R","BOSS","BOSS","R","$","E","BOSS"],"build_version":"2019-01-23","purchased_purges":5,"victory":false,"max_hp_per_floor":[75,75,75,80,85,85,85,85,85,85,85,85,85,85,85,85,85,85,85,85,85,85,85,85,85,85,85,85,85,85,85,85,85,85,85,85,85,85,85,85,85,92,92,92,92,92,92,92,92,92,92,92,92,92,92,92],"card_choices":[{"not_picked":["Warcry","Twin Strike"],"picked":"Cleave","floor":1.0},{"not_picked":["Heavy Blade","Anger"],"picked":"Shrug It Off","floor":3.0},{"not_picked":["Twin Strike","Flame Barrier"],"picked":"Offering","floor":4.0},{"not_picked":["Sword Boomerang","Cleave"],"picked":"Juggernaut","floor":6.0},{"not_picked":["Combust","Infernal Blade"],"picked":"Disarm","floor":8.0},{"not_picked":["Searing Blow","Anger","Clothesline"],"picked":"SKIP","floor":10.0},{"not_picked":["Flex","Uppercut"],"picked":"Fiend Fire","floor":12.0},{"not_picked":["Flex","Heavy Blade","Clothesline"],"picked":"SKIP","floor":13.0},{"not_picked":["Bludgeon","Feed"],"picked":"Juggernaut","floor":16.0},{"not_picked":["Clash","Thunderclap"],"picked":"Feel No Pain+1","floor":18.0},{"not_picked":["Rupture+1","Blood for Blood+1"],"picked":"Shrug It Off","floor":19.0},{"not_picked":["Twin Strike","Body Slam"],"picked":"Burning Pact","floor":21.0},{"not_picked":["Cleave+1","Sword Boomerang"],"picked":"Body Slam","floor":25.0},{"not_picked":["Clash","Cleave"],"picked":"Inflame+1","floor":28.0},{"not_picked":["Combust","Infernal Blade","Fire Breathing"],"picked":"SKIP","floor":29.0},{"not_picked":["Perfected Strike","Cleave","Anger"],"picked":"SKIP","floor":30.0},{"not_picked":["Feed","Reaper"],"picked":"Juggernaut","floor":33.0},{"not_picked":["Sword Boomerang"],"picked":"SKIP","floor":35.0},{"not_picked":["Flex"],"picked":"SKIP","floor":40.0},{"not_picked":["Carnage"],"picked":"SKIP","floor":42.0},{"not_picked":["Rage"],"picked":"SKIP","floor":45.0},{"not_picked":["Perfected Strike"],"picked":"SKIP","floor":47.0},{"not_picked":["True Grit"],"picked":"SKIP","floor":48.0},{"not_picked":["Uppercut"],"picked":"SKIP","floor":55.0}],"player_experience":2759769,"relics_obtained":[{"floor":6.0,"key":"Bronze Scales"},{"floor":8.0,"key":"Self Forming Clay"},{"floor":9.0,"key":"MawBank"},{"floor":10.0,"key":"Pantograph"},{"floor":13.0,"key":"Gremlin Horn"},{"floor":14.0,"key":"WingedGreaves"},{"floor":25.0,"key":"Kunai"},{"floor":26.0,"key":"Anchor"},{"floor":29.0,"key":"Whetstone"},{"floor":40.0,"key":"Bottled Lightning"},{"floor":42.0,"key":"Strawberry"},{"floor":43.0,"key":"Centennial Puzzle"},{"floor":45.0,"key":"PreservedInsect"},{"floor":55.0,"key":"Blood Vial"}],"event_choices":[{"damage_healed":0.0,"max_hp_gain":5.0,"max_hp_loss":0.0,"gold_gain":0.0,"event_name":"Big Fish","player_choice":"Donut","floor":5.0,"gold_loss":0.0,"damage_taken":0.0},{"damage_healed":0.0,"max_hp_gain":0.0,"max_hp_loss":0.0,"gold_gain":0.0,"event_name":"Dead Adventurer","player_choice":"Searched \u00271\u0027 times","floor":14.0,"gold_loss":0.0,"damage_taken":0.0},{"damage_healed":0.0,"max_hp_gain":0.0,"max_hp_loss":0.0,"gold_gain":0.0,"event_name":"Nest","player_choice":"Joined the Cult","floor":20.0,"gold_loss":0.0,"damage_taken":6.0,"cards_obtained":["RitualDagger"]},{"damage_healed":0.0,"max_hp_gain":0.0,"max_hp_loss":0.0,"gold_gain":275.0,"event_name":"Golden Shrine","player_choice":"Desecrate","floor":22.0,"gold_loss":0.0,"damage_taken":0.0,"cards_obtained":["Regret"]},{"damage_healed":0.0,"max_hp_gain":0.0,"max_hp_loss":0.0,"gold_gain":0.0,"event_name":"Winding Halls","player_choice":"Embrace Madness","floor":37.0,"gold_loss":0.0,"damage_taken":15.0,"cards_obtained":["Madness","Madness"]},{"damage_healed":0.0,"max_hp_gain":0.0,"max_hp_loss":0.0,"gold_gain":0.0,"event_name":"SensoryStone","player_choice":"Memory 1","floor":38.0,"gold_loss":0.0,"damage_taken":0.0}],"is_beta":false,"boss_relics":[{"not_picked":["Pandora\u0027s Box","Eternal Feather"],"picked":"Astrolabe"},{"not_picked":["Tiny House","Empty Cage"],"picked":"Busted Crown"}],"items_purged_floors":[2,24,31,36,54],"is_endless":false,"potions_floor_spawned":[3,12,13,14,16,18,25,29,33,47],"killed_by":"The Heart","ascension_level":20}