{"gold_per_floor":[115,130,205,205,205,243,220,232,268,313,325,367,398,424,436,448],"floor_reached":16,"playtime":1836,"items_purged":[],"score":161,"play_id":"1d9c2b00-a708-4c83-b0a2-308f9a535233","local_time":"20190518081325","is_ascension_mode":true,"campfire_choices":[{"floor":11.0,"key":"REST"},{"floor":15,"key":"REST"}],"neow_cost":"NONE","seed_source_timestamp":202924921842576,"circlet_count":0,"master_deck":["Defend_G","Defend_G","Defend_G","Defend_G","Defend_G+1","Strike_G","Strike_G","Strike_G","Strike_G","Survivor+1","Neutralize","Sucker Punch","Poisoned Stab","Regret","Riddle With Holes","Deadly Poison","Dagger Spray","Dagger Spray","Bane"],"special_seed":0,"relics":["Ring of the Snake","MawBank","War Paint","Tough Bandages","Pear","Centennial Puzzle"],"potions_floor_usage":[14],"damage_taken":[{"damage":1.0,"enemies":"2 Louse","floor":1.0,"turns":3.0},{"damage":0.0,"enemies":"Jaw Worm","floor":2.0,"turns":6.0},{"damage":51.0,"enemies":"Lagavulin","floor":6.0,"turns":9.0},{"damage":27.0,"enemies":"3 Sentries","floor":10.0,"turns":8.0},{"damage":39.0,"enemies":"Lagavulin","floor":12.0,"turns":6.0},{"damage":0.0,"enemies":"Small Slimes","floor":13.0,"turns":3.0},{"damage":0,"enemies":"Looter","floor":14,"turns":3},{"damage":31,"enemies":"Slime Boss","floor":16,"turns":5}],"seed_played":"477476715060068728","potions_obtained":[{"floor":2.0,"key":"FairyPotion"},{"floor":10.0,"key":"PowerPotion"},{"floor":13.0,"key":"Strength Potion"}],"is_trial":false,"path_per_floor":["M","M","?","?","?","E","?","T","T","E","R","E","M","M","R","B"],"character_chosen":"THE_SILENT","items_purchased":[],"campfire_rested":2,"item_purchase_floors":[],"current_hp_per_floor":[76,76,65,58,58,7,26,26,26,17,43,4,4,4,30,0],"gold":448,"neow_bonus":"TEN_PERCENT_HP_BONUS","is_prod":false,"is_daily":false,"chose_seed":false,"campfire_upgraded":0,"win_rate":0,"timestamp":1558147405,"path_taken":["M","M","?","?","?","E","?","?","T","E","R","E","M","M","R","BOSS"],"build_version":"2019-01-23","purchased_purges":0,"victory":false,"max_hp_per_floor":[77,77,77,77,77,77,77,77,77,87,87,87,87,87,87,87],"card_choices":[{"not_picked":["Blade Dance","Deflect"],"picked":"Sucker Punch","floor":1.0},{"not_picked":["Blade Dance","Prepared"],"picked":"Poisoned Stab","floor":2.0},{"not_picked":["Poisoned Stab","Quick Slash"],"picked":"Riddle With Holes","floor":6.0},{"not_picked":["Well Laid Plans","Slice"],"picked":"Deadly Poison","floor":10.0},{"not_picked":["Flying Knee","Escape Plan"],"picked":"Dagger Spray","floor":12.0},{"not_picked":["Tactician","Predator"],"picked":"Dagger Spray","floor":13.0},{"not_picked":["Prepared","Blade Dance"],"picked":"Bane","floor":14}],"player_experience":439664,"relics_obtained":[{"floor":6.0,"key":"War Paint"},{"floor":8.0,"key":"Tough Bandages"},{"floor":10.0,"key":"Pear"},{"floor":12.0,"key":"Centennial Puzzle"}],"event_choices":[{"damage_healed":0.0,"max_hp_gain":0.0,"max_hp_loss":0.0,"gold_gain":75.0,"event_name":"World of Goop","player_choice":"Gather Gold","floor":3.0,"gold_loss":0.0,"damage_taken":11.0},{"cards_removed":["Strike_G"],"damage_healed":0.0,"max_hp_gain":0.0,"max_hp_loss":0.0,"gold_gain":0.0,"event_name":"Golden Wing","player_choice":"Card Removal","floor":4.0,"gold_loss":0.0,"damage_taken":7.0},{"damage_healed":0.0,"max_hp_gain":0.0,"max_hp_loss":0.0,"gold_gain":0.0,"event_name":"Big Fish","player_choice":"Box","floor":5.0,"gold_loss":0.0,"damage_taken":0.0,"relics_obtained":["MawBank"],"cards_obtained":["Regret"]},{"damage_healed":19.0,"max_hp_gain":0.0,"max_hp_loss":0.0,"gold_gain":0.0,"event_name":"The Cleric","player_choice":"Healed","floor":7.0,"gold_loss":35.0,"damage_taken":0.0}],"is_beta":false,"boss_relics":[],"items_purged_floors":[],"is_endless":false,"potions_floor_spawned":[2,10,13],"killed_by":"Slime Boss","ascension_level":3}