{"gold_per_floor":[364,514,532,240,255,255,289,289,289,289,307,343,343,361,361,457,457,480,519,292,292,312,347,347,372,372,412,412,15,35,59,59,154,154,174,194,194,207,225,289,81,81,107,138,138,360,379,418,418,418,418,418,418,3,43,43],"floor_reached":57,"playtime":2976,"items_purged":["Doubt","Strike_G","Riddle With Holes"],"score":3130,"play_id":"85db59d7-7e06-4847-81ec-2ed46fbfe2b9","local_time":"20190204125340","is_ascension_mode":true,"campfire_choices":[{"data":"Catalyst","floor":6.0,"key":"SMITH"},{"data":"Neutralize","floor":10.0,"key":"SMITH"},{"data":"Deadly Poison","floor":13.0,"key":"SMITH"},{"data":"Deadly Poison","floor":15.0,"key":"SMITH"},{"data":"Corpse Explosion","floor":24.0,"key":"SMITH"},{"data":"Catalyst","floor":32.0,"key":"SMITH"},{"floor":42.0,"key":"RECALL"},{"data":"Backflip","floor":49.0,"key":"SMITH"},{"data":"Backflip","floor":53.0,"key":"SMITH"}],"neow_cost":"CURSE","seed_source_timestamp":0,"circlet_count":0,"master_deck":["AscendersBane","Defend_G+1","Defend_G+1","Defend_G+1","Defend_G+1","Defend_G+1","Strike_G+1","Strike_G+1","Survivor","Neutralize+1","Writhe","Deadly Poison+1","Catalyst+1","Deadly Poison+1","Backflip+1","Corpse Explosion+1","Footwork+1","Backstab","PiercingWail+1","Noxious Fumes+1","Catalyst+1","Backflip+1","PiercingWail+1","Wraith Form v2+1","Backflip+1","Well Laid Plans+1"],"special_seed":0,"relics":["Ring of the Snake","Toolbox","Frozen Egg 2","Golden Idol","Mercury Hourglass","Centennial Puzzle","Philosopher\u0027s Stone","Red Mask","Bag of Marbles","Bottled Lightning","Anchor","Oddly Smooth Stone","TwistedFunnel","Busted Crown","Tiny Chest","Juzu Bracelet","Gremlin Horn","Sundial","Membership Card","Calipers","Ginger"],"potions_floor_usage":[56],"damage_taken":[{"damage":3.0,"enemies":"Cultist","floor":1.0,"turns":5.0},{"damage":10.0,"enemies":"2 Louse","floor":3.0,"turns":4.0},{"damage":7.0,"enemies":"Jaw Worm","floor":5.0,"turns":7.0},{"damage":0.0,"enemies":"Lagavulin","floor":7.0,"turns":5.0},{"damage":8.0,"enemies":"Looter","floor":11.0,"turns":4.0},{"damage":14.0,"enemies":"3 Sentries","floor":12.0,"turns":7.0},{"damage":0.0,"enemies":"Exordium Wildlife","floor":14.0,"turns":3.0},{"damage":7.0,"enemies":"The Guardian","floor":16.0,"turns":8.0},{"damage":0.0,"enemies":"Spheric Guardian","floor":18.0,"turns":2.0},{"damage":2.0,"enemies":"Masked Bandits","floor":19.0,"turns":2.0},{"damage":0.0,"enemies":"3 Byrds","floor":22.0,"turns":2.0},{"damage":20.0,"enemies":"Slavers","floor":23.0,"turns":3.0},{"damage":0.0,"enemies":"Centurion and Healer","floor":25.0,"turns":4.0},{"damage":4.0,"enemies":"Book of Stabbing","floor":27.0,"turns":4.0},{"damage":0.0,"enemies":"Snake Plant","floor":30.0,"turns":2.0},{"damage":0.0,"enemies":"Cultist and Chosen","floor":31.0,"turns":3.0},{"damage":0.0,"enemies":"Collector","floor":33.0,"turns":3.0},{"damage":0.0,"enemies":"Orb Walker","floor":35.0,"turns":2.0},{"damage":0.0,"enemies":"3 Darklings","floor":36.0,"turns":2.0},{"damage":0.0,"enemies":"Sphere and 2 Shapes","floor":38.0,"turns":2.0},{"damage":0.0,"enemies":"Jaw Worm Horde","floor":39.0,"turns":1.0},{"damage":0.0,"enemies":"Reptomancer","floor":40.0,"turns":2.0},{"damage":0.0,"enemies":"Nemesis","floor":44.0,"turns":5.0},{"damage":0.0,"enemies":"Writhing Mass","floor":47.0,"turns":3.0},{"damage":0.0,"enemies":"Giant Head","floor":48.0,"turns":5.0},{"damage":1.0,"enemies":"Time Eater","floor":50.0,"turns":5.0},{"damage":16.0,"enemies":"Awakened One","floor":51.0,"turns":15.0},{"damage":0,"enemies":"Shield and Spear","floor":55,"turns":4},{"damage":45,"enemies":"The Heart","floor":56,"turns":6}],"seed_played":"2486997973776915693","potions_obtained":[{"floor":3.0,"key":"GamblersBrew"},{"floor":7.0,"key":"Fire Potion"},{"floor":14.0,"key":"SneckoOil"},{"floor":18.0,"key":"Swift Potion"},{"floor":25.0,"key":"Dexterity Potion"},{"floor":30.0,"key":"Poison Potion"},{"floor":31.0,"key":"FairyPotion"},{"floor":47.0,"key":"Energy Potion"}],"is_trial":false,"path_per_floor":["M","?","M","$","M","R","E","?","T","R","M","E","R","M","R","B",null,"M","?","$","?","M","E","R","M","T","E","?","$","M","M","R","B",null,"M","M","?","M","M","E","$","R","T","E","T","?","M","E","R","B","B",null,"R","$","E","B",null],"character_chosen":"THE_SILENT","items_purchased":["Toolbox","Footwork+1","Backstab","Oddly Smooth Stone","TwistedFunnel","Well Laid Plans+1","Membership Card","Calipers","Swift Potion"],"campfire_rested":0,"item_purchase_floors":[4,20,20,29,29,41,54,54,54],"current_hp_per_floor":[56,56,46,46,39,39,39,39,39,39,31,17,17,17,17,10,48,48,46,46,46,46,26,26,26,26,22,22,22,22,22,22,22,51,51,51,51,51,51,51,51,51,51,51,51,51,51,51,51,50,34,54,54,54,54,9],"gold":43,"neow_bonus":"TWO_FIFTY_GOLD","is_prod":false,"is_daily":false,"chose_seed":false,"campfire_upgraded":8,"win_rate":0,"timestamp":1549281220,"path_taken":["M","?","M","$","M","R","E","?","T","R","M","E","R","M","R","BOSS","M","?","$","?","M","E","R","M","T","E","?","$","M","M","R","BOSS","M","M","?","?","M","E","$","R","T","E","?","?","M","E","R","BOSS","BOSS","R","$","E","BOSS"],"build_version":"2019-01-23","purchased_purges":3,"victory":true,"max_hp_per_floor":[66,66,66,66,66,66,66,60,60,60,60,60,60,60,60,60,60,60,60,60,60,60,60,60,60,60,60,60,60,60,60,60,60,60,60,60,60,60,60,60,60,60,60,60,60,60,60,60,60,60,60,60,60,60,60,60],"card_choices":[{"not_picked":["Choke","Escape Plan"],"picked":"Deadly Poison","floor":1.0},{"not_picked":["Quick Slash","Prepared","Blade Dance"],"picked":"SKIP","floor":3.0},{"not_picked":["Poisoned Stab","PiercingWail"],"picked":"Catalyst","floor":5.0},{"not_picked":["Poisoned Stab","Sucker Punch","Prepared"],"picked":"SKIP","floor":7.0},{"not_picked":["Escape Plan","Storm of Steel"],"picked":"Deadly Poison","floor":11.0},{"not_picked":["Acrobatics","Underhanded Strike"],"picked":"Backflip","floor":12.0},{"not_picked":["Prepared","Quick Slash","Choke"],"picked":"SKIP","floor":14.0},{"not_picked":["Doppelganger","Unload"],"picked":"Corpse Explosion","floor":16.0},{"not_picked":["Slice+1","Terror","Poisoned Stab"],"picked":"SKIP","floor":18.0},{"not_picked":["Deadly Poison+1","Underhanded Strike","Slice"],"picked":"SKIP","floor":22.0},{"not_picked":["Slice","Riddle With Holes"],"picked":"PiercingWail+1","floor":23.0},{"not_picked":["Accuracy+1","Deadly Poison"],"picked":"Noxious Fumes+1","floor":25.0},{"not_picked":["Dash","Reflex"],"picked":"Catalyst","floor":27.0},{"not_picked":["Outmaneuver","Tactician","Blur"],"picked":"SKIP","floor":30.0},{"not_picked":["Escape Plan","Eviscerate"],"picked":"PiercingWail+1","floor":31.0},{"not_picked":["Venomology","Phantasmal Killer"],"picked":"Wraith Form v2+1","floor":33.0},{"not_picked":["Bane"],"picked":"SKIP","floor":35.0},{"not_picked":[],"picked":"Backflip","floor":36.0},{"not_picked":["Underhanded Strike"],"picked":"SKIP","floor":38.0},{"not_picked":["Flying Knee"],"picked":"SKIP","floor":39.0},{"not_picked":["Flying Knee"],"picked":"SKIP","floor":39.0},{"not_picked":["Outmaneuver"],"picked":"SKIP","floor":40.0},{"not_picked":["Deflect+1"],"picked":"SKIP","floor":44.0},{"not_picked":["Distraction+1"],"picked":"SKIP","floor":47.0},{"not_picked":["Riddle With Holes"],"picked":"SKIP","floor":48.0},{"not_picked":["Poisoned Stab+1"],"picked":"SKIP","floor":55}],"player_experience":1188342,"relics_obtained":[{"floor":7.0,"key":"Frozen Egg 2"},{"floor":9.0,"key":"Mercury Hourglass"},{"floor":12.0,"key":"Centennial Puzzle"},{"floor":19.0,"key":"Red Mask"},{"floor":23.0,"key":"Bag of Marbles"},{"floor":26.0,"key":"Bottled Lightning"},{"floor":27.0,"key":"Anchor"},{"floor":40.0,"key":"Tiny Chest"},{"floor":44.0,"key":"Juzu Bracelet"},{"floor":45.0,"key":"Gremlin Horn"},{"floor":48.0,"key":"Sundial"},{"floor":55,"key":"Ginger"}],"event_choices":[{"damage_healed":0.0,"max_hp_gain":0.0,"max_hp_loss":0.0,"gold_gain":150.0,"event_name":"Liars Game","player_choice":"AGREE","floor":2.0,"gold_loss":0.0,"damage_taken":0.0,"cards_obtained":["Doubt"]},{"damage_healed":0.0,"max_hp_gain":0.0,"max_hp_loss":6.0,"gold_gain":0.0,"event_name":"Golden Idol","player_choice":"Lose Max HP","floor":8.0,"gold_loss":0.0,"damage_taken":0.0,"relics_obtained":["Golden Idol"]},{"damage_healed":0.0,"max_hp_gain":0.0,"max_hp_loss":0.0,"gold_gain":0.0,"event_name":"Masked Bandits","player_choice":"Fought Bandits","floor":19.0,"gold_loss":0.0,"damage_taken":0.0},{"damage_healed":0.0,"max_hp_gain":0.0,"max_hp_loss":0.0,"gold_gain":0.0,"event_name":"Back to Basics","player_choice":"Simplicity","floor":21.0,"gold_loss":0.0,"damage_taken":0.0,"cards_upgraded":["Defend_G","Defend_G","Defend_G","Defend_G","Defend_G","Strike_G","Strike_G","Strike_G","Strike_G"]},{"damage_healed":0.0,"max_hp_gain":0.0,"max_hp_loss":0.0,"gold_gain":0.0,"cards_transformed":["Strike_G","Strike_G"],"event_name":"Drug Dealer","player_choice":"Became Test Subject","floor":28.0,"gold_loss":0.0,"damage_taken":0.0,"cards_obtained":["Backflip","Riddle With Holes"]},{"damage_healed":0.0,"max_hp_gain":0.0,"max_hp_loss":0.0,"gold_gain":0.0,"event_name":"Upgrade Shrine","player_choice":"Upgraded","floor":37.0,"gold_loss":0.0,"damage_taken":0.0,"cards_upgraded":["Backflip"]},{"damage_healed":0.0,"max_hp_gain":0.0,"max_hp_loss":0.0,"gold_gain":222.0,"event_name":"Tomb of Lord Red Mask","player_choice":"Wore Mask","floor":46.0,"gold_loss":0.0,"damage_taken":0.0}],"is_beta":true,"boss_relics":[{"not_picked":["Ectoplasm","Astrolabe"],"picked":"Philosopher\u0027s Stone"},{"not_picked":["Sozu","Fusion Hammer"],"picked":"Busted Crown"}],"items_purged_floors":[4,20,41],"is_endless":false,"potions_floor_spawned":[3,7,14,18,25,30,31,33,35,47,48],"ascension_level":20}