{"gold_per_floor":[115,115,129,129,129,154,154,187,187,187,204,230,230,261,261,332,332,342,342,359,249,261,290,290,36,36,63,63,76,76,110,110,110],"floor_reached":33,"playtime":1803,"items_purged":["Strike_R"],"score":733,"play_id":"6a4f0c7d-30bf-467b-8e02-ee48d862c151","local_time":"20190325222140","is_ascension_mode":true,"campfire_choices":[{"data":"Immolate","floor":7.0,"key":"SMITH"},{"data":"Bash","floor":10.0,"key":"SMITH"},{"data":"Pommel Strike","floor":15.0,"key":"SMITH"},{"floor":24.0,"key":"REST"},{"floor":28.0,"key":"REST"},{"floor":32,"key":"REST"}],"neow_cost":"NONE","seed_source_timestamp":90422210798482,"circlet_count":0,"master_deck":["AscendersBane","Strike_R","Strike_R","Defend_R","Defend_R","Defend_R+1","Defend_R","Bash+1","Pommel Strike+1","Headbutt","Immolate+1","Flame Barrier+1","Shrug It Off","Burning Pact","Immolate","Uppercut","Feed","Battle Trance","Ghostly Armor","Sever Soul+1"],"special_seed":0,"relics":["Burning Blood","NeowsBlessing","Gambling Chip","Happy Flower","Pear","Incense Burner","Potion Belt","Cursed Key","Nilry\u0027s Codex","Kunai","Membership Card","Art of War","Pen Nib"],"potions_floor_usage":[33,33],"damage_taken":[{"damage":0.0,"enemies":"Jaw Worm","floor":1.0,"turns":1.0},{"damage":0.0,"enemies":"Small Slimes","floor":3.0,"turns":1.0},{"damage":0.0,"enemies":"Gremlin Nob","floor":6.0,"turns":1.0},{"damage":30.0,"enemies":"Lagavulin","floor":8.0,"turns":6.0},{"damage":0.0,"enemies":"2 Louse","floor":11.0,"turns":1.0},{"damage":10.0,"enemies":"3 Sentries","floor":12.0,"turns":2.0},{"damage":11.0,"enemies":"Lagavulin","floor":14.0,"turns":6.0},{"damage":50.0,"enemies":"Slime Boss","floor":16.0,"turns":9.0},{"damage":22.0,"enemies":"Shell Parasite","floor":18.0,"turns":4.0},{"damage":10.0,"enemies":"Chosen","floor":20.0,"turns":4.0},{"damage":0.0,"enemies":"Snake Plant","floor":22.0,"turns":2.0},{"damage":14.0,"enemies":"Book of Stabbing","floor":23.0,"turns":4.0},{"damage":34.0,"enemies":"Gremlin Leader","floor":27.0,"turns":5.0},{"damage":18.0,"enemies":"Centurion and Healer","floor":29.0,"turns":4.0},{"damage":31,"enemies":"Slavers","floor":31,"turns":4},{"damage":97,"enemies":"Collector","floor":33,"turns":9}],"seed_played":"7959297891934806242","potions_obtained":[{"floor":8.0,"key":"Energy Potion"},{"floor":11.0,"key":"LiquidBronze"},{"floor":14.0,"key":"SpeedPotion"},{"floor":20.0,"key":"AttackPotion"},{"floor":27.0,"key":"Poison Potion"},{"floor":31,"key":"PowerPotion"}],"is_trial":false,"path_per_floor":["M","?","M","?","?","E","R","E","T","R","M","E","?","E","R","B",null,"M","?","M","?","M","E","R","$","T","E","R","M","?","E","R","B"],"character_chosen":"IRONCLAD","items_purchased":["Membership Card"],"campfire_rested":3,"item_purchase_floors":[25],"current_hp_per_floor":[74,67,73,78,78,80,80,56,66,66,72,68,68,63,63,19,72,56,35,31,31,37,29,56,56,56,28,55,46,46,24,52,0],"gold":110,"neow_bonus":"THREE_ENEMY_KILL","is_prod":false,"is_daily":false,"chose_seed":false,"campfire_upgraded":3,"win_rate":0,"timestamp":1553548900,"path_taken":["M","?","M","?","?","E","R","E","T","R","?","E","?","E","R","BOSS","M","?","M","?","?","E","R","?","T","E","R","M","?","E","R","BOSS"],"build_version":"2019-01-23","purchased_purges":1,"victory":false,"max_hp_per_floor":[75,75,75,80,80,80,80,80,90,90,90,90,90,90,90,90,90,90,90,90,90,90,90,90,90,90,90,90,93,93,96,96,96],"card_choices":[{"not_picked":["Wild Strike","Burning Pact"],"picked":"Pommel Strike","floor":1.0},{"not_picked":["Reckless Charge","Cleave"],"picked":"Headbutt","floor":3.0},{"not_picked":["Headbutt","Warcry"],"picked":"Immolate","floor":6.0},{"not_picked":["Cleave","Fire Breathing","Anger"],"picked":"SKIP","floor":8.0},{"not_picked":["Dual Wield","Rage"],"picked":"Flame Barrier","floor":11.0},{"not_picked":["Clash","Sword Boomerang"],"picked":"Shrug It Off","floor":12.0},{"not_picked":["Entrench","Reckless Charge"],"picked":"Burning Pact","floor":14.0},{"not_picked":["Demon Form","Brutality"],"picked":"Immolate","floor":16.0},{"not_picked":["Clash","Iron Wave+1"],"picked":"Uppercut","floor":18.0},{"not_picked":["Cleave+1","Wild Strike","Warcry"],"picked":"SKIP","floor":20.0},{"not_picked":["Flex+1","Dual Wield"],"picked":"Feed","floor":22.0},{"not_picked":["Iron Wave","Seeing Red"],"picked":"Battle Trance","floor":23.0},{"not_picked":["Sever Soul","True Grit"],"picked":"Ghostly Armor","floor":27.0},{"not_picked":["Wild Strike+1","Thunderclap","Anger"],"picked":"SKIP","floor":29.0},{"not_picked":["Whirlwind","Fire Breathing"],"picked":"Sever Soul+1","floor":31}],"player_experience":2198722,"relics_obtained":[{"floor":6.0,"key":"Gambling Chip"},{"floor":8.0,"key":"Happy Flower"},{"floor":9.0,"key":"Pear"},{"floor":12.0,"key":"Incense Burner"},{"floor":14.0,"key":"Potion Belt"},{"floor":19.0,"key":"Nilry\u0027s Codex"},{"floor":23.0,"key":"Kunai"},{"floor":27.0,"key":"Art of War"},{"floor":31,"key":"Pen Nib"}],"event_choices":[{"cards_removed":["Strike_R"],"damage_healed":0.0,"max_hp_gain":0.0,"max_hp_loss":0.0,"gold_gain":0.0,"event_name":"Golden Wing","player_choice":"Card Removal","floor":2.0,"gold_loss":0.0,"damage_taken":7.0},{"damage_healed":0.0,"max_hp_gain":5.0,"max_hp_loss":0.0,"gold_gain":0.0,"event_name":"Big Fish","player_choice":"Donut","floor":4.0,"gold_loss":0.0,"damage_taken":0.0},{"damage_healed":0.0,"max_hp_gain":0.0,"max_hp_loss":0.0,"gold_gain":0.0,"event_name":"Liars Game","player_choice":"Ignored","floor":5.0,"gold_loss":0.0,"damage_taken":0.0},{"damage_healed":0.0,"max_hp_gain":0.0,"max_hp_loss":0.0,"gold_gain":0.0,"event_name":"Upgrade Shrine","player_choice":"Upgraded","floor":13.0,"gold_loss":0.0,"damage_taken":0.0,"cards_upgraded":["Flame Barrier"]},{"damage_healed":0.0,"max_hp_gain":0.0,"max_hp_loss":0.0,"gold_gain":0.0,"event_name":"Cursed Tome","player_choice":"Obtained Book","floor":19.0,"gold_loss":0.0,"damage_taken":21.0},{"cards_removed":["Strike_R"],"damage_healed":0.0,"max_hp_gain":0.0,"max_hp_loss":0.0,"gold_gain":0.0,"event_name":"Designer","player_choice":"Upgrade and Remove","floor":21.0,"gold_loss":110.0,"damage_taken":0.0,"cards_upgraded":["Defend_R"]},{"damage_healed":0.0,"max_hp_gain":0.0,"max_hp_loss":0.0,"gold_gain":0.0,"event_name":"Vampires","player_choice":"Ignored","floor":30.0,"gold_loss":0.0,"damage_taken":0.0}],"is_beta":false,"boss_relics":[{"not_picked":["Eternal Feather","Runic Cube"],"picked":"Cursed Key"}],"items_purged_floors":[25],"is_endless":false,"potions_floor_spawned":[8,11,14,20,27,31],"killed_by":"Collector","ascension_level":20}