{"gold_per_floor":[119,135,135,148,73,107,107,134,134,167,167,202,212,243,243,322,322,336,336,349,206,218,246,246,278,278,278],"floor_reached":27,"playtime":2365,"items_purged":["Regret","Strike_B"],"score":628,"play_id":"72aca470-9845-4a4d-bc80-73f2678a3301","local_time":"20190325215019","is_ascension_mode":true,"campfire_choices":[{"floor":7,"key":"REST"},{"floor":15,"key":"REST"},{"floor":24,"key":"REST"}],"neow_cost":"NONE","seed_source_timestamp":88043527229695,"circlet_count":0,"master_deck":["AscendersBane","Strike_B","Strike_B","Strike_B","Defend_B","Defend_B","Defend_B","Defend_B","Zap","Dualcast","Doom and Gloom","Defragment","Glacier","Buffer","Gash","Defragment","Darkness","Recycle","Creative AI","Undo","Glacier","Machine Learning","Loop","Ball Lightning"],"relics":["Fusion Hammer","Bag of Preparation","Bottled Tornado","Omamori","Potion Belt","Regal Pillow","DataDisk","Calipers","Snecko Eye","Dead Branch","Dream Catcher","Prayer Wheel","Pocketwatch"],"potions_floor_usage":[6,8,14,20,23,25,27],"damage_taken":[{"damage":7,"enemies":"Jaw Worm","floor":1,"turns":4},{"damage":0,"enemies":"Small Slimes","floor":2,"turns":2},{"damage":8,"enemies":"Cultist","floor":4,"turns":3},{"damage":23,"enemies":"Gremlin Nob","floor":6,"turns":4},{"damage":7,"enemies":"Lagavulin","floor":8,"turns":5},{"damage":6,"enemies":"3 Sentries","floor":10,"turns":13},{"damage":0,"enemies":"Lagavulin","floor":12,"turns":6},{"damage":0,"enemies":"3 Louse","floor":13,"turns":2},{"damage":17,"enemies":"Gremlin Nob","floor":14,"turns":5},{"damage":27,"enemies":"Hexaghost","floor":16,"turns":12},{"damage":1,"enemies":"3 Byrds","floor":18,"turns":5},{"damage":0,"enemies":"Spheric Guardian","floor":20,"turns":6},{"damage":6,"enemies":"Shelled Parasite and Fungi","floor":22,"turns":4},{"damage":2,"enemies":"Gremlin Leader","floor":23,"turns":7},{"damage":62,"enemies":"Slavers","floor":25,"turns":6},{"damage":26,"enemies":"Gremlin Leader","floor":27,"turns":3}],"seed_played":"-6502208368491030285","potions_obtained":[{"floor":1,"key":"Strength Potion"},{"floor":4,"key":"AttackPotion"},{"floor":8,"key":"Strength Potion"},{"floor":10,"key":"PowerPotion"},{"floor":14,"key":"SpeedPotion"},{"floor":18,"key":"FearPotion"},{"floor":20,"key":"LiquidBronze"}],"is_trial":false,"path_per_floor":["M","M","?","M","$","E","R","E","T","E","?","E","M","E","R","B",null,"M","?","M","$","M","E","R","E","T","E"],"character_chosen":"DEFECT","items_purchased":["Glacier"],"campfire_rested":3,"item_purchase_floors":[21],"current_hp_per_floor":[57,57,57,49,49,26,47,40,40,34,34,34,34,17,53,26,60,59,59,59,59,53,51,71,9,9,0],"gold":278,"neow_bonus":"BOSS_RELIC","is_prod":false,"is_daily":false,"chose_seed":false,"campfire_upgraded":0,"win_rate":0,"timestamp":1553547019,"path_taken":["M","M","?","M","$","E","R","E","T","E","?","E","M","E","R","BOSS","M","?","M","$","M","E","R","E","T","E"],"build_version":"2019-01-23","purchased_purges":2,"victory":false,"max_hp_per_floor":[71,71,71,71,71,71,71,71,71,71,71,71,71,71,71,71,71,71,71,71,71,71,71,71,71,71,71],"card_choices":[{"not_picked":["Storm","Double Energy"],"picked":"Doom and Gloom","floor":1},{"not_picked":["Redo","Barrage"],"picked":"Defragment","floor":2},{"not_picked":["Beam Cell","Sweeping Beam"],"picked":"Glacier","floor":4},{"not_picked":["Capacitor","Turbo"],"picked":"Buffer","floor":6},{"not_picked":["Chill","Streamline"],"picked":"Gash","floor":8},{"not_picked":["Chaos","Compile Driver"],"picked":"Defragment","floor":10},{"not_picked":["Auto Shields","Chaos","Turbo"],"picked":"SKIP","floor":12},{"not_picked":["Auto Shields","Chaos","Turbo"],"picked":"SKIP","floor":12},{"not_picked":["Redo","Rebound"],"picked":"Recycle","floor":13},{"not_picked":["Tempest","Barrage","Rebound"],"picked":"SKIP","floor":14},{"not_picked":["Amplify","Fission"],"picked":"Creative AI","floor":16},{"not_picked":["Rebound+1","Barrage","Recycle"],"picked":"SKIP","floor":18},{"not_picked":["Leap","Gash"],"picked":"Undo","floor":20},{"not_picked":["Aggregate","Leap"],"picked":"Machine Learning","floor":22},{"not_picked":["Coolheaded","Gash","Go for the Eyes"],"picked":"SKIP","floor":23},{"not_picked":["Storm","Rebound"],"picked":"Loop","floor":24},{"not_picked":["Stack","Hologram"],"picked":"Ball Lightning","floor":25}],"player_experience":2196357,"relics_obtained":[{"floor":6,"key":"Bottled Tornado"},{"floor":8,"key":"Omamori"},{"floor":9,"key":"Potion Belt"},{"floor":10,"key":"Regal Pillow"},{"floor":12,"key":"DataDisk"},{"floor":14,"key":"Calipers"},{"floor":23,"key":"Dream Catcher"},{"floor":25,"key":"Prayer Wheel"},{"floor":26,"key":"Pocketwatch"}],"event_choices":[{"damage_healed":0,"gold_gain":0,"player_choice":"Box","damage_taken":0,"relics_obtained":["Bag of Preparation"],"max_hp_gain":0,"max_hp_loss":0,"event_name":"Big Fish","floor":3,"gold_loss":0,"cards_obtained":["Regret"]},{"damage_healed":0,"gold_gain":0,"player_choice":"1 cards matched","damage_taken":0,"max_hp_gain":0,"max_hp_loss":0,"event_name":"Match and Keep!","floor":11,"gold_loss":0,"cards_obtained":["Darkness"]},{"damage_healed":0,"gold_gain":0,"player_choice":"Opened","damage_taken":0,"relics_obtained":["Dead Branch"],"max_hp_gain":0,"max_hp_loss":0,"event_name":"The Mausoleum","floor":19,"gold_loss":0,"cards_obtained":["Writhe"]}],"is_beta":false,"boss_relics":[{"not_picked":["Eternal Feather","Velvet Choker"],"picked":"Snecko Eye"}],"items_purged_floors":[5,21],"is_endless":false,"potions_floor_spawned":[1,4,8,10,14,18,20],"killed_by":"Gremlin Leader","ascension_level":20}