{"gold_per_floor":[117,117,133,145,159,186,250,250,303,303,339,351,429,441],"floor_reached":14,"playtime":716,"items_purged":[],"score":146,"play_id":"6afc27b4-6006-4e00-aaf8-1e9d567a75df","local_time":"20190524061603","is_ascension_mode":true,"campfire_choices":[{"floor":8,"key":"REST"},{"floor":12,"key":"REST"}],"neow_cost":"NONE","seed_source_timestamp":440662792721571,"circlet_count":0,"master_deck":["Strike_R","Strike_R","Strike_R","Strike_R","Strike_R","Defend_R","Defend_R","Defend_R","Defend_R","Bash","Clothesline","Clothesline","Barricade"],"special_seed":0,"relics":["Burning Blood","CultistMask","Vajra","Ancient Tea Set","Golden Idol","MawBank","Tiny Chest"],"potions_floor_usage":[13],"damage_taken":[{"damage":2.0,"enemies":"2 Louse","floor":1.0,"turns":4.0},{"damage":4.0,"enemies":"Cultist","floor":3.0,"turns":5.0},{"damage":4.0,"enemies":"Jaw Worm","floor":4.0,"turns":4.0},{"damage":22.0,"enemies":"Exordium Wildlife","floor":5.0,"turns":9.0},{"damage":20.0,"enemies":"Lagavulin","floor":6.0,"turns":6.0},{"damage":55,"enemies":"Lagavulin Event","floor":7,"turns":9},{"damage":26,"enemies":"Gremlin Nob","floor":11,"turns":5},{"damage":37,"enemies":"3 Sentries","floor":13,"turns":12},{"damage":24,"enemies":"Exordium Thugs","floor":14,"turns":4}],"seed_played":"-9162646869865387987","potions_obtained":[{"floor":1.0,"key":"AttackPotion"},{"floor":4.0,"key":"Dexterity Potion"},{"floor":5.0,"key":"PowerPotion"},{"floor":6,"key":"FairyPotion"},{"floor":7,"key":"Swift Potion"}],"is_trial":false,"path_per_floor":["M","?","M","M","M","E","?","R","T","?","E","R","E","M"],"character_chosen":"IRONCLAD","items_purchased":[],"campfire_rested":2,"item_purchase_floors":[],"current_hp_per_floor":[84,84,86,88,72,58,9,35,35,35,15,39,8,0],"gold":441,"neow_bonus":"TEN_PERCENT_HP_BONUS","is_prod":false,"is_daily":false,"chose_seed":false,"campfire_upgraded":0,"win_rate":0,"timestamp":1558658763,"path_taken":["M","?","?","M","M","E","?","R","T","?","E","R","E","M"],"build_version":"2019-01-23","purchased_purges":0,"victory":false,"max_hp_per_floor":[88,88,88,88,88,88,88,88,88,81,81,81,81,81],"card_choices":[{"not_picked":["Bloodletting","Reckless Charge","Fire Breathing"],"picked":"SKIP","floor":1.0},{"not_picked":["Havoc","Dual Wield"],"picked":"Clothesline","floor":3.0},{"not_picked":["Power Through","Dual Wield","Sword Boomerang"],"picked":"SKIP","floor":4.0},{"not_picked":["Thunderclap","Flex","Twin Strike"],"picked":"SKIP","floor":5.0},{"not_picked":["Sword Boomerang","Wild Strike"],"picked":"Clothesline","floor":6},{"not_picked":["Searing Blow","Dual Wield","Blood for Blood"],"picked":"SKIP","floor":11},{"not_picked":["Burning Pact","Dual Wield"],"picked":"Barricade","floor":13}],"player_experience":696931,"relics_obtained":[{"floor":7,"key":"Vajra"},{"floor":9,"key":"Ancient Tea Set"},{"floor":11,"key":"MawBank"},{"floor":13,"key":"Tiny Chest"}],"event_choices":[{"damage_healed":0.0,"max_hp_gain":0.0,"max_hp_loss":0.0,"gold_gain":0.0,"event_name":"FaceTrader","player_choice":"Trade","floor":2.0,"gold_loss":0.0,"damage_taken":0.0,"relics_obtained":["CultistMask"]},{"damage_healed":0,"gold_gain":30,"player_choice":"Searched \u00273\u0027 times","damage_taken":0,"max_hp_gain":0,"max_hp_loss":0,"event_name":"Dead Adventurer","floor":7,"gold_loss":0},{"damage_healed":0,"gold_gain":0,"player_choice":"Lose Max HP","damage_taken":0,"relics_obtained":["Golden Idol"],"max_hp_gain":0,"max_hp_loss":7,"event_name":"Golden Idol","floor":10,"gold_loss":0}],"is_beta":false,"boss_relics":[],"items_purged_floors":[],"is_endless":false,"potions_floor_spawned":[1,4,5,6,7],"killed_by":"Exordium Thugs","ascension_level":7}