{"gold_per_floor":[361,376,389,389,23,56,4,0,0,35,35,35,94,106,106,181,181,197,167,180,105,105,132,232,232,232,262,272,63,63,63,63,63],"floor_reached":33,"playtime":62866,"items_purged":["Defend_G"],"score":623,"play_id":"c4f184e2-ce24-4c91-894b-e404e90bbd65","local_time":"20190310132800","is_ascension_mode":true,"campfire_choices":[{"floor":11,"key":"REST"},{"data":"Well Laid Plans","floor":15,"key":"SMITH"},{"floor":25,"key":"REST"},{"data":"Wraith Form v2","floor":32,"key":"SMITH"}],"neow_cost":"TEN_PERCENT_HP_LOSS","seed_source_timestamp":11746409199473,"circlet_count":0,"master_deck":["AscendersBane","Defend_G","Defend_G","Defend_G","Defend_G","Survivor","Neutralize","Dagger Throw","Backflip","Well Laid Plans+1","Flying Knee","Endless Agony","PiercingWail","Dagger Spray","Die Die Die","Crippling Poison","Wraith Form v2+1","Outmaneuver+1","Bite","Bite","Bite","Bite","Bite","Poisoned Stab","Ghostly","Ghostly","Ghostly"],"relics":["Ring of the Snake","PreservedInsect","Bottled Tornado","Juzu Bracelet","Tiny Chest","Snecko Eye","Bag of Marbles","Bird Faced Urn","Mercury Hourglass","Paper Crane","Strawberry","Lee\u0027s Waffle"],"potions_floor_usage":[6,10,16,23,23,33],"damage_taken":[{"damage":4,"enemies":"Small Slimes","floor":1,"turns":4},{"damage":0,"enemies":"Jaw Worm","floor":2,"turns":6},{"damage":0,"enemies":"Cultist","floor":3,"turns":4},{"damage":19,"enemies":"3 Sentries","floor":6,"turns":9},{"damage":7,"enemies":"Gremlin Nob","floor":10,"turns":4},{"damage":12,"enemies":"3 Sentries","floor":13,"turns":7},{"damage":0,"enemies":"Gremlin Gang","floor":14,"turns":2},{"damage":12,"enemies":"The Guardian","floor":16,"turns":14},{"damage":19,"enemies":"Shell Parasite","floor":18,"turns":8},{"damage":1,"enemies":"3 Byrds","floor":20,"turns":5},{"damage":13,"enemies":"Book of Stabbing","floor":23,"turns":4},{"damage":22,"enemies":"Colosseum Slavers","floor":24,"turns":6},{"damage":6,"enemies":"Colosseum Nobs","floor":24,"turns":3},{"damage":11,"enemies":"Gremlin Leader","floor":27,"turns":6},{"damage":27,"enemies":"Shelled Parasite and Fungi","floor":28,"turns":5},{"damage":61,"enemies":"Collector","floor":33,"turns":10}],"seed_played":"5140925286373821967","potions_obtained":[{"floor":3,"key":"SkillPotion"},{"floor":6,"key":"GhostInAJar"},{"floor":14,"key":"PowerPotion"},{"floor":18,"key":"Poison Potion"},{"floor":19,"key":"Weak Potion"},{"floor":24,"key":"Regen Potion"},{"floor":27,"key":"SpeedPotion"}],"is_trial":false,"path_per_floor":["M","M","M","?","$","E","$","?","T","E","R","?","E","M","R","B",null,"M","?","M","?","?","E","?","R","T","E","M","$","?","T","R","B"],"character_chosen":"THE_SILENT","items_purchased":["PreservedInsect","Well Laid Plans","Flying Knee","PiercingWail","Lee\u0027s Waffle"],"campfire_rested":2,"item_purchase_floors":[5,5,5,7,29],"current_hp_per_floor":[55,55,55,48,48,29,29,29,29,24,42,42,32,34,34,24,51,34,34,35,35,35,36,26,44,44,62,47,74,37,37,37,0],"gold":63,"neow_bonus":"TWO_FIFTY_GOLD","is_prod":false,"is_daily":false,"chose_seed":false,"campfire_upgraded":2,"win_rate":0,"timestamp":1552220880,"path_taken":["M","M","M","?","$","E","$","?","T","E","R","?","E","M","R","BOSS","M","?","M","?","?","E","?","R","T","E","M","$","?","?","R","BOSS"],"build_version":"2019-01-23","purchased_purges":1,"victory":false,"max_hp_per_floor":[60,60,60,60,60,60,60,60,60,60,60,60,60,60,60,60,60,60,60,60,60,60,60,60,60,60,67,67,74,37,37,37,37],"card_choices":[{"not_picked":["Cloak And Dagger","Quick Slash"],"picked":"Dagger Throw","floor":1},{"not_picked":["Tactician","Sucker Punch","Blade Dance"],"picked":"SKIP","floor":2},{"not_picked":["Reflex","Acrobatics"],"picked":"Backflip","floor":3},{"not_picked":["Slice","Dodge and Roll"],"picked":"Endless Agony","floor":6},{"not_picked":["Blade Dance","Outmaneuver"],"picked":"Dagger Spray","floor":10},{"not_picked":["Acrobatics","Cloak And Dagger"],"picked":"Die Die Die","floor":13},{"not_picked":["Acrobatics","Backstab"],"picked":"Crippling Poison","floor":14},{"not_picked":["Corpse Explosion","Adrenaline"],"picked":"Wraith Form v2","floor":16},{"not_picked":["Quick Slash","Blur"],"picked":"Outmaneuver+1","floor":18},{"not_picked":["Distraction","Finisher","Deflect"],"picked":"SKIP","floor":20},{"not_picked":["Underhanded Strike","Backflip","Quick Slash"],"picked":"SKIP","floor":23},{"not_picked":["PiercingWail","Sucker Punch"],"picked":"Poisoned Stab","floor":24},{"not_picked":["Dagger Throw","All Out Attack","Outmaneuver"],"picked":"SKIP","floor":27},{"not_picked":["Quick Slash","Concentrate","Heel Hook"],"picked":"SKIP","floor":28}],"player_experience":1918191,"relics_obtained":[{"floor":6,"key":"Bottled Tornado"},{"floor":9,"key":"Blood Vial"},{"floor":10,"key":"Juzu Bracelet"},{"floor":13,"key":"Tiny Chest"},{"floor":23,"key":"Bag of Marbles"},{"floor":24,"key":"Bird Faced Urn"},{"floor":24,"key":"Mercury Hourglass"},{"floor":26,"key":"Paper Crane"},{"floor":27,"key":"Strawberry"}],"event_choices":[{"cards_removed":["Strike_G"],"damage_healed":0,"gold_gain":0,"player_choice":"Card Removal","damage_taken":7,"max_hp_gain":0,"max_hp_loss":0,"event_name":"Golden Wing","floor":4,"gold_loss":0},{"damage_healed":0,"gold_gain":0,"player_choice":"Left Gold","damage_taken":0,"max_hp_gain":0,"max_hp_loss":0,"event_name":"World of Goop","floor":8,"gold_loss":4},{"cards_removed":["Strike_G"],"damage_healed":0,"gold_gain":0,"player_choice":"Offered Basic","damage_taken":0,"max_hp_gain":0,"max_hp_loss":0,"event_name":"Bonfire Elementals","floor":12,"gold_loss":0},{"damage_healed":0,"gold_gain":0,"player_choice":"Bought 2 Potions","damage_taken":0,"max_hp_gain":0,"max_hp_loss":0,"event_name":"The Woman in Blue","floor":19,"gold_loss":0},{"cards_removed":["Strike_G"],"damage_healed":0,"gold_gain":0,"player_choice":"Gave Gold","damage_taken":0,"max_hp_gain":0,"max_hp_loss":0,"event_name":"Beggar","floor":21,"gold_loss":75},{"damage_healed":0,"gold_gain":0,"player_choice":"Became a vampire (Vial)","damage_taken":0,"max_hp_gain":0,"max_hp_loss":0,"event_name":"Vampires","floor":22,"relics_lost":["Blood Vial"],"gold_loss":0,"cards_obtained":["Bite","Bite","Bite","Bite","Bite"]},{"damage_healed":0,"gold_gain":0,"player_choice":"Fight","damage_taken":0,"max_hp_gain":0,"max_hp_loss":0,"event_name":"Colosseum","floor":24,"gold_loss":0},{"damage_healed":0,"gold_gain":0,"player_choice":"Fought Nobs","damage_taken":0,"max_hp_gain":0,"max_hp_loss":0,"event_name":"Colosseum","floor":24,"gold_loss":0},{"damage_healed":0,"gold_gain":0,"player_choice":"Became a Ghost","damage_taken":0,"max_hp_gain":0,"max_hp_loss":37,"event_name":"Ghosts","floor":30,"gold_loss":0,"cards_obtained":["Ghostly","Ghostly","Ghostly"]}],"is_beta":false,"boss_relics":[{"not_picked":["Ectoplasm","HoveringKite"],"picked":"Snecko Eye"}],"items_purged_floors":[5],"is_endless":false,"potions_floor_spawned":[3,6,14,18,24,24,27],"killed_by":"Collector","ascension_level":20}