{"gold_per_floor":[13,23,23,35,35,35,64,64,64,99,112,127,127,147,147,221,221,233,247,247,265,265],"floor_reached":22,"playtime":1689,"items_purged":[],"score":396,"play_id":"dd62bf37-4847-40d2-9197-665c849e6c4e","local_time":"20190522143743","is_ascension_mode":true,"campfire_choices":[{"data":"Tempest","floor":6.0,"key":"SMITH"},{"data":"Reinforced Body","floor":8.0,"key":"SMITH"},{"floor":13,"key":"REST"},{"data":"Rip and Tear","floor":15,"key":"SMITH"}],"neow_cost":"NO_GOLD","seed_source_timestamp":609401559104536,"circlet_count":0,"master_deck":["AscendersBane","Strike_B","Strike_B","Defend_B","Defend_B","Defend_B","Defend_B","Zap+1","Dualcast","Double Energy+1","Tempest+1","Reinforced Body+1","Rip and Tear+1","Coolheaded+1","Glacier","Ball Lightning","Hologram","Meteor Strike","Compile Driver","Static Discharge","Pain"],"special_seed":0,"relics":["Cracked Core","Gremlin Horn","War Paint","Mummified Hand","Nuclear Battery","WarpedTongs"],"potions_floor_usage":[10,10,16,16],"damage_taken":[{"damage":6.0,"enemies":"Jaw Worm","floor":1.0,"turns":6.0},{"damage":1.0,"enemies":"2 Louse","floor":2.0,"turns":2.0},{"damage":1.0,"enemies":"Cultist","floor":4.0,"turns":3.0},{"damage":15.0,"enemies":"Lagavulin","floor":7.0,"turns":3.0},{"damage":23,"enemies":"3 Sentries","floor":10,"turns":10},{"damage":1,"enemies":"Looter","floor":11,"turns":2},{"damage":4,"enemies":"Red Slaver","floor":12,"turns":2},{"damage":0,"enemies":"Exordium Wildlife","floor":14,"turns":4},{"damage":22,"enemies":"Slime Boss","floor":16,"turns":10},{"damage":6,"enemies":"Chosen","floor":18,"turns":4},{"damage":6,"enemies":"2 Thieves","floor":19,"turns":4},{"damage":17,"enemies":"Centurion and Healer","floor":21,"turns":7},{"damage":31,"enemies":"Sentry and Sphere","floor":22,"turns":7}],"seed_played":"8203800091451427108","potions_obtained":[{"floor":2.0,"key":"Strength Potion"},{"floor":7.0,"key":"GamblersBrew"},{"floor":11,"key":"SmokeBomb"},{"floor":12,"key":"Block Potion"},{"floor":14,"key":"FocusPotion"},{"floor":19,"key":"FocusPotion"}],"is_trial":false,"path_per_floor":["M","M","?","M","?","R","E","R","T","E","M","M","R","M","R","B",null,"M","M","?","M","M"],"character_chosen":"DEFECT","items_purchased":[],"campfire_rested":1,"item_purchase_floors":[],"current_hp_per_floor":[58,57,57,56,56,56,41,41,41,18,17,13,34,34,34,12,56,50,44,44,27,0],"gold":265,"neow_bonus":"TRANSFORM_TWO_CARDS","is_prod":false,"is_daily":false,"chose_seed":false,"campfire_upgraded":3,"win_rate":0,"timestamp":1558528663,"path_taken":["M","M","?","M","?","R","E","R","T","E","M","?","R","M","R","BOSS","M","M","?","M","M"],"build_version":"2019-01-23","purchased_purges":0,"victory":false,"max_hp_per_floor":[71,71,71,71,71,71,71,71,71,71,71,71,71,71,71,71,71,71,71,71,71,71],"card_choices":[{"not_picked":["Go for the Eyes","Lockon"],"picked":"Reinforced Body","floor":1.0},{"not_picked":["Leap","Go for the Eyes"],"picked":"Rip and Tear","floor":2.0},{"not_picked":["Stack","Skim"],"picked":"Coolheaded","floor":4.0},{"not_picked":["Genetic Algorithm","All For One"],"picked":"Glacier","floor":7.0},{"not_picked":["Consume","Rebound","Go for the Eyes"],"picked":"SKIP","floor":10},{"not_picked":["Recycle","Streamline"],"picked":"Ball Lightning","floor":11},{"not_picked":["Compile Driver","Sunder"],"picked":"Hologram","floor":12},{"not_picked":["Skim","Chaos","Rip and Tear"],"picked":"SKIP","floor":14},{"not_picked":["Machine Learning","Multi-Cast"],"picked":"Meteor Strike","floor":16},{"not_picked":["Darkness","Compile Driver","Hologram"],"picked":"SKIP","floor":18},{"not_picked":["Darkness","Hologram"],"picked":"Compile Driver","floor":18},{"not_picked":["Coolheaded","Sweeping Beam"],"picked":"Static Discharge","floor":19},{"not_picked":["Ball Lightning","Sunder","Tempest"],"picked":"SKIP","floor":21}],"player_experience":2740279,"relics_obtained":[{"floor":7.0,"key":"Gremlin Horn"},{"floor":9.0,"key":"War Paint"},{"floor":10,"key":"Mummified Hand"}],"event_choices":[{"damage_healed":0.0,"max_hp_gain":0.0,"max_hp_loss":0.0,"gold_gain":0.0,"event_name":"Liars Game","player_choice":"Ignored","floor":3.0,"gold_loss":0.0,"damage_taken":0.0},{"damage_healed":0.0,"max_hp_gain":0.0,"max_hp_loss":0.0,"gold_gain":0.0,"event_name":"Upgrade Shrine","player_choice":"Upgraded","floor":5.0,"gold_loss":0.0,"damage_taken":0.0,"cards_upgraded":["Double Energy"]},{"damage_healed":0,"gold_gain":0,"player_choice":"Rummage","damage_taken":0,"relics_obtained":["WarpedTongs"],"max_hp_gain":0,"max_hp_loss":0,"event_name":"Accursed Blacksmith","floor":20,"gold_loss":0,"cards_obtained":["Pain"]}],"is_beta":false,"boss_relics":[{"not_picked":["Tiny House","Black Star"],"picked":"Nuclear Battery"}],"items_purged_floors":[],"is_endless":false,"potions_floor_spawned":[2,7,11,12,14,19],"killed_by":"Sentry and Sphere","ascension_level":20}