{"gold_per_floor":[113,113,133,153,72,105,105,121,146,146],"floor_reached":10,"playtime":443,"items_purged":[],"score":136,"play_id":"2ab6f434-713f-4d9e-b7db-71ebb840835b","local_time":"20190329201047","is_ascension_mode":true,"campfire_choices":[{"floor":7,"key":"REST"}],"neow_cost":"NONE","seed_source_timestamp":429596684394122,"circlet_count":0,"master_deck":["AscendersBane","Defend_G","Defend_G","Defend_G","Defend_G","Defend_G","Strike_G","Strike_G","Strike_G","Strike_G","Strike_G","Survivor","Neutralize","Riddle With Holes","Caltrops","Unload","A Thousand Cuts","Poisoned Stab"],"relics":["Ring of the Snake","NeowsBlessing","Bag of Marbles","Ancient Tea Set","Happy Flower"],"potions_floor_usage":[6,6,10],"damage_taken":[{"damage":0,"enemies":"2 Louse","floor":1,"turns":1},{"damage":0,"enemies":"Jaw Worm","floor":3,"turns":1},{"damage":0,"enemies":"Small Slimes","floor":4,"turns":1},{"damage":42,"enemies":"Lagavulin","floor":6,"turns":8},{"damage":13,"enemies":"Exordium Thugs","floor":8,"turns":4},{"damage":22,"enemies":"3 Sentries","floor":10,"turns":6}],"seed_played":"4370256979382831557","potions_obtained":[{"floor":1,"key":"EssenceOfSteel"},{"floor":3,"key":"Explosive Potion"},{"floor":6,"key":"FearPotion"}],"is_trial":false,"path_per_floor":["M","?","M","M","$","E","R","M","T","E"],"character_chosen":"THE_SILENT","items_purchased":["Unload"],"campfire_rested":1,"item_purchase_floors":[5],"current_hp_per_floor":[59,54,54,54,54,12,31,18,18,0],"gold":146,"neow_bonus":"THREE_ENEMY_KILL","is_prod":false,"is_daily":false,"chose_seed":false,"campfire_upgraded":0,"win_rate":0,"timestamp":1553886647,"path_taken":["M","?","M","M","$","E","R","M","T","E"],"build_version":"2019-01-23","purchased_purges":0,"victory":false,"max_hp_per_floor":[66,66,66,66,66,66,66,66,66,66],"card_choices":[{"not_picked":["Distraction","Finisher"],"picked":"Riddle With Holes","floor":1},{"not_picked":["Tactician","Cloak And Dagger","Outmaneuver"],"picked":"SKIP","floor":3},{"not_picked":["Blade Dance","Deflect"],"picked":"Caltrops","floor":4},{"not_picked":["Expertise","Acrobatics"],"picked":"A Thousand Cuts","floor":6},{"not_picked":["Setup","Deflect"],"picked":"Poisoned Stab","floor":8}],"player_experience":2224587,"relics_obtained":[{"floor":6,"key":"Ancient Tea Set"},{"floor":9,"key":"Happy Flower"}],"event_choices":[{"damage_healed":0,"gold_gain":0,"player_choice":"Success","damage_taken":5,"relics_obtained":["Bag of Marbles"],"max_hp_gain":0,"max_hp_loss":0,"event_name":"Scrap Ooze","floor":2,"gold_loss":0}],"is_beta":false,"boss_relics":[],"items_purged_floors":[],"is_endless":false,"potions_floor_spawned":[1,3,6],"killed_by":"3 Sentries","ascension_level":20}