{"gold_per_floor":[14,89,89,104,104,104,119,119,119,152,152,231,254,275,275,275],"floor_reached":16,"playtime":540,"items_purged":[],"score":200,"play_id":"c85e1d90-e0b9-4264-972f-9b6cafa04c54","local_time":"20190428114012","is_ascension_mode":true,"campfire_choices":[{"floor":6,"key":"REST"},{"data":"Crippling Poison","floor":8,"key":"SMITH"},{"floor":15,"key":"REST"}],"neow_cost":"NO_GOLD","seed_source_timestamp":1607680542865024,"circlet_count":0,"master_deck":["AscendersBane","Defend_G+1","Defend_G","Defend_G+1","Defend_G+1","Strike_G","Strike_G","Strike_G","Strike_G","Survivor","Neutralize","Dagger Spray","Neutralize","Deflect+1","Crippling Poison+1","Footwork","Malaise","Bane"],"relics":["Ring of the Snake","War Paint","Incense Burner","Golden Idol","Ninja Scroll"],"potions_floor_usage":[],"damage_taken":[{"damage":9,"enemies":"Small Slimes","floor":1,"turns":7},{"damage":0,"enemies":"2 Louse","floor":4,"turns":3},{"damage":0,"enemies":"Cultist","floor":7,"turns":4},{"damage":32,"enemies":"Gremlin Nob","floor":10,"turns":6},{"damage":1,"enemies":"Blue Slaver","floor":13,"turns":4},{"damage":1,"enemies":"2 Fungi Beasts","floor":14,"turns":3},{"damage":26,"enemies":"Slime Boss","floor":16,"turns":3}],"seed_played":"7136185038403609384","potions_obtained":[{"floor":10,"key":"Weak Potion"},{"floor":13,"key":"Fire Potion"}],"is_trial":false,"path_per_floor":["M","?","?","M","?","R","M","R","T","E","?","T","M","M","R","B"],"character_chosen":"THE_SILENT","items_purchased":[],"campfire_rested":2,"item_purchase_floors":[],"current_hp_per_floor":[50,39,39,39,19,38,38,38,38,6,6,6,5,4,22,0],"gold":275,"neow_bonus":"REMOVE_TWO","is_prod":false,"is_daily":false,"chose_seed":false,"campfire_upgraded":1,"win_rate":0,"timestamp":1556444412,"path_taken":["M","?","?","?","?","R","M","R","T","E","?","?","?","M","R","BOSS"],"build_version":"2019-01-23","purchased_purges":0,"victory":false,"max_hp_per_floor":[66,66,66,66,66,66,66,66,66,66,60,60,60,60,60,60],"card_choices":[{"not_picked":["Dodge and Roll","Cloak And Dagger"],"picked":"Dagger Spray","floor":1},{"not_picked":["Slice","Underhanded Strike","Prepared"],"picked":"SKIP","floor":4},{"not_picked":["Slice","Dagger Spray"],"picked":"Crippling Poison","floor":7},{"not_picked":["Masterful Stab","Dodge and Roll"],"picked":"Footwork","floor":10},{"not_picked":["Bane","Reflex"],"picked":"Malaise","floor":13},{"not_picked":["Dodge and Roll","Outmaneuver"],"picked":"Bane","floor":14}],"player_experience":2585063,"relics_obtained":[{"floor":9,"key":"War Paint"},{"floor":10,"key":"Incense Burner"},{"floor":12,"key":"Ninja Scroll"}],"event_choices":[{"damage_healed":0,"gold_gain":75,"player_choice":"Gather Gold","damage_taken":11,"max_hp_gain":0,"max_hp_loss":0,"event_name":"World of Goop","floor":2,"gold_loss":0},{"damage_healed":0,"gold_gain":0,"player_choice":"2 cards matched","damage_taken":0,"max_hp_gain":0,"max_hp_loss":0,"event_name":"Match and Keep!","floor":3,"gold_loss":0,"cards_obtained":["Neutralize","Deflect"]},{"damage_healed":0,"gold_gain":0,"player_choice":"Entered Light","damage_taken":20,"max_hp_gain":0,"max_hp_loss":0,"event_name":"Shining Light","floor":5,"gold_loss":0,"cards_upgraded":["Deflect","Defend_G"]},{"damage_healed":0,"gold_gain":0,"player_choice":"Lose Max HP","damage_taken":0,"relics_obtained":["Golden Idol"],"max_hp_gain":0,"max_hp_loss":6,"event_name":"Golden Idol","floor":11,"gold_loss":0}],"is_beta":false,"boss_relics":[],"items_purged_floors":[],"is_endless":false,"potions_floor_spawned":[10,13,14],"killed_by":"Slime Boss","ascension_level":20}