{"gold_per_floor":[112,112,112,127,127,170,195,241,253,265,321,358,370,398,410,518,530,525,462,462,487,487,487,527,527,527,571,571],"floor_reached":28,"playtime":1208,"items_purged":[],"score":568,"play_id":"218722a8-4b09-48ca-ad08-6f4001595d9f","local_time":"20190426002316","is_ascension_mode":true,"campfire_choices":[{"floor":10.0,"key":"REST"},{"data":"Footwork","floor":13.0,"key":"SMITH"},{"data":"Glass Knife","floor":15.0,"key":"SMITH"},{"floor":23.0,"key":"REST"},{"floor":25.0,"key":"REST"}],"neow_cost":"NONE","seed_source_timestamp":7409808591287,"circlet_count":0,"master_deck":["AscendersBane","Defend_G","Defend_G","Defend_G","Defend_G","Defend_G","Strike_G","Strike_G","Strike_G+1","Strike_G","Strike_G","Survivor","Neutralize","Dash+1","Regret","Footwork+1","Backstab","Glass Knife+1","Quick Slash","Deadly Poison","Escape Plan","Escape Plan","Tools of the Trade","Footwork+1","Dagger Throw+1","Caltrops"],"special_seed":0,"relics":["Ring of the Snake","NeowsBlessing","Pocketwatch","Golden Idol","Mummified Hand","MawBank","Singing Bowl","Blue Candle","Prayer Wheel","Black Star","Art of War","Whetstone","Mercury Hourglass","WingedGreaves","Dream Catcher"],"potions_floor_usage":[],"damage_taken":[{"damage":0.0,"enemies":"Small Slimes","floor":1.0,"turns":1.0},{"damage":0.0,"enemies":"Jaw Worm","floor":4.0,"turns":1.0},{"damage":0.0,"enemies":"Lagavulin","floor":6.0,"turns":1.0},{"damage":0.0,"enemies":"Cultist","floor":7.0,"turns":3.0},{"damage":2.0,"enemies":"Gremlin Nob","floor":8.0,"turns":3.0},{"damage":29.0,"enemies":"Lagavulin","floor":11.0,"turns":6.0},{"damage":1.0,"enemies":"Large Slime","floor":12.0,"turns":4.0},{"damage":1.0,"enemies":"3 Louse","floor":14.0,"turns":3.0},{"damage":20.0,"enemies":"Hexaghost","floor":16.0,"turns":16.0},{"damage":8.0,"enemies":"2 Thieves","floor":18.0,"turns":4.0},{"damage":11.0,"enemies":"Chosen","floor":21.0,"turns":5.0},{"damage":47.0,"enemies":"Slavers","floor":24.0,"turns":9.0},{"damage":23.0,"enemies":"Book of Stabbing","floor":27.0,"turns":8.0},{"damage":25,"enemies":"Shelled Parasite and Fungi","floor":28,"turns":3}],"seed_played":"-1617234444962733055","potions_obtained":[{"floor":7.0,"key":"AttackPotion"},{"floor":8.0,"key":"Strength Potion"},{"floor":12.0,"key":"SkillPotion"},{"floor":16.0,"key":"LiquidBronze"},{"floor":24.0,"key":"GhostInAJar"}],"is_trial":false,"path_per_floor":["M","?","?","M","T","E","M","E","T","R","E","M","R","M","R","B",null,"M","$","?","M","?","R","E","R","T","E","M"],"character_chosen":"THE_SILENT","items_purchased":["Tools of the Trade"],"campfire_rested":3,"item_purchase_floors":[19],"current_hp_per_floor":[59,59,36,36,36,36,36,36,36,56,27,28,28,31,31,13,60,52,52,52,45,45,69,22,46,46,23,0],"gold":571,"neow_bonus":"THREE_ENEMY_KILL","is_prod":false,"is_daily":false,"chose_seed":false,"campfire_upgraded":2,"win_rate":0,"timestamp":1556263396,"path_taken":["M","?","?","?","?","E","M","E","T","R","E","?","R","M","R","BOSS","M","$","?","M","?","R","E","R","T","E","?"],"build_version":"2019-01-23","purchased_purges":0,"victory":false,"max_hp_per_floor":[66,66,66,66,66,66,66,68,68,68,68,70,70,74,74,76,76,76,76,76,80,80,80,80,80,80,80,80],"card_choices":[{"not_picked":["Outmaneuver","Poisoned Stab"],"picked":"Dash","floor":1.0},{"not_picked":["Riddle With Holes","Dodge and Roll"],"picked":"Footwork","floor":4.0},{"not_picked":["Finisher","Sucker Punch"],"picked":"Backstab","floor":6.0},{"not_picked":["Bane","Sucker Punch"],"picked":"Glass Knife","floor":7.0},{"not_picked":["Heel Hook","Skewer","PiercingWail"],"picked":"Singing Bowl","floor":8.0},{"not_picked":["Burst","Bane"],"picked":"Quick Slash","floor":11.0},{"not_picked":["Blade Dance","Eviscerate","Underhanded Strike"],"picked":"Singing Bowl","floor":12.0},{"not_picked":["Underhanded Strike","Riddle With Holes"],"picked":"Deadly Poison","floor":12.0},{"not_picked":["Endless Agony","Quick Slash","Deadly Poison"],"picked":"Singing Bowl","floor":14.0},{"not_picked":["Poisoned Stab","Blade Dance","Burst"],"picked":"Singing Bowl","floor":14.0},{"not_picked":["Doppelganger","Glass Knife","Burst"],"picked":"Singing Bowl","floor":16.0},{"not_picked":["Masterful Stab","Riddle With Holes"],"picked":"Escape Plan","floor":18.0},{"not_picked":["Flying Knee","Dodge and Roll"],"picked":"Escape Plan","floor":18.0},{"not_picked":["Terror","Tactician","Wraith Form v2"],"picked":"Singing Bowl","floor":21.0},{"not_picked":["PiercingWail","Quick Slash","Slice"],"picked":"Singing Bowl","floor":21.0},{"not_picked":["Tactician","Flying Knee+1"],"picked":"Dagger Throw+1","floor":24.0},{"not_picked":["Eviscerate","Deflect"],"picked":"Caltrops","floor":27.0}],"player_experience":753436,"relics_obtained":[{"floor":5.0,"key":"Mummified Hand"},{"floor":6.0,"key":"MawBank"},{"floor":8.0,"key":"Singing Bowl"},{"floor":9.0,"key":"Blue Candle"},{"floor":11.0,"key":"Prayer Wheel"},{"floor":24.0,"key":"Art of War"},{"floor":24.0,"key":"Whetstone"},{"floor":26.0,"key":"Mercury Hourglass"},{"floor":27.0,"key":"WingedGreaves"},{"floor":27.0,"key":"Dream Catcher"}],"event_choices":[{"damage_healed":0.0,"max_hp_gain":0.0,"max_hp_loss":0.0,"gold_gain":0.0,"event_name":"Big Fish","player_choice":"Box","floor":2.0,"gold_loss":0.0,"damage_taken":0.0,"relics_obtained":["Pocketwatch"],"cards_obtained":["Regret"]},{"damage_healed":0.0,"max_hp_gain":0.0,"max_hp_loss":0.0,"gold_gain":0.0,"event_name":"Golden Idol","player_choice":"Take Damage","floor":3.0,"gold_loss":0.0,"damage_taken":23.0,"relics_obtained":["Golden Idol"]},{"damage_healed":0.0,"max_hp_gain":0.0,"max_hp_loss":0.0,"gold_gain":0.0,"event_name":"Cursed Tome","player_choice":"Ignored","floor":20.0,"gold_loss":0.0,"damage_taken":0.0},{"damage_healed":0.0,"max_hp_gain":0.0,"max_hp_loss":0.0,"gold_gain":0.0,"event_name":"Duplicator","player_choice":"Copied","floor":22.0,"gold_loss":0.0,"damage_taken":0.0,"cards_obtained":["Footwork"]}],"is_beta":false,"boss_relics":[{"not_picked":["WristBlade","Ectoplasm"],"picked":"Black Star"}],"items_purged_floors":[],"is_endless":false,"potions_floor_spawned":[7,8,12,16,18,24],"killed_by":"Shelled Parasite and Fungi","ascension_level":18}