{"gold_per_floor":[113,129,129,129,129,164,164,195,195,209,252,252,287,308,308,403,403,423,423,406,172,188,229,229,268,268,268,268,280,323,354,366,453,465,487,516,528,550,216,247,247,282,282,46,12,24,76,2,2,2],"floor_reached":51,"playtime":3643,"items_purged":["Strike_G"],"score":1438,"play_id":"f870845c-fb04-4a88-ac8d-c3e11b544238","local_time":"20180821042802","is_ascension_mode":true,"campfire_choices":[{"data":"Neutralize","floor":7.0,"key":"SMITH"},{"data":"Sucker Punch","floor":12.0,"key":"SMITH"},{"data":"Footwork","floor":15.0,"key":"SMITH"},{"floor":24.0,"key":"REST"},{"floor":32.0,"key":"REST"},{"floor":41.0,"key":"REST"},{"floor":49,"key":"REST"}],"neow_cost":"NONE","seed_source_timestamp":0,"circlet_count":0,"master_deck":["Defend_G","Defend_G+1","Defend_G","Defend_G+1","Defend_G","Strike_G+1","Strike_G","Strike_G","Strike_G","Survivor+1","Neutralize+1","AscendersBane","Poisoned Stab","Poisoned Stab","Dash","Sucker Punch","Sucker Punch+1","Dagger Spray","Footwork+1","Bullet Time","Well Laid Plans","Phantasmal Killer","Neutralize","Bane","Flying Knee+1","Dodge and Roll+1","Night Terror","Writhe","Prepared","Leg Sweep+1","Doppelganger","Leg Sweep+1","Backflip","Caltrops","Finisher","Dash","Backstab","Infinite Blades","Heel Hook","Terror","Infinite Blades","Footwork","Backstab","Infinite Blades","Dodge and Roll+1"],"special_seed":0,"relics":["Ring of the Snake","Bronze Scales","Bloody Idol","Unceasing Top","Bird Faced Urn","Gremlin Horn","The Courier","Calipers","Fusion Hammer","War Paint","Potion Belt","Regal Pillow","Ancient Tea Set","MawBank","Ninja Scroll","Runic Dome","Prayer Wheel","Vajra","Lantern","Du-Vu Doll","Happy Flower","Dream Catcher","Pen Nib","StoneCalendar"],"potions_floor_usage":[50],"damage_taken":[{"damage":0.0,"enemies":"Cultist","floor":1.0,"turns":4.0},{"damage":0.0,"enemies":"Jaw Worm","floor":2.0,"turns":4.0},{"damage":12.0,"enemies":"3 Sentries","floor":6.0,"turns":7.0},{"damage":16.0,"enemies":"Lagavulin","floor":8.0,"turns":7.0},{"damage":0.0,"enemies":"Small Slimes","floor":10.0,"turns":3.0},{"damage":6.0,"enemies":"Gremlin Nob","floor":11.0,"turns":4.0},{"damage":5.0,"enemies":"Lagavulin","floor":13.0,"turns":6.0},{"damage":0.0,"enemies":"Looter","floor":14.0,"turns":3.0},{"damage":21.0,"enemies":"Slime Boss","floor":16.0,"turns":9.0},{"damage":5.0,"enemies":"Shell Parasite","floor":18.0,"turns":5.0},{"damage":6.0,"enemies":"2 Thieves","floor":20.0,"turns":4.0},{"damage":0.0,"enemies":"Centurion and Healer","floor":22.0,"turns":6.0},{"damage":0.0,"enemies":"Gremlin Leader","floor":23.0,"turns":7.0},{"damage":11.0,"enemies":"Book of Stabbing","floor":25.0,"turns":5.0},{"damage":8.0,"enemies":"Gremlin Leader","floor":30.0,"turns":6.0},{"damage":17.0,"enemies":"Snake Plant","floor":31.0,"turns":5.0},{"damage":31.0,"enemies":"Champ","floor":33.0,"turns":28.0},{"damage":16.0,"enemies":"Flame Bruiser 1 Orb","floor":35.0,"turns":8.0},{"damage":5.0,"enemies":"Orb Walker","floor":36.0,"turns":4.0},{"damage":0.0,"floor":37.0,"turns":8.0},{"damage":27.0,"enemies":"Maw","floor":38.0,"turns":10.0},{"damage":22.0,"enemies":"Nemesis","floor":40.0,"turns":9.0},{"damage":12.0,"enemies":"2 Orb Walkers","floor":42.0,"turns":4.0},{"damage":0.0,"enemies":"Flame Bruiser 2 Orb","floor":46.0,"turns":4.0},{"damage":6.0,"floor":47.0,"turns":4.0},{"damage":35,"enemies":"Time Eater","floor":50,"turns":12}],"seed_played":"-8639118633868536314","potions_obtained":[{"floor":1.0,"key":"Fire Potion"},{"floor":8.0,"key":"LiquidBronze"},{"floor":10.0,"key":"FearPotion"},{"floor":20.0,"key":"Energy Potion"},{"floor":23.0,"key":"AttackPotion"},{"floor":31.0,"key":"LiquidBronze"},{"floor":35.0,"key":"GhostInAJar"},{"floor":40.0,"key":"LiquidBronze"},{"floor":46.0,"key":"Block Potion"}],"is_trial":false,"path_per_floor":["M","M","?","?","?","E","R","E","T","M","E","R","E","M","R","B",null,"M","?","M","$","M","E","R","E","T","?","?","?","E","M","R","B",null,"M","M","?","M","$","E","R","E","T","$","$","M","?","$","R","B"],"character_chosen":"THE_SILENT","items_purchased":["War Paint","Bane","Vajra","Lantern","Backstab","Terror","Pen Nib","Infinite Blades","Footwork","Infinite Blades"],"campfire_rested":4,"item_purchase_floors":[21,21,39,39,39,44,44,44,45,48],"current_hp_per_floor":[59,59,39,61,60,48,48,32,32,32,26,26,21,21,21,2,46,43,43,41,41,45,49,60,53,53,53,53,58,57,58,60,44,57,51,60,60,40,45,34,60,55,55,55,55,60,60,60,60,45],"gold":2,"neow_bonus":"RANDOM_COMMON_RELIC","is_prod":false,"is_daily":false,"chose_seed":false,"campfire_upgraded":3,"win_rate":0,"timestamp":1534818482,"path_taken":["M","M","?","?","?","E","R","E","T","M","E","R","E","?","R","BOSS","M","?","M","$","M","E","R","E","T","?","?","?","E","M","R","BOSS","M","M","?","M","$","E","R","E","T","?","$","?","?","?","R","BOSS"],"build_version":"2018-08-16","purchased_purges":1,"victory":true,"max_hp_per_floor":[66,66,66,66,60,60,60,60,60,60,60,60,60,60,60,60,60,60,60,60,60,60,60,60,60,60,60,60,60,60,60,60,60,60,60,60,60,60,60,60,60,60,60,60,60,60,60,60,60,60],"card_choices":[{"not_picked":["Heel Hook","Riddle With Holes"],"picked":"Poisoned Stab","floor":1.0},{"not_picked":["Accuracy","Tactician"],"picked":"Poisoned Stab","floor":2.0},{"not_picked":["Bane","Dodge and Roll"],"picked":"Dash","floor":6.0},{"not_picked":["Flechettes","Skewer","Riddle With Holes"],"picked":"SKIP","floor":8.0},{"not_picked":["Flechettes","Skewer","Riddle With Holes"],"picked":"SKIP","floor":8.0},{"not_picked":["Dodge and Roll","Dagger Spray"],"picked":"Sucker Punch","floor":10.0},{"not_picked":["Prepared","Cloak And Dagger"],"picked":"Sucker Punch","floor":11.0},{"not_picked":["Acrobatics","A Thousand Cuts"],"picked":"Dagger Spray","floor":13.0},{"not_picked":["Quick Slash","Escape Plan"],"picked":"Footwork","floor":14.0},{"not_picked":["Tools of the Trade","Die Die Die"],"picked":"Bullet Time","floor":16.0},{"not_picked":["Flechettes","Cloak And Dagger"],"picked":"Well Laid Plans","floor":18.0},{"not_picked":["Eviscerate","Tactician","Expertise"],"picked":"SKIP","floor":20.0},{"not_picked":["Acrobatics+1","Outmaneuver"],"picked":"Flying Knee+1","floor":22.0},{"not_picked":["Dagger Spray","PiercingWail"],"picked":"Dodge and Roll+1","floor":23.0},{"not_picked":["Poisoned Stab","Flying Knee"],"picked":"Night Terror","floor":25.0},{"not_picked":["Blur","Eviscerate"],"picked":"Prepared","floor":30.0},{"not_picked":["Poisoned Stab","Acrobatics"],"picked":"Leg Sweep+1","floor":31.0},{"not_picked":["Bullet Time","Die Die Die"],"picked":"Doppelganger","floor":33.0},{"not_picked":["Sucker Punch","Outmaneuver"],"picked":"Leg Sweep+1","floor":35.0},{"not_picked":["Tactician+1","Dodge and Roll+1"],"picked":"Backflip","floor":36.0},{"not_picked":["Escape Plan+1","Blur"],"picked":"Caltrops","floor":37.0},{"not_picked":["Underhanded Strike","Blade Dance+1"],"picked":"Finisher","floor":38.0},{"not_picked":["Bane","Expertise"],"picked":"Dash","floor":38.0},{"not_picked":["Slice","Backstab+1"],"picked":"Infinite Blades","floor":40.0},{"not_picked":["Blur","Skewer"],"picked":"Heel Hook","floor":42.0},{"not_picked":["Poisoned Stab+1","Dash+1","Slice"],"picked":"SKIP","floor":46.0},{"not_picked":["Poisoned Stab","Deflect","Setup"],"picked":"SKIP","floor":46.0},{"not_picked":["Underhanded Strike","Blade Dance+1"],"picked":"Backstab","floor":47.0},{"not_picked":["Slice","Blade Dance"],"picked":"Dodge and Roll+1","floor":49}],"player_experience":918275,"relics_obtained":[{"floor":6.0,"key":"Unceasing Top"},{"floor":8.0,"key":"Bird Faced Urn"},{"floor":9.0,"key":"Gremlin Horn"},{"floor":11.0,"key":"The Courier"},{"floor":13.0,"key":"Calipers"},{"floor":23.0,"key":"Potion Belt"},{"floor":25.0,"key":"Regal Pillow"},{"floor":26.0,"key":"Ancient Tea Set"},{"floor":30.0,"key":"Ninja Scroll"},{"floor":37.0,"key":"Prayer Wheel"},{"floor":40.0,"key":"Du-Vu Doll"},{"floor":42.0,"key":"Happy Flower"},{"floor":43.0,"key":"Dream Catcher"},{"floor":47.0,"key":"StoneCalendar"}],"event_choices":[{"event_name":"Shining Light","player_choice":"Entered Light","floor":3.0,"damage_taken":0.0},{"event_name":"Big Fish","player_choice":"Banana","floor":4.0,"damage_taken":0.0},{"event_name":"Golden Idol","player_choice":"Lose Max HP","floor":5.0,"damage_taken":0.0},{"event_name":"Match and Keep!","player_choice":"2 cards matched","floor":19.0,"damage_taken":0.0},{"event_name":"Forgotten Altar","player_choice":"Gave Idol","floor":27.0,"damage_taken":0.0},{"event_name":"The Mausoleum","player_choice":"Yes","floor":28.0,"damage_taken":0.0},{"event_name":"Vampires","player_choice":"Ignored","floor":29.0,"damage_taken":0.0},{"event_name":"MindBloom","player_choice":"Fight","floor":37.0,"damage_taken":0.0},{"event_name":"Mysterious Sphere","player_choice":"Fight","floor":47.0,"damage_taken":0.0}],"is_beta":true,"boss_relics":[{"not_picked":["Eternal Feather","Tiny House"],"picked":"Fusion Hammer"},{"not_picked":["Runic Pyramid","Lizard Tail"],"picked":"Runic Dome"}],"items_purged_floors":[21],"is_endless":false,"potions_floor_spawned":[1,8,10,11,20,23,31,35,40,46],"ascension_level":17}