{"gold_per_floor":[140,140,153,168,168,193,193,225,225,225],"floor_reached":10,"playtime":2040,"items_purged":[],"score":84,"play_id":"eda74a61-d5b5-4841-8836-a9fdfb7ffb07","local_time":"20190517073616","is_ascension_mode":true,"campfire_choices":[{"data":"Whirlwind","floor":7.0,"key":"SMITH"}],"neow_cost":"NONE","seed_source_timestamp":133801257764440,"circlet_count":0,"master_deck":["Strike_R","Strike_R","Strike_R","Strike_R","Defend_R","Defend_R","Defend_R","Defend_R","Bash","Disarm","Whirlwind+1","Shrug It Off","Shrug It Off"],"special_seed":0,"relics":["Burning Blood","Tiny Chest","Ornamental Fan","Self Forming Clay","Mummified Hand","The Courier"],"potions_floor_usage":[],"damage_taken":[{"damage":4.0,"enemies":"Small Slimes","floor":1.0,"turns":4.0},{"damage":2.0,"enemies":"Cultist","floor":3.0,"turns":3.0},{"damage":4.0,"enemies":"Jaw Worm","floor":4.0,"turns":5.0},{"damage":32.0,"enemies":"3 Sentries","floor":6.0,"turns":10.0},{"damage":37,"enemies":"Lagavulin","floor":8,"turns":9},{"damage":17,"enemies":"Gremlin Nob","floor":10,"turns":3}],"seed_played":"-6291477998436290620","potions_obtained":[{"floor":3.0,"key":"Poison Potion"},{"floor":8,"key":"LiquidBronze"}],"is_trial":false,"path_per_floor":["M","?","M","M","?","E","R","E","T","E"],"character_chosen":"IRONCLAD","items_purchased":[],"campfire_rested":0,"item_purchase_floors":[],"current_hp_per_floor":[80,80,80,80,73,47,47,16,16,0],"gold":225,"neow_bonus":"RANDOM_COMMON_RELIC","is_prod":false,"is_daily":false,"chose_seed":false,"campfire_upgraded":1,"win_rate":0,"timestamp":1558058776,"path_taken":["M","?","M","?","?","E","R","E","T","E"],"build_version":"2019-01-23","purchased_purges":0,"victory":false,"max_hp_per_floor":[80,80,80,80,80,80,80,80,80,80],"card_choices":[{"not_picked":["Wild Strike","Iron Wave"],"picked":"Twin Strike","floor":1.0},{"not_picked":["Wild Strike","True Grit"],"picked":"Disarm","floor":3.0},{"not_picked":["Power Through","Fire Breathing"],"picked":"Whirlwind","floor":4.0},{"not_picked":["Cleave","Burning Pact"],"picked":"Shrug It Off","floor":6.0},{"not_picked":["Thunderclap","Headbutt"],"picked":"Shrug It Off","floor":8}],"player_experience":407817,"relics_obtained":[{"floor":6.0,"key":"Self Forming Clay"},{"floor":8,"key":"Mummified Hand"},{"floor":9,"key":"The Courier"}],"event_choices":[{"cards_removed":["Twin Strike"],"damage_healed":0.0,"max_hp_gain":0.0,"max_hp_loss":0.0,"gold_gain":0.0,"event_name":"WeMeetAgain","player_choice":"Gave Card","floor":2.0,"gold_loss":0.0,"damage_taken":0.0,"relics_obtained":["Ornamental Fan"]},{"cards_removed":["Strike_R"],"damage_healed":0.0,"max_hp_gain":0.0,"max_hp_loss":0.0,"gold_gain":0.0,"event_name":"Golden Wing","player_choice":"Card Removal","floor":5.0,"gold_loss":0.0,"damage_taken":7.0}],"is_beta":false,"boss_relics":[],"items_purged_floors":[],"is_endless":false,"potions_floor_spawned":[3,8],"killed_by":"Gremlin Nob","ascension_level":2}