{"gold_per_floor":[110,110,130,140,153,185,185,211,211,211,223,223],"floor_reached":12,"playtime":558,"items_purged":[],"score":167,"play_id":"dbd36219-bb05-4dbb-9b3a-8bbd1e129f4a","local_time":"20190413024746","is_ascension_mode":true,"campfire_choices":[{"floor":7.0,"key":"REST"},{"floor":10.0,"key":"REST"}],"neow_cost":"NONE","seed_source_timestamp":41450252459379,"circlet_count":0,"master_deck":["AscendersBane","Strike_B","Strike_B","Strike_B","Strike_B","Defend_B","Defend_B","Defend_B","Defend_B","Zap","Dualcast","FTL","Pain","Glacier","Go for the Eyes","Static Discharge","Gash","Creative AI","Sunder","Conserve Battery"],"special_seed":0,"relics":["Cracked Core","Ancient Tea Set","WarpedTongs","Ginger","Dream Catcher","Mummified Hand"],"potions_floor_usage":[],"damage_taken":[{"damage":1.0,"enemies":"Cultist","floor":1.0,"turns":4.0},{"damage":12.0,"enemies":"Jaw Worm","floor":3.0,"turns":4.0},{"damage":8.0,"enemies":"Small Slimes","floor":4.0,"turns":2.0},{"damage":4.0,"enemies":"2 Fungi Beasts","floor":5.0,"turns":4.0},{"damage":27.0,"enemies":"3 Sentries","floor":6.0,"turns":9.0},{"damage":10.0,"enemies":"Lagavulin","floor":8.0,"turns":9.0},{"damage":20,"enemies":"Gremlin Gang","floor":11,"turns":4},{"damage":24,"enemies":"3 Sentries","floor":12,"turns":2}],"seed_played":"835400434219235746","potions_obtained":[{"floor":1.0,"key":"SpeedPotion"},{"floor":5.0,"key":"LiquidBronze"},{"floor":8.0,"key":"Ancient Potion"}],"is_trial":false,"path_per_floor":["M","?","M","M","M","E","R","E","T","R","M","E"],"character_chosen":"DEFECT","items_purchased":[],"campfire_rested":2,"item_purchase_floors":[],"current_hp_per_floor":[63,63,51,43,39,12,33,23,23,44,24,0],"gold":223,"neow_bonus":"RANDOM_COMMON_RELIC","is_prod":false,"is_daily":false,"chose_seed":false,"campfire_upgraded":0,"win_rate":0,"timestamp":1555148866,"path_taken":["M","?","M","M","M","E","R","E","T","R","M","E"],"build_version":"2019-01-23","purchased_purges":0,"victory":false,"max_hp_per_floor":[71,71,71,71,71,71,71,71,71,71,71,71],"card_choices":[{"not_picked":["Genetic Algorithm","Streamline"],"picked":"FTL","floor":1.0},{"not_picked":["Beam Cell","Go for the Eyes"],"picked":"Glacier","floor":3.0},{"not_picked":["Barrage","Melter"],"picked":"Go for the Eyes","floor":4.0},{"not_picked":["Barrage","Rebound"],"picked":"Static Discharge","floor":5.0},{"not_picked":["Rip and Tear","Ball Lightning"],"picked":"Gash","floor":6.0},{"not_picked":["Consume","Go for the Eyes"],"picked":"Creative AI","floor":8.0},{"not_picked":["Streamline","Fusion"],"picked":"Sunder","floor":10.0},{"not_picked":["Tempest","Coolheaded"],"picked":"Conserve Battery","floor":11}],"player_experience":709634,"relics_obtained":[{"floor":6.0,"key":"Ginger"},{"floor":8.0,"key":"Dream Catcher"},{"floor":9.0,"key":"Mummified Hand"}],"event_choices":[{"damage_healed":0.0,"max_hp_gain":0.0,"max_hp_loss":0.0,"gold_gain":0.0,"event_name":"Accursed Blacksmith","player_choice":"Rummage","floor":2.0,"gold_loss":0.0,"damage_taken":0.0,"relics_obtained":["WarpedTongs"],"cards_obtained":["Pain"]}],"is_beta":false,"boss_relics":[],"items_purged_floors":[],"is_endless":false,"potions_floor_spawned":[1,5,8],"killed_by":"3 Sentries","ascension_level":17}