{"gold_per_floor":[10,20,20,20,20,20,47,47,47,61,81,81,92,120,120,120],"floor_reached":16,"playtime":1070,"items_purged":[],"score":220,"play_id":"3767960f-7446-402c-90d8-26f195729366","local_time":"20190228192841","is_ascension_mode":true,"campfire_choices":[{"data":"Unload","floor":6.0,"key":"SMITH"},{"floor":8.0,"key":"REST"},{"floor":12.0,"key":"REST"},{"data":"Dagger Spray","floor":15.0,"key":"SMITH"}],"neow_cost":"NO_GOLD","seed_source_timestamp":765963171991092,"circlet_count":0,"master_deck":["AscendersBane","Defend_G","Defend_G","Defend_G","Defend_G","Defend_G","Strike_G","Strike_G","Strike_G","Strike_G","Strike_G","Survivor","Neutralize","Unload+1","Dagger Spray+1","Blur","Leg Sweep","Cloak And Dagger","Footwork"],"special_seed":0,"relics":["Ring of the Snake","Juzu Bracelet","Bottled Flame","Pantograph"],"potions_floor_usage":[16],"damage_taken":[{"damage":0.0,"enemies":"Cultist","floor":1.0,"turns":4.0},{"damage":1.0,"enemies":"Small Slimes","floor":2.0,"turns":4.0},{"damage":32.0,"enemies":"3 Sentries","floor":7.0,"turns":10.0},{"damage":0.0,"enemies":"Jaw Worm","floor":10.0,"turns":5.0},{"damage":11.0,"enemies":"Large Slime","floor":11.0,"turns":5.0},{"damage":2.0,"enemies":"Red Slaver","floor":13.0,"turns":5.0},{"damage":20.0,"enemies":"Gremlin Nob","floor":14.0,"turns":4.0},{"damage":57,"enemies":"Slime Boss","floor":16,"turns":10}],"seed_played":"-8662647441084781038","potions_obtained":[{"floor":5.0,"key":"Poison Potion"},{"floor":5.0,"key":"Poison Potion"},{"floor":13.0,"key":"Ancient Potion"},{"floor":14.0,"key":"FearPotion"}],"is_trial":false,"path_per_floor":["M","M","$","$","?","R","E","R","T","M","M","R","M","E","R","B"],"character_chosen":"THE_SILENT","items_purchased":[],"campfire_rested":2,"item_purchase_floors":[],"current_hp_per_floor":[59,58,58,58,58,58,26,45,45,45,34,53,51,31,31,0],"gold":120,"neow_bonus":"THREE_RARE_CARDS","is_prod":false,"is_daily":false,"chose_seed":false,"campfire_upgraded":2,"win_rate":0,"timestamp":1551378521,"path_taken":["M","M","?","$","?","R","E","R","T","M","M","R","M","E","R","BOSS"],"build_version":"2019-01-23","purchased_purges":0,"victory":false,"max_hp_per_floor":[66,66,66,66,66,66,66,66,66,66,66,66,66,66,66,66],"card_choices":[{"not_picked":["A Thousand Cuts","Burst"],"picked":"Unload","floor":0.0},{"not_picked":["PiercingWail","Outmaneuver"],"picked":"Dagger Spray","floor":1.0},{"not_picked":["Slice","Masterful Stab"],"picked":"Blur","floor":2.0},{"not_picked":["Quick Slash","Deflect"],"picked":"Leg Sweep","floor":7.0},{"not_picked":["Finisher","Setup"],"picked":"Cloak And Dagger","floor":10.0},{"not_picked":["Blade Dance","Flechettes","Endless Agony"],"picked":"SKIP","floor":11.0},{"not_picked":["Tactician","Blade Dance"],"picked":"Footwork","floor":13.0},{"not_picked":["Underhanded Strike","Sucker Punch","Bane"],"picked":"SKIP","floor":14.0}],"player_experience":1755321,"relics_obtained":[{"floor":7.0,"key":"Juzu Bracelet"},{"floor":9.0,"key":"Bottled Flame"},{"floor":14.0,"key":"Pantograph"}],"event_choices":[{"damage_healed":0.0,"max_hp_gain":0.0,"max_hp_loss":0.0,"gold_gain":0.0,"event_name":"Lab","player_choice":"Got Potions","floor":5.0,"gold_loss":0.0,"damage_taken":0.0}],"is_beta":false,"boss_relics":[],"items_purged_floors":[],"is_endless":false,"potions_floor_spawned":[13,14],"killed_by":"Slime Boss","ascension_level":20}