{"gold_per_floor":[116,129,129,129,109,144,156,93,166,166,192,204,222,257,257,257],"floor_reached":16,"playtime":515,"items_purged":["Regret"],"score":272,"play_id":"f4e72c75-04c7-46d0-9e8b-003db16dd59c","local_time":"20190421174303","is_ascension_mode":true,"campfire_choices":[{"data":"Zap","floor":7.0,"key":"SMITH"},{"data":"Coolheaded","floor":10.0,"key":"SMITH"},{"floor":15,"key":"REST"}],"neow_cost":"NONE","seed_source_timestamp":16797352409570,"circlet_count":0,"master_deck":["AscendersBane","Strike_B","Strike_B","Strike_B","Defend_B","Defend_B","Defend_B","Defend_B","Zap+1","Dualcast","Coolheaded+1","Double Energy","Doom and Gloom","Reboot","Glacier","Cold Snap","White Noise"],"special_seed":0,"relics":["Cracked Core","NeowsBlessing","Bird Faced Urn","MawBank","Matryoshka","Bag of Marbles","Juzu Bracelet"],"potions_floor_usage":[14],"damage_taken":[{"damage":0.0,"enemies":"2 Louse","floor":1.0,"turns":1.0},{"damage":0.0,"enemies":"Cultist","floor":2.0,"turns":1.0},{"damage":0.0,"enemies":"3 Sentries","floor":6.0,"turns":1.0},{"damage":15.0,"enemies":"Gremlin Nob","floor":11.0,"turns":3.0},{"damage":7.0,"enemies":"Jaw Worm","floor":12.0,"turns":4.0},{"damage":0.0,"enemies":"3 Louse","floor":13.0,"turns":1.0},{"damage":22,"enemies":"3 Sentries","floor":14,"turns":7},{"damage":39,"enemies":"Hexaghost","floor":16,"turns":13}],"seed_played":"-7393072780444748117","potions_obtained":[{"floor":2.0,"key":"Dexterity Potion"},{"floor":5.0,"key":"AttackPotion"},{"floor":12.0,"key":"SteroidPotion"},{"floor":13.0,"key":"Poison Potion"}],"is_trial":false,"path_per_floor":["M","M","?","?","?","E","R","$","T","R","E","M","M","E","R","B"],"character_chosen":"DEFECT","items_purchased":[],"campfire_rested":1,"item_purchase_floors":[],"current_hp_per_floor":[64,64,57,57,57,57,57,57,57,57,42,35,35,13,34,0],"gold":257,"neow_bonus":"THREE_ENEMY_KILL","is_prod":false,"is_daily":false,"chose_seed":false,"campfire_upgraded":2,"win_rate":0,"timestamp":1555893783,"path_taken":["M","M","?","?","?","E","R","$","T","R","E","M","M","E","R","BOSS"],"build_version":"2019-01-23","purchased_purges":1,"victory":false,"max_hp_per_floor":[71,71,71,71,71,71,71,71,71,71,71,71,71,71,71,71],"card_choices":[{"not_picked":["Stack","Go for the Eyes"],"picked":"Coolheaded","floor":1.0},{"not_picked":["Compile Driver","Turbo"],"picked":"Double Energy","floor":2.0},{"not_picked":["Double Energy","Beam Cell"],"picked":"Doom and Gloom","floor":6.0},{"not_picked":["Scrape","Sweeping Beam"],"picked":"Reboot","floor":11.0},{"not_picked":["Self Repair","Coolheaded"],"picked":"Glacier","floor":12.0},{"not_picked":["Hello World","Lockon"],"picked":"Cold Snap","floor":13.0},{"not_picked":["Stack","Barrage"],"picked":"White Noise","floor":14}],"player_experience":740707,"relics_obtained":[{"floor":6.0,"key":"MawBank"},{"floor":9.0,"key":"Matryoshka"},{"floor":11.0,"key":"Bag of Marbles"},{"floor":14,"key":"Juzu Bracelet"}],"event_choices":[{"cards_removed":["Strike_B"],"damage_healed":0.0,"max_hp_gain":0.0,"max_hp_loss":0.0,"gold_gain":0.0,"event_name":"Golden Wing","player_choice":"Card Removal","floor":3.0,"gold_loss":0.0,"damage_taken":7.0},{"damage_healed":0.0,"max_hp_gain":0.0,"max_hp_loss":0.0,"gold_gain":0.0,"event_name":"Big Fish","player_choice":"Box","floor":4.0,"gold_loss":0.0,"damage_taken":0.0,"relics_obtained":["Bird Faced Urn"],"cards_obtained":["Regret"]},{"damage_healed":0.0,"max_hp_gain":0.0,"max_hp_loss":0.0,"gold_gain":0.0,"event_name":"The Woman in Blue","player_choice":"Bought 1 Potion","floor":5.0,"gold_loss":0.0,"damage_taken":0.0}],"is_beta":false,"boss_relics":[],"items_purged_floors":[8],"is_endless":false,"potions_floor_spawned":[2,12,13],"killed_by":"Hexaghost","ascension_level":18}