{"gold_per_floor":[114,114,132,147,49,78,78,53,53,53,66,66,99,49,49,149,149,167,182,182,201,300,300,315,315,315,315,315,327,49,119,119,219,219,229,278,278,297,297,326,326,336,336,336,349,363,50,66,66,66],"floor_reached":51,"playtime":3566,"items_purged":["Strike_R","Strike_R"],"score":856,"play_id":"d4f7a80a-b7d4-4daa-9c78-358ee514ccbe","local_time":"20190525143431","is_ascension_mode":true,"campfire_choices":[{"data":"Barricade","floor":7,"key":"SMITH"},{"data":"Bash","floor":10,"key":"SMITH"},{"data":"Body Slam","floor":15,"key":"SMITH"},{"data":"True Grit","floor":23,"key":"SMITH"},{"data":"Juggernaut","floor":27,"key":"SMITH"},{"data":"Armaments","floor":32,"key":"SMITH"},{"data":"Impervious","floor":41,"key":"SMITH"},{"floor":44,"key":"REST"},{"data":"True Grit","floor":49,"key":"SMITH"}],"neow_cost":"PERCENT_DAMAGE","seed_source_timestamp":175085916963900,"circlet_count":0,"master_deck":["Strike_R","Defend_R","Defend_R","Defend_R","Defend_R","Bash+1","Iron Wave","Cleave","Pommel Strike","Barricade+1","Shrug It Off","Body Slam+1","Juggernaut+1","True Grit+1","Spot Weakness+1","Armaments+1","Shrug It Off","Impervious+1","Iron Wave+1","Shrug It Off+1","Demon Form","Feel No Pain+1","True Grit+1","Flame Barrier","Shrug It Off+1","Impervious+1","True Grit+1","Flame Barrier"],"relics":["Burning Blood","Calipers","Torii","Meat on the Bone","Gremlin Horn","Mark of Pain","Question Card","MutagenicStrength","Bottled Tornado","Self Forming Clay","Velvet Choker","Unceasing Top","Pear","DollysMirror"],"potions_floor_usage":[6,19,24,33,36,46,50],"damage_taken":[{"damage":0,"enemies":"Small Slimes","floor":1,"turns":3},{"damage":1,"enemies":"Cultist","floor":3,"turns":3},{"damage":3,"enemies":"2 Louse","floor":4,"turns":2},{"damage":30,"enemies":"Lagavulin","floor":6,"turns":7},{"damage":14,"enemies":"Gremlin Gang","floor":11,"turns":5},{"damage":9,"enemies":"Gremlin Nob","floor":13,"turns":3},{"damage":14,"enemies":"Slime Boss","floor":16,"turns":8},{"damage":13,"enemies":"3 Byrds","floor":18,"turns":4},{"damage":19,"enemies":"2 Thieves","floor":19,"turns":5},{"damage":32,"enemies":"Snake Plant","floor":21,"turns":4},{"damage":16,"enemies":"Centurion and Healer","floor":24,"turns":6},{"damage":14,"enemies":"Chosen and Byrds","floor":29,"turns":4},{"damage":6,"enemies":"Champ","floor":33,"turns":9},{"damage":0,"enemies":"Orb Walker","floor":35,"turns":5},{"damage":39,"enemies":"2 Orb Walkers","floor":36,"turns":5},{"damage":2,"enemies":"3 Darklings","floor":38,"turns":5},{"damage":19,"enemies":"Nemesis","floor":40,"turns":7},{"damage":37,"enemies":"Jaw Worm Horde","floor":42,"turns":8},{"damage":2,"enemies":"Spire Growth","floor":45,"turns":6},{"damage":1,"enemies":"4 Shapes","floor":46,"turns":6},{"damage":0,"enemies":"Maw","floor":48,"turns":7},{"damage":0,"enemies":"Awakened One","floor":50,"turns":14}],"seed_played":"-127129754052834659","potions_obtained":[{"floor":3,"key":"SteroidPotion"},{"floor":6,"key":"SpeedPotion"},{"floor":11,"key":"BloodPotion"},{"floor":16,"key":"FairyPotion"},{"floor":21,"key":"AttackPotion"},{"floor":24,"key":"GamblersBrew"},{"floor":35,"key":"Strength Potion"},{"floor":36,"key":"SteroidPotion"},{"floor":46,"key":"AttackPotion"}],"is_trial":false,"path_per_floor":["M","?","M","M","$","E","R","?","T","R","M","?","E","$","R","B",null,"M","M","$","M","?","R","M","?","T","R","?","M","$","T","R","B",null,"M","?","?","M","?","E","R","M","T","R","M","M","$","M","R","B",null],"character_chosen":"IRONCLAD","items_purchased":["Pommel Strike","Body Slam","Bottled Tornado","Shrug It Off","DollysMirror","True Grit"],"campfire_rested":1,"item_purchase_floors":[5,14,30,30,47,47],"current_hp_per_floor":[62,62,67,70,70,46,46,46,46,46,50,50,47,47,47,51,80,73,60,60,46,46,46,56,41,41,41,41,45,45,45,45,57,85,85,52,52,56,56,65,65,46,46,74,78,83,83,89,89,95],"gold":66,"neow_bonus":"ONE_RARE_RELIC","is_prod":false,"is_daily":false,"chose_seed":false,"campfire_upgraded":8,"win_rate":1,"timestamp":1558816471,"path_taken":["M","?","M","?","$","E","R","?","T","R","M","?","E","$","R","BOSS","M","M","$","?","?","R","M","?","T","R","?","M","$","?","R","BOSS","M","?","?","M","?","E","R","M","T","R","M","?","$","M","R","BOSS"],"build_version":"2019-01-23","purchased_purges":2,"victory":true,"max_hp_per_floor":[80,80,80,80,80,80,80,80,80,80,80,80,80,80,80,80,80,80,80,80,80,80,80,80,85,85,85,85,85,85,85,85,85,85,85,85,85,85,85,95,95,95,95,95,95,95,95,95,95,95],"card_choices":[{"not_picked":["Blood for Blood","Headbutt"],"picked":"Iron Wave","floor":1},{"not_picked":["Wild Strike","Bloodletting"],"picked":"Cleave","floor":3},{"not_picked":["Perfected Strike","Anger","Rampage"],"picked":"SKIP","floor":4},{"not_picked":["Blood for Blood","Headbutt"],"picked":"Barricade","floor":6},{"not_picked":["Flex","Hemokinesis","Perfected Strike"],"picked":"SKIP","floor":11},{"not_picked":["Thunderclap","Reckless Charge"],"picked":"Shrug It Off","floor":13},{"not_picked":["Double Tap","Feed"],"picked":"Juggernaut","floor":16},{"not_picked":["Corruption","Cleave"],"picked":"True Grit","floor":18},{"not_picked":["Infernal Blade","Twin Strike+1","Warcry+1"],"picked":"SKIP","floor":19},{"not_picked":["Thunderclap","True Grit"],"picked":"Spot Weakness+1","floor":21},{"not_picked":["Thunderclap+1","Anger","Second Wind+1"],"picked":"SKIP","floor":24},{"not_picked":["Pommel Strike","Sword Boomerang","Perfected Strike"],"picked":"Armaments","floor":29},{"not_picked":["Reaper","Immolate","Berserk"],"picked":"Impervious","floor":33},{"not_picked":["Uppercut","True Grit+1","Sever Soul+1"],"picked":"Iron Wave+1","floor":35},{"not_picked":["Clash","Twin Strike","Pummel+1"],"picked":"Shrug It Off+1","floor":38},{"not_picked":["Sword Boomerang","Spot Weakness+1","Hemokinesis+1"],"picked":"Feel No Pain+1","floor":40},{"not_picked":["Power Through+1","Perfected Strike","Heavy Blade"],"picked":"True Grit+1","floor":42},{"not_picked":["Immolate","Twin Strike+1","Armaments+1"],"picked":"Flame Barrier","floor":45},{"not_picked":["Blood for Blood","Uppercut","Pummel"],"picked":"Shrug It Off+1","floor":46},{"not_picked":["Rupture+1","Iron Wave+1","Corruption+1"],"picked":"Flame Barrier","floor":48}],"player_experience":21824,"relics_obtained":[{"floor":6,"key":"Torii"},{"floor":9,"key":"Meat on the Bone"},{"floor":13,"key":"Gremlin Horn"},{"floor":26,"key":"Question Card"},{"floor":31,"key":"Self Forming Clay"},{"floor":36,"key":"Unceasing Top"},{"floor":40,"key":"Pear"}],"event_choices":[{"cards_removed":["Strike_R"],"damage_healed":0,"gold_gain":0,"player_choice":"Purged","damage_taken":0,"max_hp_gain":0,"max_hp_loss":0,"event_name":"Purifier","floor":2,"gold_loss":0},{"damage_healed":0,"gold_gain":0,"player_choice":"Left Gold","damage_taken":0,"max_hp_gain":0,"max_hp_loss":0,"event_name":"World of Goop","floor":8,"gold_loss":25},{"damage_healed":0,"gold_gain":0,"player_choice":"Leave","damage_taken":0,"max_hp_gain":0,"max_hp_loss":0,"event_name":"FaceTrader","floor":12,"gold_loss":0},{"damage_healed":0,"gold_gain":99,"player_choice":"Stole From Cult","damage_taken":0,"max_hp_gain":0,"max_hp_loss":0,"event_name":"Nest","floor":22,"gold_loss":0},{"damage_healed":0,"gold_gain":0,"player_choice":"Shed Blood","damage_taken":20,"max_hp_gain":5,"max_hp_loss":0,"event_name":"Forgotten Altar","floor":25,"gold_loss":0},{"damage_healed":0,"gold_gain":0,"player_choice":"Inject Mutagens","damage_taken":0,"relics_obtained":["MutagenicStrength"],"max_hp_gain":0,"max_hp_loss":0,"event_name":"Drug Dealer","floor":28,"gold_loss":0},{"damage_healed":0,"gold_gain":0,"player_choice":"Fight","damage_taken":0,"max_hp_gain":0,"max_hp_loss":0,"event_name":"Mysterious Sphere","floor":36,"gold_loss":0},{"damage_healed":0,"gold_gain":0,"player_choice":"Ignored","damage_taken":0,"max_hp_gain":0,"max_hp_loss":0,"event_name":"Tomb of Lord Red Mask","floor":37,"gold_loss":0},{"damage_healed":0,"gold_gain":0,"cards_transformed":["Strike_R"],"player_choice":"Transformed","damage_taken":0,"max_hp_gain":0,"max_hp_loss":0,"event_name":"Transmorgrifier","floor":39,"gold_loss":0,"cards_obtained":["Demon Form"]}],"is_beta":false,"boss_relics":[{"not_picked":["Eternal Feather","Fusion Hammer"],"picked":"Mark of Pain"},{"not_picked":["Empty Cage","Runic Pyramid"],"picked":"Velvet Choker"}],"items_purged_floors":[5,47],"is_endless":false,"potions_floor_spawned":[3,6,11,16,21,24,35,36,45,46],"ascension_level":2}