{"gold_per_floor":[212,231,181,181,199,230,230,116,116,116,116,148,148,158,158,254,304,320,335,335,355,366,701,701,701,701,616,636,651,651,651],"floor_reached":31,"playtime":4505,"items_purged":["Strike_R"],"score":290,"play_id":"8d8601d0-3356-4f72-bd16-4cfeb0d5e895","local_time":"20190509034721","is_ascension_mode":false,"campfire_choices":[{"data":"Armaments","floor":7.0,"key":"SMITH"},{"data":"Bash","floor":11.0,"key":"SMITH"},{"data":"Flame Barrier","floor":15.0,"key":"SMITH"},{"data":"Carnage","floor":24.0,"key":"SMITH"}],"neow_cost":"NONE","seed_source_timestamp":0,"circlet_count":0,"master_deck":["Defend_R+1","Defend_R","Defend_R","Defend_R","Bash+1","Armaments+1","Heavy Blade","Clothesline","Flame Barrier","Flame Barrier+1","Limit Break","Carnage+1","Whirlwind","Heavy Blade+1","Pommel Strike+1","Bite","Bite","Bite","Bite","Bite","Thunderclap","Corruption"],"special_seed":0,"relics":["Burning Blood","Mercury Hourglass","Ginger","Mummified Hand","FossilizedHelix","Tiny House","MutagenicStrength","Old Coin","Ornamental Fan","Pantograph","Question Card"],"potions_floor_usage":[],"damage_taken":[{"damage":10.0,"enemies":"Jaw Worm","floor":1.0,"turns":5.0},{"damage":0.0,"enemies":"2 Louse","floor":2.0,"turns":4.0},{"damage":0.0,"enemies":"Small Slimes","floor":5.0,"turns":3.0},{"damage":37.0,"enemies":"3 Sentries","floor":6.0,"turns":10.0},{"damage":29.0,"enemies":"Gremlin Nob","floor":12.0,"turns":6.0},{"damage":0.0,"enemies":"Looter","floor":14.0,"turns":3.0},{"damage":10.0,"enemies":"Slime Boss","floor":16.0,"turns":14.0},{"damage":11.0,"enemies":"2 Thieves","floor":18.0,"turns":4.0},{"damage":13.0,"enemies":"Shell Parasite","floor":19.0,"turns":7.0},{"damage":0.0,"enemies":"Centurion and Healer","floor":21.0,"turns":8.0},{"damage":6.0,"enemies":"Cultist and Chosen","floor":22.0,"turns":7.0},{"damage":67.0,"enemies":"Book of Stabbing","floor":23.0,"turns":8.0},{"damage":14.0,"enemies":"Snake Plant","floor":28.0,"turns":3.0},{"damage":23,"enemies":"Sentry and Sphere","floor":29,"turns":5},{"damage":20,"enemies":"Slavers","floor":31,"turns":1}],"seed_played":"5854294873790463583","potions_obtained":[{"floor":12.0,"key":"Dexterity Potion"},{"floor":14.0,"key":"SpeedPotion"},{"floor":16.0,"key":"LiquidBronze"},{"floor":17.0,"key":"Weak Potion"},{"floor":18.0,"key":"SmokeBomb"},{"floor":28.0,"key":"Dexterity Potion"},{"floor":29,"key":"FearPotion"}],"is_trial":false,"path_per_floor":["M","M","?","?","M","E","R","$","T","?","R","E","T","M","R","B",null,"M","M","?","M","M","E","R","?","T","?","M","M","?","E"],"character_chosen":"IRONCLAD","items_purchased":["Flame Barrier"],"campfire_rested":0,"item_purchase_floors":[8],"current_hp_per_floor":[76,80,80,64,70,39,39,39,39,32,32,9,9,15,15,11,85,80,73,73,79,79,18,18,18,18,18,16,13,13,0],"gold":651,"neow_bonus":"HUNDRED_GOLD","is_prod":false,"is_daily":false,"chose_seed":false,"campfire_upgraded":4,"win_rate":0.0,"timestamp":1557353841,"path_taken":["M","M","?","?","M","E","R","?","T","?","R","E","?","M","R","BOSS","M","M","?","M","M","E","R","?","T","?","M","M","?","E"],"build_version":"2019-01-23","purchased_purges":1,"victory":false,"max_hp_per_floor":[80,80,80,80,80,80,80,80,80,80,80,80,80,80,80,80,85,85,85,85,85,85,85,85,59,59,59,59,59,59,59],"card_choices":[{"not_picked":["Anger","Flex"],"picked":"Armaments","floor":1.0},{"not_picked":["Thunderclap","Cleave"],"picked":"Heavy Blade","floor":2.0},{"not_picked":["Perfected Strike","Fire Breathing"],"picked":"Clothesline","floor":5.0},{"not_picked":["Second Wind","Cleave","Heavy Blade"],"picked":"SKIP","floor":6.0},{"not_picked":["Warcry","Feel No Pain","Disarm"],"picked":"SKIP","floor":12.0},{"not_picked":["Searing Blow","Bloodletting"],"picked":"Flame Barrier","floor":14.0},{"not_picked":["Juggernaut","Demon Form"],"picked":"Limit Break","floor":16.0},{"not_picked":["Body Slam","Infernal Blade"],"picked":"Carnage","floor":17.0},{"not_picked":["Corruption","Thunderclap"],"picked":"Whirlwind","floor":18.0},{"not_picked":["Armaments","Entrench","Flex"],"picked":"SKIP","floor":19.0},{"not_picked":["Infernal Blade+1","Clothesline","Carnage"],"picked":"SKIP","floor":21.0},{"not_picked":["Cleave+1","Burning Pact"],"picked":"Heavy Blade+1","floor":22.0},{"not_picked":["Wild Strike+1","Warcry"],"picked":"Pommel Strike+1","floor":23.0},{"not_picked":["True Grit+1","Burning Pact"],"picked":"Thunderclap","floor":28.0},{"not_picked":["Shrug It Off","Body Slam"],"picked":"Corruption","floor":29}],"player_experience":36263,"relics_obtained":[{"floor":6.0,"key":"Mercury Hourglass"},{"floor":9.0,"key":"Ginger"},{"floor":12.0,"key":"Mummified Hand"},{"floor":13.0,"key":"FossilizedHelix"},{"floor":23.0,"key":"Old Coin"},{"floor":26.0,"key":"Ornamental Fan"}],"event_choices":[{"cards_removed":["Strike_R"],"damage_healed":0.0,"max_hp_gain":0.0,"max_hp_loss":0.0,"gold_gain":0.0,"event_name":"The Cleric","player_choice":"Card Removal","floor":3.0,"gold_loss":50.0,"damage_taken":0.0},{"damage_healed":0.0,"max_hp_gain":0.0,"max_hp_loss":0.0,"gold_gain":0.0,"event_name":"Shining Light","player_choice":"Entered Light","floor":4.0,"gold_loss":0.0,"damage_taken":16.0,"cards_upgraded":["Strike_R","Defend_R"]},{"cards_removed":["Strike_R"],"damage_healed":0.0,"max_hp_gain":0.0,"max_hp_loss":0.0,"gold_gain":0.0,"event_name":"Golden Wing","player_choice":"Card Removal","floor":10.0,"gold_loss":0.0,"damage_taken":7.0},{"damage_healed":0.0,"max_hp_gain":0.0,"max_hp_loss":0.0,"gold_gain":0.0,"event_name":"Drug Dealer","player_choice":"Inject Mutagens","floor":20.0,"gold_loss":0.0,"damage_taken":0.0,"relics_obtained":["MutagenicStrength"]},{"damage_healed":0.0,"max_hp_gain":0.0,"max_hp_loss":26.0,"gold_gain":0.0,"event_name":"Vampires","player_choice":"Became a vampire","floor":25.0,"gold_loss":0.0,"damage_taken":0.0,"cards_obtained":["Bite","Bite","Bite","Bite","Bite"]},{"damage_healed":0.0,"max_hp_gain":0.0,"max_hp_loss":0.0,"gold_gain":0.0,"event_name":"Addict","player_choice":"Obtained Relic","floor":27.0,"gold_loss":85.0,"damage_taken":0.0,"relics_obtained":["Pantograph"]},{"damage_healed":0,"gold_gain":0,"player_choice":"Opened","damage_taken":0,"relics_obtained":["Question Card"],"max_hp_gain":0,"max_hp_loss":0,"event_name":"The Mausoleum","floor":30,"gold_loss":0}],"is_beta":false,"boss_relics":[{"not_picked":["Astrolabe","Lizard Tail"],"picked":"Tiny House"}],"items_purged_floors":[8],"is_endless":false,"potions_floor_spawned":[12,14,16,18,28,29],"killed_by":"Slavers","ascension_level":0}