{"gold_per_floor":[115,115,115,37,52,86,86,129,129,154,154,168,168,183,183,183],"floor_reached":16,"playtime":719,"items_purged":[],"score":270,"play_id":"5e51acc1-84e1-4d42-a498-2ecb756ae9f4","local_time":"20190512152723","is_ascension_mode":true,"campfire_choices":[{"floor":7,"key":"REST"},{"floor":13,"key":"REST"},{"data":"Catalyst","floor":15,"key":"SMITH"}],"neow_cost":"NONE","seed_source_timestamp":97209379412442,"circlet_count":0,"master_deck":["AscendersBane","Defend_G","Defend_G","Defend_G","Defend_G","Defend_G","Strike_G","Strike_G","Strike_G","Strike_G","Strike_G","Survivor","Neutralize","Cloak And Dagger","Noxious Fumes+1","Dagger Throw","Backflip","Catalyst+1","Skewer","Well Laid Plans+1","Poisoned Stab"],"relics":["Ring of the Snake","NeowsBlessing","Golden Idol","Bottled Tornado","Tough Bandages","Frozen Egg 2"],"potions_floor_usage":[8],"damage_taken":[{"damage":0,"enemies":"Jaw Worm","floor":1,"turns":1},{"damage":0,"enemies":"Small Slimes","floor":5,"turns":1},{"damage":0,"enemies":"3 Sentries","floor":6,"turns":1},{"damage":53,"enemies":"Gremlin Nob","floor":8,"turns":6},{"damage":0,"enemies":"Cultist","floor":10,"turns":4},{"damage":0,"enemies":"Exordium Thugs","floor":12,"turns":4},{"damage":0,"enemies":"3 Louse","floor":14,"turns":3},{"damage":37,"enemies":"Slime Boss","floor":16,"turns":8}],"seed_played":"3238585871380007252","potions_obtained":[{"floor":5,"key":"Swift Potion"},{"floor":12,"key":"SmokeBomb"},{"floor":14,"key":"Ancient Potion"}],"is_trial":false,"path_per_floor":["M","?","?","$","M","E","R","E","T","M","?","M","R","M","R","B"],"character_chosen":"THE_SILENT","items_purchased":["Noxious Fumes"],"campfire_rested":2,"item_purchase_floors":[4],"current_hp_per_floor":[59,36,41,41,41,41,62,9,9,9,9,9,30,30,30,0],"gold":183,"neow_bonus":"THREE_ENEMY_KILL","is_prod":false,"is_daily":false,"chose_seed":false,"campfire_upgraded":1,"win_rate":0,"timestamp":1557667643,"path_taken":["M","?","?","$","M","E","R","E","T","M","?","M","R","?","R","BOSS"],"build_version":"2019-01-23","purchased_purges":0,"victory":false,"max_hp_per_floor":[66,66,71,71,71,71,71,71,71,71,71,71,71,71,71,71],"card_choices":[{"not_picked":["Outmaneuver","All Out Attack"],"picked":"Cloak And Dagger","floor":1},{"not_picked":["Slice","Blade Dance"],"picked":"Dagger Throw","floor":5},{"not_picked":["Bane","Flying Knee"],"picked":"Backflip","floor":6},{"not_picked":["Masterful Stab","Poisoned Stab"],"picked":"Catalyst","floor":8},{"not_picked":["Terror","Night Terror"],"picked":"Skewer","floor":10},{"not_picked":["Slice","PiercingWail"],"picked":"Well Laid Plans+1","floor":12},{"not_picked":["Cloak And Dagger","Sucker Punch"],"picked":"Poisoned Stab","floor":14}],"player_experience":2663267,"relics_obtained":[{"floor":6,"key":"Bottled Tornado"},{"floor":8,"key":"Tough Bandages"},{"floor":9,"key":"Frozen Egg 2"}],"event_choices":[{"damage_healed":0,"gold_gain":0,"player_choice":"Take Damage","damage_taken":23,"relics_obtained":["Golden Idol"],"max_hp_gain":0,"max_hp_loss":0,"event_name":"Golden Idol","floor":2,"gold_loss":0},{"damage_healed":0,"gold_gain":0,"player_choice":"Donut","damage_taken":0,"max_hp_gain":5,"max_hp_loss":0,"event_name":"Big Fish","floor":3,"gold_loss":0},{"damage_healed":0,"gold_gain":0,"player_choice":"Forge","damage_taken":0,"max_hp_gain":0,"max_hp_loss":0,"event_name":"Accursed Blacksmith","floor":11,"gold_loss":0,"cards_upgraded":["Noxious Fumes"]}],"is_beta":false,"boss_relics":[],"items_purged_floors":[],"is_endless":false,"potions_floor_spawned":[5,12,14],"killed_by":"Slime Boss","ascension_level":20}