{"gold_per_floor":[114,125,125,137,147,172,172,172,172,0,27,41,60,60],"floor_reached":14,"playtime":2162,"items_purged":["Regret"],"score":143,"play_id":"c274404b-2658-42c5-ae62-c5b31fdaf977","local_time":"20190526003704","is_ascension_mode":true,"campfire_choices":[{"data":"Feed","floor":7.0,"key":"SMITH"}],"neow_cost":"TEN_PERCENT_HP_LOSS","seed_source_timestamp":574903117605278,"circlet_count":0,"master_deck":["Strike_R","Strike_R","Strike_R","Strike_R","Strike_R","Defend_R","Defend_R","Defend_R","Defend_R","Bash","Sword Boomerang","True Grit","Feed+1","Mind Blast","Carnage","Flame Barrier","Feel No Pain"],"special_seed":0,"relics":["Burning Blood","Unceasing Top","Kunai","Nunchaku","WingedGreaves","Dodecahedron"],"potions_floor_usage":[],"damage_taken":[{"damage":0.0,"enemies":"2 Louse","floor":1.0,"turns":2.0},{"damage":1.0,"enemies":"Cultist","floor":2.0,"turns":4.0},{"damage":7.0,"enemies":"Jaw Worm","floor":4.0,"turns":3.0},{"damage":11.0,"enemies":"2 Fungi Beasts","floor":5.0,"turns":4.0},{"damage":32.0,"enemies":"Lagavulin","floor":6.0,"turns":7.0},{"damage":34.0,"enemies":"3 Sentries","floor":11.0,"turns":6.0},{"damage":1.0,"enemies":"Looter","floor":12.0,"turns":4.0},{"damage":9,"enemies":"Red Slaver","floor":13,"turns":3},{"damage":28,"enemies":"Lagavulin","floor":14,"turns":6}],"seed_played":"-3262254589607910847","potions_obtained":[{"floor":1.0,"key":"GamblersBrew"},{"floor":2.0,"key":"EssenceOfSteel"},{"floor":5.0,"key":"Block Potion"}],"is_trial":false,"path_per_floor":["M","M","?","M","M","E","R","?","T","$","E","M","M","E"],"character_chosen":"IRONCLAD","items_purchased":["SteroidPotion","FearPotion"],"campfire_rested":0,"item_purchase_floors":[10,10],"current_hp_per_floor":[72,72,72,74,72,46,46,46,46,46,22,31,28,0],"gold":60,"neow_bonus":"ONE_RARE_RELIC","is_prod":false,"is_daily":false,"chose_seed":false,"campfire_upgraded":1,"win_rate":0,"timestamp":1558811224,"path_taken":["M","M","?","?","M","E","R","?","T","$","E","M","M","E"],"build_version":"2019-01-23","purchased_purges":1,"victory":false,"max_hp_per_floor":[72,72,72,75,78,78,78,78,78,78,82,86,86,86],"card_choices":[{"not_picked":["Pummel","Rage"],"picked":"Sword Boomerang","floor":1.0},{"not_picked":["Metallicize","Burning Pact"],"picked":"True Grit","floor":2.0},{"not_picked":["Perfected Strike","Warcry","Heavy Blade"],"picked":"SKIP","floor":4.0},{"not_picked":["Bludgeon","Sword Boomerang"],"picked":"Carnage","floor":5.0},{"not_picked":["Anger","Hemokinesis","Rampage"],"picked":"SKIP","floor":6.0},{"not_picked":["Twin Strike","Dark Embrace","Infernal Blade"],"picked":"SKIP","floor":11.0},{"not_picked":["Twin Strike","Wild Strike"],"picked":"Flame Barrier","floor":12.0},{"not_picked":["Heavy Blade","Thunderclap"],"picked":"Feel No Pain","floor":13}],"player_experience":774364,"relics_obtained":[{"floor":6.0,"key":"Kunai"},{"floor":9.0,"key":"WingedGreaves"},{"floor":11.0,"key":"Dodecahedron"}],"event_choices":[{"damage_healed":0.0,"max_hp_gain":0.0,"max_hp_loss":0.0,"gold_gain":0.0,"event_name":"Match and Keep!","player_choice":"2 cards matched","floor":3.0,"gold_loss":0.0,"damage_taken":0.0,"cards_obtained":["Feed","Mind Blast"]},{"damage_healed":0.0,"max_hp_gain":0.0,"max_hp_loss":0.0,"gold_gain":0.0,"event_name":"Big Fish","player_choice":"Box","floor":8.0,"gold_loss":0.0,"damage_taken":0.0,"relics_obtained":["Nunchaku"],"cards_obtained":["Regret"]}],"is_beta":false,"boss_relics":[],"items_purged_floors":[10],"is_endless":false,"potions_floor_spawned":[1,2,5],"killed_by":"Lagavulin","ascension_level":8}