{"gold_per_floor":[109,126,126,137,156,185,185,215,215,226,244,244,258,283,283,283],"floor_reached":16,"playtime":1338,"items_purged":[],"score":248,"play_id":"b7cc2622-f587-43a5-ac87-1363d0e2a117","local_time":"20190102135437","is_ascension_mode":true,"campfire_choices":[{"floor":7.0,"key":"REST"},{"floor":12.0,"key":"REST"},{"floor":15.0,"key":"REST"}],"neow_cost":"NONE","seed_source_timestamp":101107718407332,"circlet_count":0,"master_deck":["AscendersBane","Defend_G+1","Defend_G","Defend_G","Defend_G+1","Defend_G","Strike_G","Strike_G","Strike_G","Strike_G","Strike_G","Survivor","Neutralize+1","PiercingWail","Venomology","Sucker Punch","Quick Slash","Flying Knee","Deadly Poison","A Thousand Cuts","Crippling Poison","Footwork"],"special_seed":0,"relics":["Ring of the Snake","Blood Vial","Regal Pillow","War Paint","Boot","Ninja Scroll"],"potions_floor_usage":[16,16,16],"damage_taken":[{"damage":0.0,"enemies":"2 Louse","floor":1.0,"turns":3.0},{"damage":0.0,"enemies":"Cultist","floor":2.0,"turns":5.0},{"damage":9.0,"enemies":"Small Slimes","floor":4.0,"turns":5.0},{"damage":11.0,"enemies":"Exordium Wildlife","floor":5.0,"turns":8.0},{"damage":28.0,"enemies":"Lagavulin","floor":6.0,"turns":9.0},{"damage":55.0,"enemies":"3 Sentries","floor":8.0,"turns":15.0},{"damage":0.0,"enemies":"2 Fungi Beasts","floor":10.0,"turns":4.0},{"damage":0.0,"enemies":"3 Louse","floor":11.0,"turns":5.0},{"damage":4.0,"enemies":"Looter","floor":13.0,"turns":4.0},{"damage":17.0,"enemies":"Lagavulin","floor":14.0,"turns":6.0},{"damage":60,"enemies":"Slime Boss","floor":16,"turns":13}],"seed_played":"-2905534475398178349","potions_obtained":[{"floor":2.0,"key":"FearPotion"},{"floor":8.0,"key":"GamblersBrew"},{"floor":13.0,"key":"Ancient Potion"}],"is_trial":false,"path_per_floor":["M","M","?","M","M","E","R","E","T","M","M","R","M","E","R","B"],"character_chosen":"THE_SILENT","items_purchased":[],"campfire_rested":3,"item_purchase_floors":[],"current_hp_per_floor":[61,63,63,56,47,21,55,2,2,4,6,40,38,23,57,0],"gold":283,"neow_bonus":"RANDOM_COMMON_RELIC","is_prod":false,"is_daily":false,"chose_seed":false,"campfire_upgraded":0,"win_rate":0,"timestamp":1546433677,"path_taken":["M","M","?","M","M","E","R","E","T","M","M","R","?","E","R","BOSS"],"build_version":"2018-12-20","purchased_purges":0,"victory":false,"max_hp_per_floor":[66,66,66,66,66,66,66,66,66,66,66,66,66,66,66,66],"card_choices":[{"not_picked":["Flying Knee","Quick Slash"],"picked":"PiercingWail","floor":1.0},{"not_picked":["Expertise","Eviscerate","Acrobatics"],"picked":"SKIP","floor":2.0},{"not_picked":["Deadly Poison","Infinite Blades"],"picked":"Venomology","floor":4.0},{"not_picked":["PiercingWail","Eviscerate"],"picked":"Sucker Punch","floor":5.0},{"not_picked":["Acrobatics","Dagger Spray"],"picked":"Quick Slash","floor":6.0},{"not_picked":["Outmaneuver","Prepared"],"picked":"Flying Knee","floor":8.0},{"not_picked":["Flechettes","Acrobatics"],"picked":"Deadly Poison","floor":10.0},{"not_picked":["Dagger Throw","Blur"],"picked":"A Thousand Cuts","floor":11.0},{"not_picked":["Dagger Spray","Cloak And Dagger"],"picked":"Crippling Poison","floor":13.0},{"not_picked":["Unload","Masterful Stab"],"picked":"Footwork","floor":14.0}],"player_experience":1508555,"relics_obtained":[{"floor":6.0,"key":"Regal Pillow"},{"floor":8.0,"key":"War Paint"},{"floor":9.0,"key":"Boot"},{"floor":14.0,"key":"Ninja Scroll"}],"event_choices":[{"damage_healed":0.0,"max_hp_gain":0.0,"max_hp_loss":0.0,"gold_gain":0.0,"event_name":"Upgrade Shrine","player_choice":"Upgraded","floor":3.0,"gold_loss":0.0,"damage_taken":0.0,"cards_upgraded":["Neutralize"]}],"is_beta":false,"boss_relics":[],"items_purged_floors":[],"is_endless":false,"potions_floor_spawned":[2,5,8,11,13,14],"killed_by":"Slime Boss","ascension_level":20}