{"gold_per_floor":[111,128,145,162,237,272,286,319,319,350,405,405,405,416,416,520,520,536,555,575,585,365,365],"floor_reached":23,"playtime":3901,"items_purged":["Strike_R"],"score":237,"play_id":"9e0a687d-828d-4e6f-9420-a9f2c252658e","local_time":"20190517070047","is_ascension_mode":true,"campfire_choices":[{"data":"Whirlwind","floor":12.0,"key":"SMITH"},{"data":"1","floor":15.0,"key":"LIFT"}],"neow_cost":"NONE","seed_source_timestamp":129536716715269,"circlet_count":0,"master_deck":["Strike_R","Strike_R","Strike_R","Strike_R","Defend_R","Defend_R","Defend_R+1","Defend_R+1","Bash","Carnage","Sword Boomerang","Whirlwind+1","Inflame","Ghostly Armor","Uppercut","Corruption+1","Inflame+1","Pummel","Barricade+1","Heavy Blade+1","Thunderclap+1","Spot Weakness+1"],"special_seed":0,"relics":["Burning Blood","War Paint","Ice Cream","Girya","Frozen Egg 2","Peace Pipe","White Beast Statue","Vajra"],"potions_floor_usage":[16,16,19,21,23],"damage_taken":[{"damage":1.0,"enemies":"Cultist","floor":1.0,"turns":3.0},{"damage":8.0,"enemies":"Jaw Worm","floor":2.0,"turns":6.0},{"damage":7.0,"enemies":"Small Slimes","floor":3.0,"turns":3.0},{"damage":3.0,"enemies":"Exordium Wildlife","floor":4.0,"turns":5.0},{"damage":48.0,"enemies":"Lagavulin","floor":6.0,"turns":7.0},{"damage":12.0,"enemies":"Large Slime","floor":7.0,"turns":4.0},{"damage":6.0,"enemies":"Gremlin Nob","floor":8.0,"turns":3.0},{"damage":19.0,"enemies":"3 Sentries","floor":10.0,"turns":4.0},{"damage":14.0,"enemies":"3 Sentries","floor":11.0,"turns":7.0},{"damage":0.0,"enemies":"2 Fungi Beasts","floor":14.0,"turns":2.0},{"damage":13,"enemies":"The Guardian","floor":16,"turns":9},{"damage":24,"enemies":"Chosen","floor":18,"turns":5},{"damage":6,"enemies":"Spheric Guardian","floor":19,"turns":4},{"damage":25,"enemies":"Snake Plant","floor":20,"turns":4},{"damage":39,"enemies":"3 Cultists","floor":21,"turns":5},{"damage":23,"enemies":"Book of Stabbing","floor":23,"turns":3}],"seed_played":"4610973976167701438","potions_obtained":[{"floor":2.0,"key":"EssenceOfSteel"},{"floor":3.0,"key":"Dexterity Potion"},{"floor":7.0,"key":"Poison Potion"},{"floor":10.0,"key":"SteroidPotion"},{"floor":11.0,"key":"Swift Potion"},{"floor":13.0,"key":"Energy Potion"},{"floor":13.0,"key":"LiquidBronze"},{"floor":13.0,"key":"Block Potion"},{"floor":18,"key":"Block Potion"},{"floor":19,"key":"LiquidBronze"},{"floor":20,"key":"Strength Potion"},{"floor":21,"key":"Energy Potion"}],"is_trial":false,"path_per_floor":["M","M","M","M","?","E","M","E","T","E","?","R","?","M","R","B",null,"M","M","M","M","$","E"],"character_chosen":"IRONCLAD","items_purchased":["Vajra"],"campfire_rested":0,"item_purchase_floors":[22],"current_hp_per_floor":[88,86,85,88,77,35,29,29,29,16,8,8,8,14,14,7,88,70,70,51,18,18,0],"gold":365,"neow_bonus":"TEN_PERCENT_HP_BONUS","is_prod":false,"is_daily":false,"chose_seed":false,"campfire_upgraded":1,"win_rate":0,"timestamp":1558056647,"path_taken":["M","M","?","M","?","E","M","E","T","E","?","R","?","M","R","BOSS","M","M","M","M","?","E"],"build_version":"2019-01-23","purchased_purges":1,"victory":false,"max_hp_per_floor":[88,88,88,88,88,88,88,88,88,88,88,88,88,88,88,88,88,88,88,88,88,88,88],"card_choices":[{"not_picked":["Cleave","Thunderclap","Body Slam"],"picked":"SKIP","floor":1.0},{"not_picked":["Pummel","Seeing Red"],"picked":"Carnage","floor":2.0},{"not_picked":["Seeing Red","Clash"],"picked":"Sword Boomerang","floor":3.0},{"not_picked":["Thunderclap","Sword Boomerang"],"picked":"Whirlwind","floor":4.0},{"not_picked":["Iron Wave","Clash"],"picked":"Inflame","floor":6.0},{"not_picked":["Thunderclap","Brutality"],"picked":"Ghostly Armor","floor":7.0},{"not_picked":["Wild Strike","Flex"],"picked":"Uppercut","floor":8.0},{"not_picked":["Perfected Strike","Ghostly Armor"],"picked":"Corruption","floor":10.0},{"not_picked":["Clash","Wild Strike"],"picked":"Inflame+1","floor":11.0},{"not_picked":["Seeing Red","Twin Strike"],"picked":"Pummel","floor":14.0},{"not_picked":["Exhume","Reaper"],"picked":"Barricade+1","floor":16},{"not_picked":["Uppercut","Anger","Searing Blow+1"],"picked":"SKIP","floor":18},{"not_picked":["Flex","Twin Strike"],"picked":"Heavy Blade+1","floor":19},{"not_picked":["Second Wind","Combust+1"],"picked":"Thunderclap+1","floor":20},{"not_picked":["Sword Boomerang","Rupture+1"],"picked":"Spot Weakness+1","floor":21}],"player_experience":403916,"relics_obtained":[{"floor":6.0,"key":"War Paint"},{"floor":8.0,"key":"Ice Cream"},{"floor":9.0,"key":"Girya"},{"floor":10.0,"key":"Frozen Egg 2"},{"floor":11.0,"key":"Peace Pipe"}],"event_choices":[{"damage_healed":0.0,"max_hp_gain":0.0,"max_hp_loss":0.0,"gold_gain":75.0,"event_name":"World of Goop","player_choice":"Gather Gold","floor":5.0,"gold_loss":0.0,"damage_taken":11.0},{"damage_healed":0.0,"max_hp_gain":0.0,"max_hp_loss":0.0,"gold_gain":30.0,"event_name":"Dead Adventurer","player_choice":"Searched \u00272\u0027 times","floor":11.0,"gold_loss":0.0,"damage_taken":0.0},{"damage_healed":0.0,"max_hp_gain":0.0,"max_hp_loss":0.0,"gold_gain":0.0,"event_name":"Lab","player_choice":"Got Potions","floor":13.0,"gold_loss":0.0,"damage_taken":0.0}],"is_beta":false,"boss_relics":[{"not_picked":["Mark of Pain","Runic Pyramid"],"picked":"White Beast Statue"}],"items_purged_floors":[22],"is_endless":false,"potions_floor_spawned":[2,3,7,10,11,18,19,20,21],"killed_by":"Book of Stabbing","ascension_level":2}