{"gold_per_floor":[118,134,134,59,70,70,101,26,52,52,63,138,138,165,165,165],"floor_reached":16,"playtime":741,"items_purged":["Strike_R"],"score":216,"play_id":"a3ee3205-2f9f-4e75-9346-32b4da355e3a","local_time":"20190324211906","is_ascension_mode":true,"campfire_choices":[{"data":"Combust","floor":6,"key":"SMITH"},{"floor":10,"key":"REST"},{"floor":15,"key":"REST"}],"neow_cost":"NONE","seed_source_timestamp":1396225284375,"circlet_count":0,"master_deck":["AscendersBane","Strike_R","Strike_R","Defend_R","Defend_R","Defend_R","Bash","Pommel Strike","Combust+1","Clothesline","Uppercut","Limit Break"],"relics":["Burning Blood","Potion Belt","Bag of Preparation","Omamori"],"potions_floor_usage":[],"damage_taken":[{"damage":9,"enemies":"2 Louse","floor":1,"turns":3},{"damage":16,"enemies":"Jaw Worm","floor":2,"turns":5},{"damage":3,"enemies":"Small Slimes","floor":5,"turns":3},{"damage":24,"enemies":"Gremlin Nob","floor":7,"turns":4},{"damage":8,"enemies":"3 Louse","floor":11,"turns":3},{"damage":25,"enemies":"Lagavulin","floor":14,"turns":5},{"damage":53,"enemies":"The Guardian","floor":16,"turns":14}],"seed_played":"832193039174684846","potions_obtained":[{"floor":7,"key":"Explosive Potion"}],"is_trial":false,"path_per_floor":["M","M","?","?","M","R","E","$","T","R","M","?","?","E","R","B"],"character_chosen":"IRONCLAD","items_purchased":[],"campfire_rested":2,"item_purchase_floors":[],"current_hp_per_floor":[65,55,48,48,51,51,33,33,33,55,53,42,47,28,52,0],"gold":165,"neow_bonus":"REMOVE_CARD","is_prod":false,"is_daily":false,"chose_seed":false,"campfire_upgraded":1,"win_rate":0,"timestamp":1553458746,"path_taken":["M","M","?","?","M","R","E","$","T","R","M","?","?","E","R","BOSS"],"build_version":"2019-01-23","purchased_purges":1,"victory":false,"max_hp_per_floor":[75,75,75,75,75,75,75,75,75,75,75,75,80,80,80,80],"card_choices":[{"not_picked":["Armaments","Fire Breathing"],"picked":"Pommel Strike","floor":1},{"not_picked":["Iron Wave","Armaments"],"picked":"Combust","floor":2},{"not_picked":["Wild Strike","Bloodletting"],"picked":"Clothesline","floor":5},{"not_picked":["Combust","Anger"],"picked":"Uppercut","floor":7},{"not_picked":["Cleave","Havoc","Iron Wave"],"picked":"SKIP","floor":11},{"not_picked":["Headbutt","Heavy Blade"],"picked":"Limit Break","floor":14}],"player_experience":2192413,"relics_obtained":[{"floor":7,"key":"Potion Belt"},{"floor":9,"key":"Bag of Preparation"},{"floor":14,"key":"Omamori"}],"event_choices":[{"cards_removed":["Strike_R"],"damage_healed":0,"gold_gain":0,"player_choice":"Card Removal","damage_taken":7,"max_hp_gain":0,"max_hp_loss":0,"event_name":"Golden Wing","floor":3,"gold_loss":0},{"cards_removed":["Defend_R"],"damage_healed":0,"gold_gain":0,"player_choice":"Card Removal","damage_taken":0,"max_hp_gain":0,"max_hp_loss":0,"event_name":"The Cleric","floor":4,"gold_loss":75},{"damage_healed":0,"gold_gain":75,"player_choice":"Gather Gold","damage_taken":11,"max_hp_gain":0,"max_hp_loss":0,"event_name":"World of Goop","floor":12,"gold_loss":0},{"damage_healed":0,"gold_gain":0,"player_choice":"Donut","damage_taken":0,"max_hp_gain":5,"max_hp_loss":0,"event_name":"Big Fish","floor":13,"gold_loss":0}],"is_beta":false,"boss_relics":[],"items_purged_floors":[8],"is_endless":false,"potions_floor_spawned":[7],"killed_by":"The Guardian","ascension_level":20}