{"gold_per_floor":[10,22,22,42,42,42,70,70,70,89,105,132,132,164,164,262,262,277,289,307,76,76,76],"floor_reached":23,"playtime":4244,"items_purged":["Strike_R"],"score":264,"play_id":"6d61ce35-eba3-464f-8315-bac97c03c7c3","local_time":"20190520041430","is_ascension_mode":true,"campfire_choices":[{"data":"Armaments","floor":6.0,"key":"SMITH"},{"data":"True Grit","floor":8.0,"key":"SMITH"},{"data":"Bash","floor":13.0,"key":"SMITH"},{"data":"Demon Form","floor":15.0,"key":"SMITH"}],"neow_cost":"NO_GOLD","seed_source_timestamp":0,"circlet_count":0,"master_deck":["Strike_R","Strike_R+1","Defend_R+1","Defend_R+1","Defend_R+1","Bash+1","Carnage","Armaments+1","True Grit+1","Shrug It Off","Demon Form+1","Impervious","Sword Boomerang+1","Iron Wave+1"],"special_seed":0,"relics":["Burning Blood","Pear","War Paint","Self Forming Clay","Ancient Tea Set","Black Star","Bag of Marbles","Omamori"],"potions_floor_usage":[],"damage_taken":[{"damage":2.0,"enemies":"Jaw Worm","floor":1.0,"turns":4.0},{"damage":1.0,"enemies":"Cultist","floor":2.0,"turns":3.0},{"damage":7.0,"enemies":"Small Slimes","floor":4.0,"turns":3.0},{"damage":15.0,"enemies":"Lagavulin","floor":7.0,"turns":6.0},{"damage":0.0,"enemies":"Exordium Wildlife","floor":10.0,"turns":4.0},{"damage":5.0,"enemies":"Looter","floor":11.0,"turns":3.0},{"damage":8.0,"enemies":"Gremlin Nob","floor":12.0,"turns":3.0},{"damage":14.0,"enemies":"3 Sentries","floor":14.0,"turns":13.0},{"damage":19.0,"enemies":"The Guardian","floor":16.0,"turns":9.0},{"damage":19.0,"enemies":"Spheric Guardian","floor":18.0,"turns":20.0},{"damage":12,"enemies":"Chosen","floor":19,"turns":5},{"damage":32,"enemies":"Sentry and Sphere","floor":20,"turns":15},{"damage":38,"enemies":"Gremlin Leader","floor":23,"turns":5}],"seed_played":"4830598434731810565","potions_obtained":[{"floor":1.0,"key":"SpeedPotion"},{"floor":4.0,"key":"SkillPotion"},{"floor":7.0,"key":"AttackPotion"},{"floor":14.0,"key":"Energy Potion"}],"is_trial":false,"path_per_floor":["M","M","?","M","?","R","E","R","T","M","M","E","R","E","R","B",null,"M","M","M","$","?","E"],"character_chosen":"IRONCLAD","items_purchased":["Bag of Marbles"],"campfire_rested":0,"item_purchase_floors":[21],"current_hp_per_floor":[80,80,64,63,63,63,64,64,64,70,71,69,69,61,61,48,80,67,61,35,35,35,0],"gold":76,"neow_bonus":"REMOVE_TWO","is_prod":false,"is_daily":false,"chose_seed":false,"campfire_upgraded":4,"win_rate":0,"timestamp":1558305870,"path_taken":["M","M","?","M","?","R","E","R","T","?","M","E","R","E","R","BOSS","M","M","M","$","?","E"],"build_version":"2019-01-23","purchased_purges":1,"victory":false,"max_hp_per_floor":[80,80,80,80,80,80,90,90,90,90,90,90,90,90,90,90,90,90,90,90,90,90,90],"card_choices":[{"not_picked":["Havoc","Pummel"],"picked":"Carnage","floor":1.0},{"not_picked":["Searing Blow","Reckless Charge","Wild Strike"],"picked":"SKIP","floor":2.0},{"not_picked":["Ghostly Armor","Wild Strike"],"picked":"Armaments","floor":4.0},{"not_picked":["Wild Strike","Barricade"],"picked":"True Grit","floor":7.0},{"not_picked":["Sentinel","Wild Strike","Hemokinesis"],"picked":"SKIP","floor":10.0},{"not_picked":["Power Through","Body Slam","Clash"],"picked":"SKIP","floor":11.0},{"not_picked":["Seeing Red","Heavy Blade"],"picked":"Shrug It Off","floor":12.0},{"not_picked":["Twin Strike","Limit Break"],"picked":"Demon Form","floor":14.0},{"not_picked":["Berserk","Exhume"],"picked":"Impervious","floor":16.0},{"not_picked":["Shrug It Off","Wild Strike"],"picked":"Sword Boomerang+1","floor":18.0},{"not_picked":["Shrug It Off","Iron Wave","Twin Strike+1"],"picked":"SKIP","floor":19},{"not_picked":["Warcry","Carnage"],"picked":"Iron Wave+1","floor":20}],"player_experience":516565,"relics_obtained":[{"floor":7.0,"key":"Pear"},{"floor":9.0,"key":"War Paint"},{"floor":12.0,"key":"Self Forming Clay"},{"floor":14.0,"key":"Ancient Tea Set"}],"event_choices":[{"damage_healed":0.0,"max_hp_gain":0.0,"max_hp_loss":0.0,"gold_gain":0.0,"event_name":"Shining Light","player_choice":"Entered Light","floor":3.0,"gold_loss":0.0,"damage_taken":16.0,"cards_upgraded":["Defend_R","Strike_R"]},{"cards_removed":["Defend_R"],"damage_healed":0.0,"max_hp_gain":0.0,"max_hp_loss":0.0,"gold_gain":0.0,"event_name":"Purifier","player_choice":"Purged","floor":5.0,"gold_loss":0.0,"damage_taken":0.0},{"damage_healed":0,"gold_gain":0,"player_choice":"Opened","damage_taken":0,"relics_obtained":["Omamori"],"max_hp_gain":0,"max_hp_loss":0,"event_name":"The Mausoleum","floor":22,"gold_loss":0}],"is_beta":false,"boss_relics":[{"not_picked":["Black Blood","Orrery"],"picked":"Black Star"}],"items_purged_floors":[21],"is_endless":false,"potions_floor_spawned":[1,4,7,14],"killed_by":"Gremlin Leader","ascension_level":5}