{"gold_per_floor":[113,113,128,278,32,47,75,75,101,111,50,65,99,99,99,99],"floor_reached":16,"playtime":814,"items_purged":["Doubt"],"score":220,"play_id":"b7cc2c97-1daa-4a7e-8383-f1046bc1fd53","local_time":"20190302215212","is_ascension_mode":true,"campfire_choices":[{"floor":8,"key":"REST"},{"data":"Rupture","floor":15,"key":"SMITH"}],"neow_cost":"CURSE","seed_source_timestamp":950871379442219,"circlet_count":0,"master_deck":["AscendersBane","Strike_R","Strike_R","Strike_R","Strike_R","Strike_R","Defend_R","Defend_R","Defend_R","Defend_R","Bash","Rupture+1","Rampage","Headbutt","Feed","Metallicize","Armaments+1","Combust"],"special_seed":0,"relics":["Burning Blood","Nunchaku","PreservedInsect","Pen Nib","Regal Pillow","Gremlin Horn"],"potions_floor_usage":[7,16],"damage_taken":[{"damage":19.0,"enemies":"Jaw Worm","floor":1.0,"turns":5.0},{"damage":14,"enemies":"Small Slimes","floor":3,"turns":4},{"damage":6,"enemies":"2 Louse","floor":6,"turns":4},{"damage":33,"enemies":"Lagavulin","floor":7,"turns":6},{"damage":9,"enemies":"Exordium Wildlife","floor":10,"turns":4},{"damage":0,"enemies":"Blue Slaver","floor":12,"turns":4},{"damage":6,"enemies":"Gremlin Nob","floor":13,"turns":3},{"damage":52,"enemies":"Hexaghost","floor":16,"turns":9}],"seed_played":"6075949878500471268","potions_obtained":[{"floor":1.0,"key":"BloodPotion"},{"floor":6,"key":"SkillPotion"},{"floor":13,"key":"Energy Potion"}],"is_trial":false,"path_per_floor":["M","?","M","?","$","M","E","R","T","M","?","M","E","?","R","B"],"character_chosen":"IRONCLAD","items_purchased":["PreservedInsect"],"campfire_rested":1,"item_purchase_floors":[5],"current_hp_per_floor":[55,48,40,40,40,40,13,35,35,35,35,44,44,44,44,0],"gold":99,"neow_bonus":"ONE_RARE_RELIC","is_prod":false,"is_daily":false,"chose_seed":false,"campfire_upgraded":1,"win_rate":0,"timestamp":1551559932,"path_taken":["M","?","M","?","$","M","E","R","T","M","?","?","E","?","R","BOSS"],"build_version":"2019-01-23","purchased_purges":1,"victory":false,"max_hp_per_floor":[75,75,75,75,75,75,75,75,75,78,78,81,81,81,81,81],"card_choices":[{"not_picked":["Pommel Strike","Iron Wave"],"picked":"Rupture","floor":1.0},{"not_picked":["Pummel","Metallicize"],"picked":"Rampage","floor":3},{"not_picked":["Second Wind","Rupture"],"picked":"Headbutt","floor":6},{"not_picked":["Iron Wave","Entrench"],"picked":"Feed","floor":7},{"not_picked":["Shrug It Off","Iron Wave"],"picked":"Metallicize","floor":10},{"not_picked":["Wild Strike","Pommel Strike"],"picked":"Armaments","floor":12},{"not_picked":["Pommel Strike","Perfected Strike"],"picked":"Combust","floor":13}],"player_experience":1867749,"relics_obtained":[{"floor":7,"key":"Pen Nib"},{"floor":9,"key":"Regal Pillow"},{"floor":13,"key":"Gremlin Horn"}],"event_choices":[{"cards_removed":["Doubt"],"damage_healed":0.0,"max_hp_gain":0.0,"max_hp_loss":0.0,"gold_gain":0.0,"event_name":"Golden Wing","player_choice":"Card Removal","floor":2.0,"gold_loss":0.0,"damage_taken":7.0},{"damage_healed":0,"gold_gain":150,"player_choice":"AGREE","damage_taken":0,"max_hp_gain":0,"max_hp_loss":0,"event_name":"Liars Game","floor":4,"gold_loss":0,"cards_obtained":["Doubt"]},{"damage_healed":0,"gold_gain":0,"player_choice":"Left Gold","damage_taken":0,"max_hp_gain":0,"max_hp_loss":0,"event_name":"World of Goop","floor":11,"gold_loss":61},{"damage_healed":0,"gold_gain":0,"player_choice":"Upgraded","damage_taken":0,"max_hp_gain":0,"max_hp_loss":0,"event_name":"Upgrade Shrine","floor":14,"gold_loss":0,"cards_upgraded":["Armaments"]}],"is_beta":false,"boss_relics":[],"items_purged_floors":[5],"is_endless":false,"potions_floor_spawned":[1,6,13],"killed_by":"Hexaghost","ascension_level":20}