{"gold_per_floor":[213,226,237,237,107,134,150,161,161,187,198,225,61,72,72,72],"floor_reached":16,"playtime":713,"items_purged":["Decay"],"score":248,"play_id":"39c56ac6-a128-4203-8ca6-14b40a954925","local_time":"20190216165434","is_ascension_mode":true,"campfire_choices":[{"floor":15,"key":"REST"}],"neow_cost":"NONE","seed_source_timestamp":142463114873837,"circlet_count":0,"master_deck":["AscendersBane","Strike_B","Strike_B","Strike_B","Strike_B","Defend_B","Defend_B","Defend_B","Defend_B","Zap","Dualcast","Doom and Gloom","Ball Lightning","Auto Shields","Cold Snap","Conserve Battery","Coolheaded","Ball Lightning","Hyperbeam","Hologram","Coolheaded","Coolheaded","Gash"],"special_seed":0,"relics":["Cracked Core","PreservedInsect","Ginger","Gremlin Horn","Prayer Wheel","Anchor"],"potions_floor_usage":[],"damage_taken":[{"damage":0.0,"enemies":"Cultist","floor":1.0,"turns":3.0},{"damage":7.0,"enemies":"2 Louse","floor":2.0,"turns":2.0},{"damage":4.0,"enemies":"Jaw Worm","floor":3.0,"turns":3.0},{"damage":33.0,"enemies":"Lagavulin","floor":6.0,"turns":7.0},{"damage":0.0,"enemies":"Blue Slaver","floor":7.0,"turns":4.0},{"damage":0.0,"enemies":"Exordium Wildlife","floor":8.0,"turns":2.0},{"damage":6.0,"enemies":"3 Sentries","floor":10.0,"turns":3.0},{"damage":0.0,"enemies":"Looter","floor":11.0,"turns":3.0},{"damage":4.0,"enemies":"Gremlin Nob","floor":12.0,"turns":3.0},{"damage":0,"enemies":"Blue Slaver","floor":14,"turns":2},{"damage":33,"enemies":"The Guardian","floor":16,"turns":5}],"seed_played":"7077883886825877473","potions_obtained":[{"floor":1.0,"key":"EssenceOfSteel"},{"floor":3.0,"key":"EssenceOfSteel"},{"floor":6.0,"key":"Explosive Potion"},{"floor":10.0,"key":"GamblersBrew"},{"floor":11.0,"key":"FearPotion"},{"floor":14,"key":"Strength Potion"}],"is_trial":false,"path_per_floor":["M","M","M","?","$","E","M","M","T","E","M","E","$","M","R","B"],"character_chosen":"DEFECT","items_purchased":["Cold Snap","Anchor"],"campfire_rested":1,"item_purchase_floors":[5,13],"current_hp_per_floor":[64,57,53,53,53,20,20,20,20,14,14,10,10,10,31,0],"gold":72,"neow_bonus":"HUNDRED_GOLD","is_prod":false,"is_daily":false,"chose_seed":false,"campfire_upgraded":0,"win_rate":0,"timestamp":1550332474,"path_taken":["M","?","M","?","$","E","M","M","T","E","M","E","$","?","R","BOSS"],"build_version":"2019-01-23","purchased_purges":1,"victory":false,"max_hp_per_floor":[71,71,71,71,71,71,71,71,71,71,71,71,71,71,71,71],"card_choices":[{"not_picked":["Barrage","Rebound"],"picked":"Doom and Gloom","floor":1.0},{"not_picked":["Conserve Battery","Sweeping Beam"],"picked":"Ball Lightning","floor":2.0},{"not_picked":["Beam Cell","Redo"],"picked":"Auto Shields","floor":3.0},{"not_picked":["Streamline","Steam Power"],"picked":"Conserve Battery","floor":6.0},{"not_picked":["Skim","Turbo"],"picked":"Coolheaded","floor":7.0},{"not_picked":["Go for the Eyes","Sweeping Beam"],"picked":"Ball Lightning","floor":8.0},{"not_picked":["Recycle","Rebound"],"picked":"Hyperbeam","floor":10.0},{"not_picked":["Barrage","Go for the Eyes"],"picked":"Hologram","floor":11.0},{"not_picked":["Reinforced Body","Melter"],"picked":"Coolheaded","floor":12.0},{"not_picked":["Rip and Tear","Rebound"],"picked":"Coolheaded","floor":14},{"not_picked":["Turbo","Beam Cell"],"picked":"Gash","floor":14}],"player_experience":1698788,"relics_obtained":[{"floor":6.0,"key":"PreservedInsect"},{"floor":9.0,"key":"Ginger"},{"floor":10.0,"key":"Gremlin Horn"},{"floor":12.0,"key":"Prayer Wheel"}],"event_choices":[{"damage_healed":0.0,"max_hp_gain":0.0,"max_hp_loss":0.0,"gold_gain":0.0,"event_name":"Wheel of Change","player_choice":"Cursed","floor":4.0,"gold_loss":0.0,"damage_taken":0.0,"cards_obtained":["Decay"]}],"is_beta":false,"boss_relics":[],"items_purged_floors":[5],"is_endless":false,"potions_floor_spawned":[1,3,6,10,11,14],"killed_by":"The Guardian","ascension_level":20}