{"gold_per_floor":[119,133,133,83,98,131,131,56,56,56,16,41,65,79,79,202,202,221,296,317,342,5,5,5,21,21,21,59,59,74,114,114,242,242,261,285,309,642,654,670,343,354,378,378,378,18,18,34,34,34],"floor_reached":51,"playtime":4794,"items_purged":["Strike_G","Defend_G","Strike_G","Strike_G"],"score":766,"play_id":"cebde175-4b75-4593-9063-5e92f0aa6efe","local_time":"20190523193811","is_ascension_mode":false,"campfire_choices":[{"data":"Neutralize","floor":7,"key":"SMITH"},{"data":"Sucker Punch","floor":10,"key":"SMITH"},{"data":"Crippling Poison","floor":15,"key":"SMITH"},{"data":"Noxious Fumes","floor":23,"key":"SMITH"},{"data":"Burst","floor":27,"key":"SMITH"},{"floor":29,"key":"REST"},{"data":"Blur","floor":32,"key":"SMITH"},{"data":"Adrenaline","floor":45,"key":"SMITH"},{"data":"Blind","floor":47,"key":"SMITH"},{"data":"Well Laid Plans","floor":49,"key":"SMITH"}],"neow_cost":"NONE","seed_source_timestamp":19395713237000,"circlet_count":0,"master_deck":["Defend_G","Defend_G","Survivor","Neutralize+1","Blur+1","Sucker Punch+1","Slice","Unload","Well Laid Plans+1","Deflect","Blur","Crippling Poison+1","Burst+1","Well Laid Plans+1","Footwork+1","Die Die Die+1","Flechettes+1","Footwork+1","Noxious Fumes+1","Dodge and Roll","Deadly Poison+1","Backflip+1","Adrenaline+1","Blind+1"],"relics":["Ring of the Serpent","Paper Crane","Vajra","Astrolabe","Oddly Smooth Stone","Orichalcum","War Paint","Centennial Puzzle","TheAbacus","Anchor","TwistedFunnel"],"potions_floor_usage":[6,16,20,31,36,50,50,50],"damage_taken":[{"damage":0,"enemies":"2 Louse","floor":1,"turns":3},{"damage":1,"enemies":"Jaw Worm","floor":2,"turns":6},{"damage":0,"enemies":"Cultist","floor":5,"turns":5},{"damage":12,"enemies":"Gremlin Nob","floor":6,"turns":5},{"damage":0,"enemies":"Red Slaver","floor":12,"turns":4},{"damage":0,"enemies":"Gremlin Gang","floor":13,"turns":6},{"damage":0,"enemies":"Exordium Wildlife","floor":14,"turns":4},{"damage":7,"enemies":"Hexaghost","floor":16,"turns":16},{"damage":0,"enemies":"Chosen","floor":18,"turns":7},{"damage":8,"enemies":"2 Thieves","floor":20,"turns":4},{"damage":4,"enemies":"Cultist and Chosen","floor":21,"turns":5},{"damage":12,"enemies":"Snecko","floor":25,"turns":7},{"damage":7,"enemies":"Slavers","floor":28,"turns":5},{"damage":0,"enemies":"Centurion and Healer","floor":30,"turns":5},{"damage":19,"enemies":"Gremlin Leader","floor":31,"turns":5},{"damage":0,"enemies":"Automaton","floor":33,"turns":11},{"damage":0,"enemies":"3 Shapes","floor":35,"turns":4},{"damage":3,"enemies":"3 Darklings","floor":36,"turns":4},{"damage":0,"enemies":"Transient","floor":37,"turns":5},{"damage":0,"enemies":"Sphere and 2 Shapes","floor":39,"turns":4},{"damage":1,"enemies":"Writhing Mass","floor":40,"turns":6},{"damage":0,"enemies":"Maw","floor":42,"turns":8},{"damage":1,"enemies":"Jaw Worm Horde","floor":48,"turns":3},{"damage":0,"enemies":"Donu and Deca","floor":50,"turns":11}],"seed_played":"-3254007442737109655","potions_obtained":[{"floor":2,"key":"Fire Potion"},{"floor":5,"key":"Explosive Potion"},{"floor":12,"key":"Swift Potion"},{"floor":14,"key":"Weak Potion"},{"floor":21,"key":"LiquidBronze"},{"floor":30,"key":"Explosive Potion"},{"floor":33,"key":"Block Potion"},{"floor":36,"key":"Block Potion"},{"floor":40,"key":"Poison Potion"}],"is_trial":false,"path_per_floor":["M","M","?","?","M","E","R","$","T","R","$","M","M","M","R","B",null,"M","?","M","M","$","R","$","M","T","R","E","R","M","E","R","B",null,"M","M","M","?","M","M","$","M","T","?","R","$","R","M","R","B",null],"character_chosen":"THE_SILENT","items_purchased":["Well Laid Plans","Noxious Fumes","Oddly Smooth Stone","Dodge and Roll","TheAbacus","TwistedFunnel"],"campfire_rested":1,"item_purchase_floors":[11,22,22,22,41,46],"current_hp_per_floor":[77,76,57,57,57,45,45,45,45,45,45,45,45,45,45,38,77,77,70,62,58,58,58,58,46,46,46,39,62,62,43,43,43,77,77,74,74,74,74,73,73,73,73,73,73,73,73,72,72,72],"gold":34,"neow_bonus":"TEN_PERCENT_HP_BONUS","is_prod":false,"is_daily":false,"chose_seed":false,"campfire_upgraded":9,"win_rate":0.0,"timestamp":1558661891,"path_taken":["M","M","?","?","M","E","R","$","T","R","?","M","M","?","R","BOSS","M","?","M","?","$","R","?","?","T","R","E","R","M","E","R","BOSS","M","?","M","?","M","M","$","M","T","?","R","$","R","M","R","BOSS"],"build_version":"2019-01-23","purchased_purges":4,"victory":true,"max_hp_per_floor":[77,77,77,77,77,77,77,77,77,77,77,77,77,77,77,77,77,77,77,77,77,77,77,77,77,77,77,77,77,77,77,77,77,77,77,77,77,77,77,77,77,77,77,77,77,77,77,77,77,77],"card_choices":[{"not_picked":["Acrobatics","Quick Slash"],"picked":"Blur","floor":1},{"not_picked":["Outmaneuver","Choke"],"picked":"Sucker Punch","floor":2},{"not_picked":["Backflip","Outmaneuver"],"picked":"Slice","floor":5},{"not_picked":["Masterful Stab","Slice"],"picked":"Unload","floor":6},{"not_picked":["Well Laid Plans","Escape Plan"],"picked":"Deflect","floor":12},{"not_picked":["Prepared","Deadly Poison"],"picked":"Blur","floor":13},{"not_picked":["Sucker Punch","Acrobatics"],"picked":"Crippling Poison","floor":14},{"not_picked":["After Image","Doppelganger"],"picked":"Burst","floor":16},{"not_picked":["Deflect+1","Dagger Throw","Distraction"],"picked":"SKIP","floor":18},{"not_picked":["Distraction","Finisher+1"],"picked":"Flechettes+1","floor":20},{"not_picked":["Blade Dance+1","Sucker Punch"],"picked":"Footwork+1","floor":21},{"not_picked":["Finisher","Deflect"],"picked":"Deadly Poison","floor":25},{"not_picked":["Endless Agony","Dodge and Roll"],"picked":"Backflip","floor":28},{"not_picked":["Sucker Punch","Poisoned Stab+1","Deflect"],"picked":"SKIP","floor":30},{"not_picked":["Skewer+1","Finisher","Blade Dance"],"picked":"SKIP","floor":31},{"not_picked":["Wraith Form v2","Unload"],"picked":"Adrenaline","floor":33},{"not_picked":["Dash+1","Dagger Spray+1","Riddle With Holes+1"],"picked":"SKIP","floor":35},{"not_picked":["Flying Knee","Dagger Spray+1","Acrobatics"],"picked":"SKIP","floor":36},{"not_picked":["Underhanded Strike","Deflect+1","Deadly Poison+1"],"picked":"SKIP","floor":37},{"not_picked":["Underhanded Strike","Expertise+1","Flying Knee+1"],"picked":"SKIP","floor":39},{"not_picked":["Reflex+1","Slice","Flying Knee+1"],"picked":"SKIP","floor":40},{"not_picked":["Deflect+1","Glass Knife","Well Laid Plans"],"picked":"SKIP","floor":42},{"not_picked":["Jack Of All Trades","Dark Shackles"],"picked":"Blind","floor":44},{"not_picked":["Outmaneuver+1","Deflect+1","Reflex+1"],"picked":"SKIP","floor":48}],"player_experience":3424,"relics_obtained":[{"floor":6,"key":"Paper Crane"},{"floor":9,"key":"Vajra"},{"floor":26,"key":"Orichalcum"},{"floor":28,"key":"War Paint"},{"floor":31,"key":"Centennial Puzzle"},{"floor":43,"key":"Anchor"}],"event_choices":[{"damage_healed":0,"gold_gain":0,"player_choice":"Take Damage","damage_taken":19,"relics_obtained":["Golden Idol"],"max_hp_gain":0,"max_hp_loss":0,"event_name":"Golden Idol","floor":3,"gold_loss":0},{"cards_removed":["Strike_G"],"damage_healed":0,"gold_gain":0,"player_choice":"Card Removal","damage_taken":0,"max_hp_gain":0,"max_hp_loss":0,"event_name":"The Cleric","floor":4,"gold_loss":50},{"damage_healed":0,"gold_gain":75,"player_choice":"Touch","damage_taken":7,"max_hp_gain":0,"max_hp_loss":0,"event_name":"FaceTrader","floor":19,"gold_loss":0},{"damage_healed":0,"gold_gain":333,"player_choice":"Gave Idol","damage_taken":0,"max_hp_gain":0,"max_hp_loss":0,"event_name":"The Moai Head","floor":38,"relics_lost":["Golden Idol"],"gold_loss":0},{"damage_healed":0,"gold_gain":0,"player_choice":"Memory 1","damage_taken":0,"max_hp_gain":0,"max_hp_loss":0,"event_name":"SensoryStone","floor":44,"gold_loss":0}],"is_beta":false,"boss_relics":[{"not_picked":["Velvet Choker","Philosopher\u0027s Stone"],"picked":"Astrolabe"},{"not_picked":["Busted Crown","Eternal Feather"],"picked":"Ring of the Serpent"}],"items_purged_floors":[8,22,41,46],"is_endless":false,"potions_floor_spawned":[2,5,12,14,21,30,33,35,36,37,40],"ascension_level":0}