{"gold_per_floor":[360,375,17,27,1,1,34,34,34,34,50,77,77,2,2,2],"floor_reached":16,"playtime":925,"items_purged":["Strike_G"],"score":216,"play_id":"6bf5029f-0d53-4899-b84c-53771a489d2c","local_time":"20190319155946","is_ascension_mode":true,"campfire_choices":[{"data":"Crippling Poison","floor":6,"key":"SMITH"},{"floor":8,"key":"REST"},{"data":"Glass Knife","floor":10,"key":"SMITH"},{"floor":15,"key":"REST"}],"neow_cost":"PERCENT_DAMAGE","seed_source_timestamp":330489191353826,"circlet_count":0,"master_deck":["AscendersBane","Defend_G","Defend_G","Defend_G","Defend_G","Defend_G","Strike_G","Strike_G","Strike_G","Strike_G","Survivor","Neutralize","Crippling Poison+1","Dagger Spray","Flechettes","Backflip","Glass Knife+1","PiercingWail+1","Backstab","After Image","Acrobatics+1"],"relics":["Ring of the Snake","TwistedFunnel","Toxic Egg 2","Dream Catcher","Art of War"],"potions_floor_usage":[12,16],"damage_taken":[{"damage":3,"enemies":"Cultist","floor":1,"turns":4},{"damage":1,"enemies":"Small Slimes","floor":2,"turns":4},{"damage":0,"enemies":"2 Louse","floor":4,"turns":2},{"damage":19,"enemies":"3 Sentries","floor":7,"turns":7},{"damage":0,"enemies":"Red Slaver","floor":11,"turns":3},{"damage":6,"enemies":"Gremlin Nob","floor":12,"turns":3},{"damage":57,"enemies":"Slime Boss","floor":16,"turns":9}],"seed_played":"-1746240476804095672","potions_obtained":[{"floor":7,"key":"Poison Potion"},{"floor":11,"key":"SmokeBomb"},{"floor":12,"key":"SkillPotion"}],"is_trial":false,"path_per_floor":["M","M","$","M","$","R","E","R","T","R","M","E","?","$","R","B"],"character_chosen":"THE_SILENT","items_purchased":["TwistedFunnel","Crippling Poison","Dagger Spray","Backflip"],"campfire_rested":2,"item_purchase_floors":[3,3,3,5],"current_hp_per_floor":[41,40,40,40,40,40,21,40,40,40,40,34,34,34,53,0],"gold":2,"neow_bonus":"TWO_FIFTY_GOLD","is_prod":false,"is_daily":false,"chose_seed":false,"campfire_upgraded":2,"win_rate":0,"timestamp":1553007586,"path_taken":["M","M","$","?","?","R","E","R","T","R","?","E","?","?","R","BOSS"],"build_version":"2019-01-23","purchased_purges":1,"victory":false,"max_hp_per_floor":[66,66,66,66,66,66,66,66,66,66,66,66,66,66,66,66],"card_choices":[{"not_picked":["Dodge and Roll","Setup","Masterful Stab"],"picked":"SKIP","floor":1},{"not_picked":["Blade Dance","Outmaneuver","Bane"],"picked":"SKIP","floor":2},{"not_picked":["Cloak And Dagger","Dodge and Roll"],"picked":"Flechettes","floor":4},{"not_picked":["Venomology","Prepared"],"picked":"Glass Knife","floor":7},{"not_picked":["Backstab","Slice"],"picked":"PiercingWail+1","floor":11},{"not_picked":["Dagger Spray","Prepared+1"],"picked":"Backstab","floor":12},{"not_picked":["Dagger Throw","Dagger Spray"],"picked":"Acrobatics+1","floor":15}],"player_experience":2130250,"relics_obtained":[{"floor":7,"key":"Toxic Egg 2"},{"floor":9,"key":"Dream Catcher"},{"floor":12,"key":"Art of War"}],"event_choices":[{"damage_healed":0,"gold_gain":0,"player_choice":"1 cards matched","damage_taken":0,"max_hp_gain":0,"max_hp_loss":0,"event_name":"Match and Keep!","floor":13,"gold_loss":0,"cards_obtained":["After Image"]}],"is_beta":false,"boss_relics":[],"items_purged_floors":[14],"is_endless":false,"potions_floor_spawned":[7,11,12],"killed_by":"Slime Boss","ascension_level":20}