{"gold_per_floor":[112,112,187,187,187,187,221,221,248,281,281,351,386,411,411,500,500,520,540,14,14,27,27,61,61,132,132],"floor_reached":27,"playtime":1252,"items_purged":["Strike_B"],"score":640,"play_id":"1a79bb20-f04f-450b-b2b1-7c7e118b5ef9","local_time":"20190429213456","is_ascension_mode":true,"campfire_choices":[{"floor":6,"key":"REST"},{"data":"Dualcast","floor":11,"key":"SMITH"},{"data":"Strike_B","floor":15,"key":"PURGE"},{"data":"Shame","floor":23,"key":"PURGE"}],"neow_cost":"NONE","seed_source_timestamp":1729051930770600,"circlet_count":0,"master_deck":["AscendersBane","Strike_B","Strike_B","Defend_B","Defend_B","Defend_B","Defend_B","Zap+1","Dualcast+1","Ball Lightning","All For One","Rainbow","Gash","Double Energy+1","Undo+1","Core Surge","Coolheaded+1","Skim+1","Purity+1","Ball Lightning","Defragment","Redo+1"],"relics":["Cracked Core","NeowsBlessing","Golden Idol","Peace Pipe","Smiling Mask","Pen Nib","Dead Branch","Toxic Egg 2","Bag of Marbles","Inserter","Unceasing Top","PreservedInsect","Art of War","Mummified Hand"],"potions_floor_usage":[12,12,16,24,24],"damage_taken":[{"damage":0,"enemies":"2 Louse","floor":1,"turns":1},{"damage":0,"enemies":"Gremlin Nob","floor":7,"turns":1},{"damage":0,"enemies":"Lagavulin","floor":10,"turns":1},{"damage":10,"enemies":"3 Sentries","floor":12,"turns":5},{"damage":0,"enemies":"Gremlin Nob","floor":13,"turns":2},{"damage":5,"enemies":"Jaw Worm","floor":14,"turns":3},{"damage":4,"enemies":"Slime Boss","floor":16,"turns":7},{"damage":19,"enemies":"Spheric Guardian","floor":18,"turns":5},{"damage":0,"enemies":"Chosen","floor":19,"turns":2},{"damage":13,"enemies":"Snake Plant","floor":22,"turns":4},{"damage":6,"enemies":"Book of Stabbing","floor":24,"turns":4},{"damage":36,"enemies":"Gremlin Leader","floor":27,"turns":5}],"seed_played":"4732842690041024281","potions_obtained":[{"floor":1,"key":"Fire Potion"},{"floor":7,"key":"GamblersBrew"},{"floor":13,"key":"SkillPotion"},{"floor":16,"key":"FocusPotion"},{"floor":22,"key":"Poison Potion"}],"is_trial":false,"path_per_floor":["M","?","?","?","?","R","E","?","T","E","R","?","E","M","R","B",null,"M","M","$","?","M","R","E","?","T","E"],"character_chosen":"DEFECT","items_purchased":["Unceasing Top","Purity+1","Ball Lightning"],"campfire_rested":1,"item_purchase_floors":[20,20,20],"current_hp_per_floor":[64,40,29,29,24,45,45,50,50,50,50,40,40,35,35,31,65,46,46,46,46,33,33,27,27,27,0],"gold":132,"neow_bonus":"THREE_ENEMY_KILL","is_prod":false,"is_daily":false,"chose_seed":false,"campfire_upgraded":1,"win_rate":0,"timestamp":1556566496,"path_taken":["M","?","?","?","?","R","E","?","T","E","R","?","E","M","R","BOSS","M","M","$","?","M","R","E","?","T","E"],"build_version":"2019-01-23","purchased_purges":1,"victory":false,"max_hp_per_floor":[71,71,71,71,71,71,71,76,76,76,76,76,76,76,76,76,76,76,76,76,76,76,76,76,76,76,76],"card_choices":[{"not_picked":["Barrage","Cold Snap"],"picked":"Ball Lightning","floor":1},{"not_picked":["Hello World","Amplify"],"picked":"All For One","floor":7},{"not_picked":["Stack","Cold Snap"],"picked":"Rainbow","floor":10},{"not_picked":["Storm","Leap+1"],"picked":"Gash","floor":12},{"not_picked":["Amplify+1","Stack+1"],"picked":"Double Energy+1","floor":13},{"not_picked":["Beam Cell","Stack+1"],"picked":"Undo+1","floor":14},{"not_picked":["Thunder Strike","Meteor Strike"],"picked":"Core Surge","floor":16},{"not_picked":["Reprogram+1","Stack+1"],"picked":"Coolheaded+1","floor":18},{"not_picked":["FTL","Double Energy+1"],"picked":"Skim+1","floor":19},{"not_picked":["Streamline","Hello World"],"picked":"Defragment","floor":22},{"not_picked":["Barrage","Beam Cell"],"picked":"Redo+1","floor":24}],"player_experience":2617767,"relics_obtained":[{"floor":7,"key":"Smiling Mask"},{"floor":9,"key":"Pen Nib"},{"floor":10,"key":"Dead Branch"},{"floor":13,"key":"Bag of Marbles"},{"floor":24,"key":"Art of War"},{"floor":26,"key":"Mummified Hand"}],"event_choices":[{"damage_healed":0,"gold_gain":0,"player_choice":"Take Damage","damage_taken":24,"relics_obtained":["Golden Idol"],"max_hp_gain":0,"max_hp_loss":0,"event_name":"Golden Idol","floor":2,"gold_loss":0},{"damage_healed":0,"gold_gain":75,"player_choice":"Gather Gold","damage_taken":11,"max_hp_gain":0,"max_hp_loss":0,"event_name":"World of Goop","floor":3,"gold_loss":0},{"damage_healed":0,"gold_gain":0,"player_choice":"Grow","damage_taken":0,"max_hp_gain":0,"max_hp_loss":0,"event_name":"Living Wall","floor":4,"gold_loss":0,"cards_upgraded":["Zap"]},{"damage_healed":0,"gold_gain":0,"player_choice":"Success","damage_taken":5,"relics_obtained":["Peace Pipe"],"max_hp_gain":0,"max_hp_loss":0,"event_name":"Scrap Ooze","floor":5,"gold_loss":0},{"damage_healed":0,"gold_gain":0,"player_choice":"Donut","damage_taken":0,"max_hp_gain":5,"max_hp_loss":0,"event_name":"Big Fish","floor":8,"gold_loss":0},{"damage_healed":0,"gold_gain":0,"player_choice":"Searched \u00272\u0027 times","damage_taken":0,"relics_obtained":["Toxic Egg 2"],"max_hp_gain":0,"max_hp_loss":0,"event_name":"Dead Adventurer","floor":12,"gold_loss":0},{"damage_healed":0,"gold_gain":0,"player_choice":"Stole Relic","damage_taken":0,"relics_obtained":["PreservedInsect"],"max_hp_gain":0,"max_hp_loss":0,"event_name":"Addict","floor":21,"gold_loss":0,"cards_obtained":["Shame"]},{"damage_healed":0,"gold_gain":0,"player_choice":"Ignored","damage_taken":0,"max_hp_gain":0,"max_hp_loss":0,"event_name":"Ghosts","floor":25,"gold_loss":0}],"is_beta":false,"boss_relics":[{"not_picked":["Orrery","Tiny House"],"picked":"Inserter"}],"items_purged_floors":[20],"is_endless":false,"potions_floor_spawned":[1,7,10,13,16,22],"killed_by":"Gremlin Leader","ascension_level":20}