{"gold_per_floor":[111,125,125,50,68,68,15,15,15,15,46,46,67,108,108,203,203,216,234,48,48,48,48,86,111,187,203,237,112,132,132,132,223,223,239,21,21,46,46,59,59,98,98,98,121,121,160,175,175,175,175],"floor_reached":52,"playtime":3878,"items_purged":["Strike_G","Regret","Strike_G"],"score":1966,"play_id":"42c1e052-68a3-4d33-b310-401e2bea494e","local_time":"20181120050147","is_ascension_mode":true,"campfire_choices":[{"data":"Neutralize","floor":6.0,"key":"SMITH"},{"data":"Backflip","floor":8.0,"key":"SMITH"},{"data":"Cloak And Dagger","floor":15.0,"key":"SMITH"},{"data":"1","floor":23.0,"key":"LIFT"},{"data":"Wraith Form v2","floor":32.0,"key":"SMITH"},{"data":"2","floor":41.0,"key":"LIFT"},{"data":"3","floor":44.0,"key":"LIFT"},{"floor":49,"key":"REST"}],"neow_cost":"TEN_PERCENT_HP_LOSS","seed_source_timestamp":35566287667285,"circlet_count":0,"master_deck":["AscendersBane","Defend_G","Defend_G","Defend_G","Defend_G","Defend_G","Strike_G","Strike_G","Survivor","Neutralize+1","Slice","Slice","Backstab","Backflip+1","Cloak And Dagger+1","Backflip","Wraith Form v2+1","Clumsy","Shame","Flying Knee","Infinite Blades","Terror","Ghostly","Ghostly","Ghostly","Leg Sweep","All Out Attack","Deflect","Well Laid Plans","Corpse Explosion","RitualDagger+1","Night Terror","Wraith Form v2+1","Backflip","Backflip","Night Terror"],"special_seed":0,"relics":["Ring of the Snake","Mango","Golden Idol","Shuriken","Darkstone Periapt","Oddly Smooth Stone","Calling Bell","Vajra","Mummified Hand","Girya","Pear","Molten Egg 2","Blue Candle","Snecko Eye","DollysMirror","Kunai","Bottled Lightning","Art of War"],"potions_floor_usage":[51,51],"damage_taken":[{"damage":4.0,"enemies":"Small Slimes","floor":1.0,"turns":6.0},{"damage":0.0,"enemies":"Jaw Worm","floor":2.0,"turns":5.0},{"damage":0.0,"enemies":"2 Louse","floor":5.0,"turns":3.0},{"damage":16.0,"enemies":"Lagavulin","floor":11.0,"turns":9.0},{"damage":0.0,"enemies":"2 Fungi Beasts","floor":13.0,"turns":4.0},{"damage":0.0,"enemies":"Gremlin Nob","floor":14.0,"turns":3.0},{"damage":46.0,"enemies":"Slime Boss","floor":16.0,"turns":14.0},{"damage":12.0,"enemies":"Shell Parasite","floor":18.0,"turns":8.0},{"damage":21.0,"enemies":"3 Byrds","floor":19.0,"turns":7.0},{"damage":14.0,"enemies":"Book of Stabbing","floor":24.0,"turns":4.0},{"damage":3.0,"enemies":"Centurion and Healer","floor":25.0,"turns":7.0},{"damage":0.0,"enemies":"Snake Plant","floor":27.0,"turns":4.0},{"damage":5.0,"enemies":"Gremlin Leader","floor":28.0,"turns":5.0},{"damage":1.0,"enemies":"Shelled Parasite and Fungi","floor":30.0,"turns":6.0},{"damage":6.0,"enemies":"Automaton","floor":33.0,"turns":8.0},{"damage":2.0,"enemies":"Orb Walker","floor":35.0,"turns":5.0},{"damage":1.0,"enemies":"3 Darklings","floor":38.0,"turns":4.0},{"damage":1.0,"enemies":"Sphere and 2 Shapes","floor":40.0,"turns":6.0},{"damage":3.0,"enemies":"Giant Head","floor":42.0,"turns":8.0},{"damage":0.0,"enemies":"Jaw Worm Horde","floor":45.0,"turns":6.0},{"damage":1,"enemies":"Nemesis","floor":47,"turns":7},{"damage":7,"enemies":"3 Darklings","floor":48,"turns":3},{"damage":9,"enemies":"Donu and Deca","floor":50,"turns":10},{"damage":28,"enemies":"Awakened One","floor":51,"turns":18}],"seed_played":"-6314506878129674793","potions_obtained":[{"floor":2.0,"key":"Block Potion"},{"floor":5.0,"key":"Fire Potion"},{"floor":14.0,"key":"Energy Potion"},{"floor":16.0,"key":"Strength Potion"},{"floor":24.0,"key":"PowerPotion"},{"floor":25.0,"key":"Fire Potion"},{"floor":38.0,"key":"Dexterity Potion"},{"floor":40.0,"key":"SpeedPotion"},{"floor":42.0,"key":"EssenceOfSteel"},{"floor":48,"key":"FearPotion"}],"is_trial":false,"path_per_floor":["M","M","?","$","M","R","$","R","T","$","E","?","M","E","R","B",null,"M","M","$","?","?","R","E","M","T","M","E","$","M","?","R","B",null,"M","$","?","M","$","M","R","E","T","R","M","?","E","M","R","B","B",null],"character_chosen":"THE_SILENT","items_purchased":["Backflip","Infinite Blades","DollysMirror"],"campfire_rested":1,"item_purchase_floors":[7,20,36],"current_hp_per_floor":[69,69,67,67,67,67,67,67,67,67,51,51,51,51,51,5,70,58,37,37,37,37,37,33,30,30,30,25,25,24,18,18,12,42,40,40,40,39,39,38,38,35,35,35,35,35,34,27,42,33,5],"gold":175,"neow_bonus":"ONE_RARE_RELIC","is_prod":false,"is_daily":false,"chose_seed":false,"campfire_upgraded":4,"win_rate":0,"timestamp":1542686507,"path_taken":["M","M","?","?","M","R","$","R","T","$","E","?","M","E","R","BOSS","M","M","$","?","?","R","E","M","T","M","E","$","M","?","R","BOSS","M","$","?","M","$","M","R","E","T","R","M","?","E","M","R","BOSS","BOSS"],"build_version":"2018-11-15","purchased_purges":3,"victory":true,"max_hp_per_floor":[74,74,67,67,67,67,67,67,67,67,67,67,67,67,67,67,85,85,85,85,85,42,42,52,52,52,52,52,52,52,52,52,52,52,52,52,52,52,52,52,52,52,52,52,52,52,52,52,52,52,52],"card_choices":[{"not_picked":["Underhanded Strike","Concentrate"],"picked":"Slice","floor":1.0},{"not_picked":["Prepared","Underhanded Strike"],"picked":"Slice","floor":2.0},{"not_picked":["Backflip","Distraction"],"picked":"Backstab","floor":5.0},{"not_picked":["Choke","Eviscerate"],"picked":"Cloak And Dagger","floor":11.0},{"not_picked":["Dagger Throw","Flying Knee"],"picked":"Backflip","floor":13.0},{"not_picked":["Quick Slash","Dodge and Roll","Outmaneuver"],"picked":"SKIP","floor":14.0},{"not_picked":["Tools of the Trade","Unload"],"picked":"Wraith Form v2","floor":16.0},{"not_picked":["Skewer","Blur"],"picked":"Blade Dance","floor":18.0},{"not_picked":["Bouncing Flask","Blur"],"picked":"Flying Knee","floor":19.0},{"not_picked":["Backflip","Noxious Fumes"],"picked":"Leg Sweep","floor":24.0},{"not_picked":["Catalyst","Predator"],"picked":"All Out Attack","floor":25.0},{"not_picked":["Noxious Fumes+1","Quick Slash+1"],"picked":"Deflect","floor":27.0},{"not_picked":["Crippling Poison","Quick Slash+1"],"picked":"Well Laid Plans","floor":28.0},{"not_picked":["Prepared","Heel Hook+1"],"picked":"Corpse Explosion","floor":30.0},{"not_picked":["Corpse Explosion","Glass Knife+1"],"picked":"Night Terror","floor":33.0},{"not_picked":["Finisher+1","Reflex","Crippling Poison"],"picked":"SKIP","floor":35.0},{"not_picked":["Dagger Throw+1","Flying Knee+1","Poisoned Stab+1"],"picked":"SKIP","floor":38.0},{"not_picked":["Dodge and Roll","Masterful Stab+1"],"picked":"Backflip","floor":40.0},{"not_picked":["Flying Knee+1","Flechettes+1","Prepared"],"picked":"SKIP","floor":42.0},{"not_picked":["Endless Agony+1","Eviscerate+1"],"picked":"Backflip","floor":45.0},{"not_picked":["Heel Hook+1","Deadly Poison"],"picked":"Night Terror","floor":47},{"not_picked":["Blur+1","Heel Hook+1","Acrobatics"],"picked":"SKIP","floor":48}],"player_experience":1066430,"relics_obtained":[{"floor":9.0,"key":"Shuriken"},{"floor":11.0,"key":"Darkstone Periapt"},{"floor":14.0,"key":"Oddly Smooth Stone"},{"floor":17.0,"key":"Vajra"},{"floor":17.0,"key":"Mummified Hand"},{"floor":17.0,"key":"Girya"},{"floor":24.0,"key":"Pear"},{"floor":26.0,"key":"Molten Egg 2"},{"floor":28.0,"key":"Blue Candle"},{"floor":42.0,"key":"Kunai"},{"floor":43.0,"key":"Bottled Lightning"},{"floor":47,"key":"Art of War"}],"event_choices":[{"damage_healed":0.0,"max_hp_gain":0.0,"max_hp_loss":7.0,"gold_gain":0.0,"event_name":"Golden Idol","player_choice":"Lose Max HP","floor":3.0,"gold_loss":0.0,"damage_taken":0.0,"relics_obtained":["Golden Idol"]},{"cards_removed":["Strike_G"],"damage_healed":0.0,"max_hp_gain":0.0,"max_hp_loss":0.0,"gold_gain":0.0,"event_name":"Living Wall","player_choice":"Forget","floor":12.0,"gold_loss":0.0,"damage_taken":0.0},{"damage_healed":0.0,"max_hp_gain":0.0,"max_hp_loss":0.0,"gold_gain":0.0,"event_name":"The Library","player_choice":"Read","floor":21.0,"gold_loss":0.0,"damage_taken":0.0,"cards_obtained":["Terror"]},{"damage_healed":0.0,"max_hp_gain":0.0,"max_hp_loss":43.0,"gold_gain":0.0,"event_name":"Ghosts","player_choice":"Became a Ghost","floor":22.0,"gold_loss":0.0,"damage_taken":0.0,"cards_obtained":["Ghostly","Ghostly","Ghostly"]},{"damage_healed":0.0,"max_hp_gain":0.0,"max_hp_loss":0.0,"gold_gain":0.0,"event_name":"Nest","player_choice":"Joined the Cult","floor":31.0,"gold_loss":0.0,"damage_taken":6.0,"cards_obtained":["RitualDagger"]},{"cards_removed":["Blade Dance"],"damage_healed":0.0,"max_hp_gain":0.0,"max_hp_loss":0.0,"gold_gain":0.0,"event_name":"Falling","player_choice":"Removed Skill","floor":37.0,"gold_loss":0.0,"damage_taken":0.0},{"damage_healed":0,"gold_gain":0,"player_choice":"Memory 1","damage_taken":0,"max_hp_gain":0,"max_hp_loss":0,"event_name":"SensoryStone","floor":46,"gold_loss":0}],"is_beta":true,"boss_relics":[{"not_picked":["Busted Crown","Ring of the Serpent"],"picked":"Calling Bell"},{"not_picked":["Tiny House","HoveringKite"],"picked":"Snecko Eye"}],"items_purged_floors":[4,20,29],"is_endless":false,"potions_floor_spawned":[2,5,14,16,18,24,25,28,30,38,40,42,48],"ascension_level":20}