{"gold_per_floor":[110,110,35,35,49,78,78,107,107,122,142,169,169,186,186,260,260,270,282,282,332,350,350,360,360,360,395,395,412,438,388,388,460,460,478,492,511,526,526,552,552,565,590,618,631,60,60,73,73,73],"floor_reached":51,"playtime":3775,"items_purged":["Pain"],"score":1426,"play_id":"9ffa518a-0640-4ad2-8d83-ab1234374f96","local_time":"20190414204811","is_ascension_mode":true,"campfire_choices":[{"data":"Zap","floor":7.0,"key":"SMITH"},{"data":"Dualcast","floor":13.0,"key":"SMITH"},{"data":"Conserve Battery","floor":15.0,"key":"SMITH"},{"floor":23.0,"key":"REST"},{"floor":25.0,"key":"REST"},{"floor":32.0,"key":"REST"},{"floor":41.0,"key":"REST"},{"data":"Secret Technique","floor":49,"key":"SMITH"}],"neow_cost":"NONE","seed_source_timestamp":20896571120005,"circlet_count":0,"master_deck":["AscendersBane","Defend_B","Defend_B","Defend_B","Defend_B","Zap+1","Dualcast+1","Doom and Gloom","Undo","Conserve Battery+1","Beam Cell","Core Surge","Leap","Coolheaded","Capacitor+1","Cold Snap","Echo Form+1","Coolheaded","Auto Shields","Go for the Eyes","White Noise+1","Amplify","Bite","Bite","Bite","Bite","Bite","Loop+1","Electrodynamics+1","Leap+1","White Noise","All For One","Defragment+1","Secret Technique+1","Gash+1"],"special_seed":0,"relics":["FrozenCore","NeowsBlessing","WarpedTongs","Frozen Egg 2","Bag of Marbles","Symbiotic Virus","Shuriken","Orichalcum","Anchor","Busted Crown","Blue Candle","Happy Flower","Centennial Puzzle","FossilizedHelix"],"potions_floor_usage":[50],"damage_taken":[{"damage":0.0,"enemies":"2 Louse","floor":1.0,"turns":1.0},{"damage":0.0,"enemies":"Cultist","floor":5.0,"turns":1.0},{"damage":0.0,"enemies":"Gremlin Nob","floor":6.0,"turns":1.0},{"damage":3.0,"enemies":"3 Sentries","floor":8.0,"turns":2.0},{"damage":0.0,"enemies":"Small Slimes","floor":10.0,"turns":1.0},{"damage":2.0,"enemies":"Exordium Wildlife","floor":11.0,"turns":4.0},{"damage":9.0,"enemies":"Gremlin Nob","floor":12.0,"turns":4.0},{"damage":0.0,"enemies":"3 Louse","floor":14.0,"turns":3.0},{"damage":13.0,"enemies":"Slime Boss","floor":16.0,"turns":10.0},{"damage":0.0,"enemies":"Chosen","floor":18.0,"turns":6.0},{"damage":12.0,"enemies":"Shell Parasite","floor":19.0,"turns":8.0},{"damage":4.0,"enemies":"Centurion and Healer","floor":22.0,"turns":9.0},{"damage":3.0,"enemies":"3 Cultists","floor":24.0,"turns":6.0},{"damage":19.0,"enemies":"Gremlin Leader","floor":27.0,"turns":9.0},{"damage":3.0,"enemies":"Snecko","floor":29.0,"turns":7.0},{"damage":36.0,"enemies":"Book of Stabbing","floor":30.0,"turns":8.0},{"damage":27.0,"enemies":"Automaton","floor":33.0,"turns":14.0},{"damage":31.0,"enemies":"3 Darklings","floor":35.0,"turns":6.0},{"damage":0.0,"enemies":"Orb Walker","floor":36.0,"turns":4.0},{"damage":21.0,"enemies":"3 Darklings","floor":37.0,"turns":6.0},{"damage":24.0,"enemies":"Transient","floor":38.0,"turns":6.0},{"damage":63.0,"enemies":"Giant Head","floor":40.0,"turns":11.0},{"damage":22.0,"enemies":"Spire Growth","floor":42.0,"turns":8.0},{"damage":1.0,"enemies":"Nemesis","floor":44.0,"turns":7.0},{"damage":16.0,"enemies":"Jaw Worm Horde","floor":45.0,"turns":4.0},{"damage":0.0,"enemies":"Sphere and 2 Shapes","floor":48.0,"turns":7.0},{"damage":46,"enemies":"Time Eater","floor":50,"turns":17}],"seed_played":"-4113500268287076860","potions_obtained":[{"floor":5.0,"key":"Block Potion"},{"floor":6.0,"key":"PowerPotion"},{"floor":10.0,"key":"LiquidBronze"},{"floor":19.0,"key":"PowerPotion"},{"floor":22.0,"key":"PowerPotion"},{"floor":33.0,"key":"FearPotion"},{"floor":36.0,"key":"Fire Potion"},{"floor":38.0,"key":"SteroidPotion"},{"floor":40.0,"key":"Weak Potion"},{"floor":47.0,"key":"Fruit Juice"},{"floor":47.0,"key":"SteroidPotion"}],"is_trial":false,"path_per_floor":["M","?","$","?","M","E","R","E","T","M","M","E","R","M","R","B",null,"M","M","?","?","M","R","M","R","T","E","?","M","E","?","R","B",null,"M","M","M","M","?","E","R","M","T","E","M","$","?","M","R","B",null],"character_chosen":"DEFECT","items_purchased":["Block Potion","FossilizedHelix","Secret Technique"],"campfire_rested":4,"item_purchase_floors":[46,46,46],"current_hp_per_floor":[64,64,64,64,64,64,64,61,61,63,63,56,56,58,58,47,65,67,57,37,37,35,57,56,76,76,57,57,62,41,41,63,76,76,63,70,64,55,55,27,49,57,57,76,68,68,73,81,81,65],"gold":73,"neow_bonus":"THREE_ENEMY_KILL","is_prod":false,"is_daily":false,"chose_seed":false,"campfire_upgraded":4,"win_rate":0,"timestamp":1555300091,"path_taken":["M","?","?","?","M","E","R","E","T","M","M","E","R","M","R","BOSS","M","M","?","?","M","R","M","R","T","E","?","M","E","?","R","BOSS","M","M","?","M","?","E","R","M","T","E","?","$","?","M","R","BOSS"],"build_version":"2019-01-23","purchased_purges":1,"victory":true,"max_hp_per_floor":[71,71,71,71,71,71,71,71,71,71,71,71,71,71,71,71,71,71,71,76,76,76,76,76,76,76,76,76,76,76,76,76,76,76,76,76,76,76,76,76,76,76,76,76,76,76,81,81,81,81],"card_choices":[{"not_picked":["Steam","Turbo"],"picked":"Doom and Gloom","floor":1.0},{"not_picked":["Rip and Tear","Hello World"],"picked":"Conserve Battery","floor":5.0},{"not_picked":["Redo","Doom and Gloom"],"picked":"Beam Cell","floor":6.0},{"not_picked":["Turbo","Ball Lightning"],"picked":"Core Surge","floor":8.0},{"not_picked":["Beam Cell","Rebound"],"picked":"Leap","floor":10.0},{"not_picked":["Storm+1","Conserve Battery"],"picked":"Coolheaded","floor":11.0},{"not_picked":["Fission","Gash"],"picked":"Capacitor+1","floor":12.0},{"not_picked":["Coolheaded","Steam"],"picked":"Cold Snap","floor":14.0},{"not_picked":["Machine Learning+1","Reboot"],"picked":"Echo Form+1","floor":16.0},{"not_picked":["Redo","Cold Snap"],"picked":"Coolheaded","floor":18.0},{"not_picked":["Skim","Redo"],"picked":"Auto Shields","floor":19.0},{"not_picked":["Turbo","Leap"],"picked":"Go for the Eyes","floor":22.0},{"not_picked":["Stack","Hello World+1"],"picked":"White Noise","floor":24.0},{"not_picked":["Stack+1","Hello World+1"],"picked":"Amplify","floor":27.0},{"not_picked":["Rebound","Coolheaded+1"],"picked":"Loop+1","floor":29.0},{"not_picked":["Coolheaded","Steam Power","Compile Driver"],"picked":"SKIP","floor":30.0},{"not_picked":["Core Surge","Multi-Cast"],"picked":"Electrodynamics+1","floor":33.0},{"not_picked":["Go for the Eyes"],"picked":"SKIP","floor":35.0},{"not_picked":["Melter"],"picked":"SKIP","floor":36.0},{"not_picked":[],"picked":"Leap+1","floor":37.0},{"not_picked":[],"picked":"White Noise","floor":38.0},{"not_picked":[],"picked":"All For One","floor":40.0},{"not_picked":["Sweeping Beam"],"picked":"SKIP","floor":42.0},{"not_picked":[],"picked":"Defragment+1","floor":44.0},{"not_picked":["Scrape"],"picked":"SKIP","floor":45.0},{"not_picked":[],"picked":"Gash+1","floor":48.0}],"player_experience":710971,"relics_obtained":[{"floor":6.0,"key":"Frozen Egg 2"},{"floor":8.0,"key":"Blood Vial"},{"floor":9.0,"key":"Bag of Marbles"},{"floor":12.0,"key":"Symbiotic Virus"},{"floor":26.0,"key":"Shuriken"},{"floor":27.0,"key":"Orichalcum"},{"floor":30.0,"key":"Anchor"},{"floor":40.0,"key":"Blue Candle"},{"floor":43.0,"key":"Happy Flower"},{"floor":44.0,"key":"Centennial Puzzle"}],"event_choices":[{"damage_healed":0.0,"max_hp_gain":0.0,"max_hp_loss":0.0,"gold_gain":0.0,"event_name":"Accursed Blacksmith","player_choice":"Rummage","floor":2.0,"gold_loss":0.0,"damage_taken":0.0,"relics_obtained":["WarpedTongs"],"cards_obtained":["Pain"]},{"damage_healed":0.0,"max_hp_gain":0.0,"max_hp_loss":0.0,"gold_gain":0.0,"cards_transformed":["Strike_B"],"event_name":"Living Wall","player_choice":"Change","floor":4.0,"gold_loss":0.0,"damage_taken":0.0,"cards_obtained":["Undo"]},{"damage_healed":0.0,"max_hp_gain":5.0,"max_hp_loss":0.0,"gold_gain":0.0,"event_name":"Forgotten Altar","player_choice":"Shed Blood","floor":20.0,"gold_loss":0.0,"damage_taken":25.0},{"damage_healed":0.0,"max_hp_gain":0.0,"max_hp_loss":0.0,"gold_gain":50.0,"event_name":"Nest","player_choice":"Stole From Cult","floor":21.0,"gold_loss":0.0,"damage_taken":0.0},{"damage_healed":0.0,"max_hp_gain":0.0,"max_hp_loss":0.0,"gold_gain":0.0,"event_name":"Vampires","player_choice":"Became a vampire (Vial)","floor":28.0,"relics_lost":["Blood Vial"],"gold_loss":0.0,"damage_taken":0.0,"cards_obtained":["Bite","Bite","Bite","Bite","Bite"]},{"damage_healed":0.0,"max_hp_gain":0.0,"max_hp_loss":0.0,"gold_gain":0.0,"event_name":"Designer","player_choice":"Upgrade","floor":31.0,"gold_loss":50.0,"damage_taken":0.0,"cards_upgraded":["White Noise"]},{"damage_healed":0.0,"max_hp_gain":0.0,"max_hp_loss":0.0,"gold_gain":0.0,"event_name":"FaceTrader","player_choice":"Leave","floor":39.0,"gold_loss":0.0,"damage_taken":0.0},{"damage_healed":0.0,"max_hp_gain":0.0,"max_hp_loss":0.0,"gold_gain":0.0,"event_name":"Lab","player_choice":"Got Potions","floor":47.0,"gold_loss":0.0,"damage_taken":0.0}],"is_beta":false,"boss_relics":[{"not_picked":["Snecko Eye","Pandora\u0027s Box"],"picked":"FrozenCore"},{"not_picked":["Empty Cage","Velvet Choker"],"picked":"Busted Crown"}],"items_purged_floors":[3],"is_endless":false,"potions_floor_spawned":[5,6,10,11,19,22,33,36,38,40],"ascension_level":17}