{"gold_per_floor":[113,38,38,49,49,49,76,86,112,112,145,158,158,174,174,250,250,270,185,235,245,142,142,160,187,213,28,28,44,60,87,87,166,166,182,57,74,88,101,130,130,140,140,140,172,187,187,219,219,219,219],"floor_reached":51,"playtime":4077,"items_purged":["Strike_G","Strike_G","Strike_G+1"],"score":1624,"play_id":"1a742ffe-53cf-41fe-982a-b766f0b04f3f","local_time":"20190405220247","is_ascension_mode":true,"campfire_choices":[{"floor":6.0,"key":"REST"},{"data":"Bouncing Flask","floor":15.0,"key":"SMITH"},{"data":"1","floor":23.0,"key":"LIFT"},{"floor":28.0,"key":"REST"},{"floor":32.0,"key":"REST"},{"data":"Catalyst","floor":41,"key":"SMITH"},{"floor":44,"key":"REST"},{"floor":47,"key":"RECALL"},{"floor":49,"key":"REST"}],"neow_cost":"NONE","seed_source_timestamp":89170312437446,"circlet_count":0,"master_deck":["AscendersBane","Defend_G+1","Defend_G+1","Defend_G","Defend_G","Strike_G+1","Survivor","Neutralize","Escape Plan","Deadly Poison","Footwork","Bouncing Flask+1","Crippling Poison","Bullet Time","Flechettes+1","Noxious Fumes","Dodge and Roll","Catalyst+1","Well Laid Plans","PiercingWail","Corpse Explosion","After Image","Noxious Fumes+1"],"special_seed":0,"relics":["Ring of the Snake","NeowsBlessing","Whetstone","Lantern","Girya","Bag of Preparation","Busted Crown","Matryoshka","Strawberry","Blue Candle","Art of War","Bottled Tornado","Runic Pyramid","Bird Faced Urn","Frozen Egg 2","Kunai","Ornamental Fan"],"potions_floor_usage":[40,50],"damage_taken":[{"damage":0.0,"enemies":"Small Slimes","floor":1.0,"turns":2.0},{"damage":0.0,"enemies":"2 Louse","floor":4.0,"turns":1.0},{"damage":0.0,"enemies":"Lagavulin","floor":7.0,"turns":1.0},{"damage":0.0,"enemies":"Jaw Worm","floor":8.0,"turns":4.0},{"damage":13.0,"enemies":"3 Sentries","floor":11.0,"turns":12.0},{"damage":0.0,"enemies":"Red Slaver","floor":12.0,"turns":3.0},{"damage":3.0,"enemies":"3 Louse","floor":14.0,"turns":5.0},{"damage":22.0,"enemies":"Slime Boss","floor":16.0,"turns":11.0},{"damage":11.0,"enemies":"Spheric Guardian","floor":18.0,"turns":4.0},{"damage":0.0,"enemies":"3 Byrds","floor":21.0,"turns":3.0},{"damage":0.0,"enemies":"Centurion and Healer","floor":24.0,"turns":6.0},{"damage":25.0,"enemies":"Slavers","floor":25.0,"turns":5.0},{"damage":16.0,"enemies":"3 Cultists","floor":29.0,"turns":6.0},{"damage":0.0,"enemies":"Snake Plant","floor":30.0,"turns":2.0},{"damage":10.0,"enemies":"Gremlin Leader","floor":31.0,"turns":6.0},{"damage":26.0,"enemies":"Champ","floor":33.0,"turns":7.0},{"damage":8.0,"enemies":"3 Shapes","floor":35.0,"turns":3.0},{"damage":2.0,"enemies":"Orb Walker","floor":37.0,"turns":4.0},{"damage":0.0,"enemies":"Writhing Mass","floor":38.0,"turns":5.0},{"damage":8.0,"enemies":"3 Darklings","floor":39.0,"turns":4.0},{"damage":0,"enemies":"Nemesis","floor":40,"turns":5},{"damage":14,"enemies":"Transient","floor":42,"turns":6},{"damage":11,"enemies":"Reptomancer","floor":45,"turns":6},{"damage":0,"enemies":"Maw","floor":46,"turns":5},{"damage":27,"enemies":"Giant Head","floor":48,"turns":7},{"damage":33,"enemies":"Donu and Deca","floor":50,"turns":7},{"damage":53,"enemies":"Awakened One","floor":51,"turns":6}],"seed_played":"7989549597632015770","potions_obtained":[{"floor":4.0,"key":"EssenceOfSteel"},{"floor":11.0,"key":"SteroidPotion"},{"floor":21.0,"key":"Poison Potion"},{"floor":30.0,"key":"PowerPotion"},{"floor":31.0,"key":"SkillPotion"},{"floor":33.0,"key":"SpeedPotion"},{"floor":37.0,"key":"SkillPotion"},{"floor":42,"key":"Ancient Potion"},{"floor":45,"key":"SkillPotion"},{"floor":46,"key":"PowerPotion"}],"is_trial":false,"path_per_floor":["M","?","?","M","?","R","E","M","T","?","E","M","T","M","R","B",null,"M","?","?","M","$","R","M","E","T","$","R","M","M","E","R","B",null,"M","$","M","M","M","E","R","M","T","R","E","M","R","E","R","B","B"],"character_chosen":"THE_SILENT","items_purchased":["Dodge and Roll","Well Laid Plans"],"campfire_rested":5,"item_purchase_floors":[22,27],"current_hp_per_floor":[59,59,52,52,32,51,51,51,51,56,43,43,43,40,40,18,58,47,47,47,47,47,47,47,29,29,29,52,36,36,26,49,23,64,56,56,54,54,46,46,46,40,40,63,60,68,68,49,72,49,0],"gold":219,"neow_bonus":"THREE_ENEMY_KILL","is_prod":false,"is_daily":false,"chose_seed":false,"campfire_upgraded":2,"win_rate":0,"timestamp":1554494567,"path_taken":["M","?","?","M","?","R","E","M","T","?","E","M","?","M","R","BOSS","M","?","?","M","$","R","M","E","T","?","R","M","?","E","R","BOSS","M","$","M","M","M","E","R","M","T","R","E","M","R","E","R","BOSS","BOSS"],"build_version":"2019-01-23","purchased_purges":3,"victory":false,"max_hp_per_floor":[66,66,66,66,66,66,66,66,66,71,71,71,71,71,71,71,71,71,71,71,71,71,71,71,78,78,78,78,78,78,78,78,78,78,78,78,78,78,78,78,78,78,78,78,78,78,78,78,78,78,78],"card_choices":[{"not_picked":["Underhanded Strike","Blade Dance"],"picked":"Escape Plan","floor":1.0},{"not_picked":["Eviscerate","Sucker Punch","Outmaneuver"],"picked":"SKIP","floor":4.0},{"not_picked":["Dagger Throw","Blur"],"picked":"Deadly Poison","floor":7.0},{"not_picked":["Flying Knee","Quick Slash"],"picked":"Footwork","floor":8.0},{"not_picked":["Sucker Punch","Reflex","Tools of the Trade"],"picked":"SKIP","floor":11.0},{"not_picked":["Backstab","Cloak And Dagger"],"picked":"Bouncing Flask","floor":12.0},{"not_picked":["Slice","Underhanded Strike"],"picked":"Crippling Poison","floor":14.0},{"not_picked":["Night Terror","Phantasmal Killer"],"picked":"Bullet Time","floor":16.0},{"not_picked":[],"picked":"Flechettes+1","floor":18.0},{"not_picked":[],"picked":"Noxious Fumes","floor":21.0},{"not_picked":["Deadly Poison"],"picked":"SKIP","floor":24.0},{"not_picked":[],"picked":"Catalyst","floor":25.0},{"not_picked":["Tactician"],"picked":"SKIP","floor":29.0},{"not_picked":[],"picked":"PiercingWail","floor":30.0},{"not_picked":[],"picked":"Corpse Explosion","floor":31.0},{"not_picked":[],"picked":"After Image","floor":33.0},{"not_picked":["All Out Attack"],"picked":"SKIP","floor":35.0},{"not_picked":["Dagger Throw"],"picked":"SKIP","floor":37.0},{"not_picked":["Expertise"],"picked":"SKIP","floor":38.0},{"not_picked":["Noxious Fumes"],"picked":"SKIP","floor":39.0},{"not_picked":["Backstab"],"picked":"SKIP","floor":40},{"not_picked":["Slice+1"],"picked":"SKIP","floor":42},{"not_picked":["Setup"],"picked":"SKIP","floor":45},{"not_picked":["Setup"],"picked":"SKIP","floor":45},{"not_picked":["Blade Dance"],"picked":"SKIP","floor":46},{"not_picked":[],"picked":"Noxious Fumes+1","floor":48}],"player_experience":2414863,"relics_obtained":[{"floor":7.0,"key":"Whetstone"},{"floor":9.0,"key":"Lantern"},{"floor":11.0,"key":"Girya"},{"floor":13.0,"key":"Bag of Preparation"},{"floor":25.0,"key":"Strawberry"},{"floor":26.0,"key":"Blue Candle"},{"floor":26.0,"key":"Art of War"},{"floor":31.0,"key":"Bottled Tornado"},{"floor":40,"key":"Bird Faced Urn"},{"floor":43,"key":"Frozen Egg 2"},{"floor":45,"key":"Kunai"},{"floor":48,"key":"Ornamental Fan"}],"event_choices":[{"cards_removed":["Strike_G"],"damage_healed":0.0,"max_hp_gain":0.0,"max_hp_loss":0.0,"gold_gain":0.0,"event_name":"The Cleric","player_choice":"Card Removal","floor":2.0,"gold_loss":75.0,"damage_taken":0.0},{"cards_removed":["Defend_G"],"damage_healed":0.0,"max_hp_gain":0.0,"max_hp_loss":0.0,"gold_gain":0.0,"event_name":"Golden Wing","player_choice":"Card Removal","floor":3.0,"gold_loss":0.0,"damage_taken":7.0},{"damage_healed":0.0,"max_hp_gain":0.0,"max_hp_loss":0.0,"gold_gain":0.0,"event_name":"Shining Light","player_choice":"Entered Light","floor":5.0,"gold_loss":0.0,"damage_taken":20.0,"cards_upgraded":["Defend_G","Defend_G"]},{"damage_healed":0.0,"max_hp_gain":5.0,"max_hp_loss":0.0,"gold_gain":0.0,"event_name":"Big Fish","player_choice":"Donut","floor":10.0,"gold_loss":0.0,"damage_taken":0.0},{"damage_healed":0.0,"max_hp_gain":0.0,"max_hp_loss":0.0,"gold_gain":0.0,"event_name":"Addict","player_choice":"Obtained Relic","floor":19.0,"gold_loss":85.0,"damage_taken":0.0,"relics_obtained":["Matryoshka"]},{"damage_healed":0.0,"max_hp_gain":0.0,"max_hp_loss":0.0,"gold_gain":50.0,"event_name":"Nest","player_choice":"Stole From Cult","floor":20.0,"gold_loss":0.0,"damage_taken":0.0}],"is_beta":false,"boss_relics":[{"not_picked":["Coffee Dripper","Cursed Key"],"picked":"Busted Crown"},{"not_picked":["Lizard Tail","Eternal Feather"],"picked":"Runic Pyramid"}],"items_purged_floors":[22,27,36],"is_endless":false,"potions_floor_spawned":[4,11,21,30,31,33,37,42,45,46],"killed_by":"Awakened One","ascension_level":20}