{"gold_per_floor":[115,19,19,44,62,105,105,30,30,30,53,89,110,148,148,243,243,256,256,271,251,176,210,210,248,248,269,269,284,297,330,330,423,423,442,467,480,273,273],"floor_reached":39,"playtime":3546,"items_purged":["Writhe","Strike_B"],"score":1018,"play_id":"9474c2d2-e7f9-4711-babe-329c47f3d255","local_time":"20190428124120","is_ascension_mode":true,"campfire_choices":[{"data":"Zap","floor":7.0,"key":"SMITH"},{"floor":10.0,"key":"REST"},{"data":"Defragment","floor":15.0,"key":"SMITH"},{"floor":24.0,"key":"REST"},{"floor":28.0,"key":"REST"},{"floor":32.0,"key":"REST"}],"neow_cost":"NONE","seed_source_timestamp":1608280576437464,"circlet_count":0,"master_deck":["AscendersBane","Strike_B","Strike_B","Defend_B","Defend_B","Defend_B","Defend_B","Zap+1","Dualcast","Ball Lightning","Doom and Gloom","Cold Snap","Glacier","Cold Snap","Conserve Battery","Defragment+1","Core Surge","Electrodynamics","Cold Snap+1","Hologram+1","Blizzard","Genetic Algorithm","Turbo+1","Consume+1","Glacier","PanicButton"],"special_seed":0,"relics":["Cracked Core","NeowsBlessing","Golden Idol","Darkstone Periapt","Cables","DataDisk","Ancient Tea Set","Bag of Preparation","Inserter","Gremlin Horn","Bag of Marbles","Anchor","Happy Flower","Cursed Key"],"potions_floor_usage":[],"damage_taken":[{"damage":0.0,"enemies":"2 Louse","floor":1.0,"turns":1.0},{"damage":0.0,"enemies":"Jaw Worm","floor":4.0,"turns":1.0},{"damage":0.0,"enemies":"Small Slimes","floor":5.0,"turns":1.0},{"damage":17.0,"enemies":"Lagavulin","floor":6.0,"turns":6.0},{"damage":2.0,"enemies":"3 Sentries","floor":12.0,"turns":7.0},{"damage":0.0,"enemies":"3 Louse","floor":13.0,"turns":3.0},{"damage":2.0,"enemies":"Lagavulin","floor":14.0,"turns":7.0},{"damage":0.0,"enemies":"Slime Boss","floor":16.0,"turns":7.0},{"damage":5.0,"enemies":"2 Thieves","floor":18.0,"turns":3.0},{"damage":6.0,"enemies":"Shell Parasite","floor":20.0,"turns":6.0},{"damage":34.0,"enemies":"Book of Stabbing","floor":23.0,"turns":6.0},{"damage":8.0,"enemies":"Gremlin Leader","floor":25.0,"turns":4.0},{"damage":8.0,"enemies":"Shelled Parasite and Fungi","floor":27.0,"turns":5.0},{"damage":0.0,"enemies":"3 Cultists","floor":29.0,"turns":2.0},{"damage":0.0,"enemies":"Chosen and Byrds","floor":30.0,"turns":6.0},{"damage":23.0,"enemies":"Slavers","floor":31.0,"turns":6.0},{"damage":2.0,"enemies":"Automaton","floor":33.0,"turns":13.0},{"damage":0.0,"enemies":"Orb Walker","floor":35.0,"turns":3.0},{"damage":0.0,"enemies":"3 Darklings","floor":36.0,"turns":5.0},{"damage":43.0,"enemies":"Spire Growth","floor":37.0,"turns":5.0},{"damage":28,"enemies":"2 Orb Walkers","floor":39,"turns":2}],"seed_played":"6109362346100240498","potions_obtained":[{"floor":4.0,"key":"SteroidPotion"},{"floor":12.0,"key":"GamblersBrew"},{"floor":30.0,"key":"Strength Potion"},{"floor":31.0,"key":"SteroidPotion"},{"floor":33.0,"key":"AttackPotion"},{"floor":35.0,"key":"FocusPotion"}],"is_trial":false,"path_per_floor":["M","$","?","M","M","E","R","?","T","R","T","E","M","E","R","B",null,"M","?","M","?","$","E","R","E","T","M","R","M","M","E","R","B",null,"M","M","M","$","?"],"character_chosen":"DEFECT","items_purchased":["Doom and Gloom","Fire Potion","PanicButton"],"campfire_rested":4,"item_purchase_floors":[2,2,38],"current_hp_per_floor":[64,64,40,40,40,23,23,23,23,44,44,42,42,40,40,40,63,58,64,58,58,58,24,47,39,39,31,54,54,54,31,54,52,71,71,71,28,28,0],"gold":273,"neow_bonus":"THREE_ENEMY_KILL","is_prod":false,"is_daily":false,"chose_seed":false,"campfire_upgraded":2,"win_rate":0,"timestamp":1556448080,"path_taken":["M","$","?","M","M","E","R","?","T","R","?","E","M","E","R","BOSS","M","?","M","?","$","E","R","E","T","M","R","M","M","E","R","BOSS","M","M","?","$","?"],"build_version":"2019-01-23","purchased_purges":2,"victory":false,"max_hp_per_floor":[71,71,71,71,71,71,71,71,71,71,71,71,71,71,71,71,71,71,77,77,77,77,77,77,77,77,77,77,77,77,77,77,77,77,77,77,77,77,77],"card_choices":[{"not_picked":["Streamline","Storm"],"picked":"Ball Lightning","floor":1.0},{"not_picked":["Barrage","Conserve Battery"],"picked":"Cold Snap","floor":4.0},{"not_picked":["Darkness","Hologram"],"picked":"Glacier","floor":5.0},{"not_picked":["Force Field","Sweeping Beam"],"picked":"Cold Snap","floor":6.0},{"not_picked":["Barrage","Gash"],"picked":"Conserve Battery","floor":12.0},{"not_picked":["Cold Snap","Reprogram"],"picked":"Defragment","floor":13.0},{"not_picked":["Sunder","Fission"],"picked":"Core Surge","floor":14.0},{"not_picked":["Multi-Cast","Buffer"],"picked":"Electrodynamics","floor":16.0},{"not_picked":["Redo","Beam Cell"],"picked":"Cold Snap+1","floor":18.0},{"not_picked":["Stack","Barrage"],"picked":"Hologram+1","floor":20.0},{"not_picked":["Reprogram","Reinforced Body"],"picked":"Blizzard","floor":23.0},{"not_picked":["Stack","Gash"],"picked":"Genetic Algorithm","floor":25.0},{"not_picked":["Stack","Redo"],"picked":"Turbo+1","floor":27.0},{"not_picked":["Coolheaded","Streamline"],"picked":"Consume+1","floor":29.0},{"not_picked":["Self Repair","Scrape+1"],"picked":"Glacier","floor":30.0},{"not_picked":["Auto Shields","Gash","BootSequence"],"picked":"SKIP","floor":31.0},{"not_picked":["Conserve Battery","Leap","Lockon"],"picked":"SKIP","floor":35.0},{"not_picked":["Static Discharge","Compile Driver","Gash"],"picked":"SKIP","floor":36.0},{"not_picked":["Sweeping Beam","Steam Power","Storm"],"picked":"SKIP","floor":37.0}],"player_experience":2585640,"relics_obtained":[{"floor":6.0,"key":"Darkstone Periapt"},{"floor":9.0,"key":"Cables"},{"floor":11.0,"key":"DataDisk"},{"floor":12.0,"key":"Ancient Tea Set"},{"floor":14.0,"key":"Bag of Preparation"},{"floor":23.0,"key":"Bag of Marbles"},{"floor":25.0,"key":"Anchor"},{"floor":31.0,"key":"Happy Flower"}],"event_choices":[{"damage_healed":0.0,"max_hp_gain":0.0,"max_hp_loss":0.0,"gold_gain":0.0,"event_name":"Golden Idol","player_choice":"Take Damage","floor":3.0,"gold_loss":0.0,"damage_taken":24.0,"relics_obtained":["Golden Idol"]},{"cards_removed":["Strike_B"],"damage_healed":0.0,"max_hp_gain":0.0,"max_hp_loss":0.0,"gold_gain":0.0,"event_name":"The Cleric","player_choice":"Card Removal","floor":8.0,"gold_loss":75.0,"damage_taken":0.0},{"damage_healed":0.0,"max_hp_gain":0.0,"max_hp_loss":0.0,"gold_gain":0.0,"event_name":"The Mausoleum","player_choice":"Opened","floor":19.0,"gold_loss":0.0,"damage_taken":0.0,"relics_obtained":["Gremlin Horn"],"cards_obtained":["Writhe"]},{"damage_healed":0.0,"max_hp_gain":0.0,"max_hp_loss":0.0,"gold_gain":0.0,"event_name":"The Woman in Blue","player_choice":"Bought 1 Potion","floor":21.0,"gold_loss":0.0,"damage_taken":0.0},{"damage_healed":0,"gold_gain":0,"player_choice":"Fight","damage_taken":0,"max_hp_gain":0,"max_hp_loss":0,"event_name":"Mysterious Sphere","floor":39,"gold_loss":0}],"is_beta":false,"boss_relics":[{"not_picked":["Snecko Eye","Velvet Choker"],"picked":"Inserter"},{"not_picked":["Coffee Dripper","Astrolabe"],"picked":"Cursed Key"}],"items_purged_floors":[22,38],"is_endless":false,"potions_floor_spawned":[4,12,16,18,20,30,31,33,35,36],"killed_by":"2 Orb Walkers","ascension_level":20}