{"gold_per_floor":[113,127,127,139,139,139,155,155,155,185,27,53,66,97,97,175,175,185,185,185,203,203,203,214,214,214,129,154,197,225,237,249,339,351,381,157,30,43,43,43,63,63,87,100,133,150,150,150,150,150,150,150,150,16,49,49],"floor_reached":57,"playtime":3509,"items_purged":["Strike_G+1","Strike_G+1"],"score":2790,"play_id":"020bd3ed-0a46-41da-8eb0-44064a694c73","local_time":"20190305104222","is_ascension_mode":true,"campfire_choices":[{"data":"Skewer","floor":6.0,"key":"SMITH"},{"data":"Neutralize","floor":8.0,"key":"SMITH"},{"data":"Footwork","floor":15.0,"key":"SMITH"},{"data":"Wraith Form v2","floor":23.0,"key":"SMITH"},{"data":"Catalyst","floor":25.0,"key":"SMITH"},{"data":"Corpse Explosion","floor":32.0,"key":"SMITH"},{"data":"Deadly Poison","floor":40.0,"key":"SMITH"},{"floor":42.0,"key":"RECALL"},{"data":"Dash","floor":47.0,"key":"SMITH"},{"data":"Backflip","floor":49.0,"key":"SMITH"},{"floor":53.0,"key":"REST"}],"neow_cost":"NONE","seed_source_timestamp":0,"circlet_count":0,"master_deck":["AscendersBane","Defend_G+1","Defend_G+1","Defend_G+1","Defend_G+1","Defend_G+1","Strike_G+1","Strike_G+1","Survivor","Neutralize+1","Backflip","Skewer+1","PiercingWail","Footwork+1","Terror","Wraith Form v2+1","Backflip","Dash+1","Bullet Time","Crippling Poison","Writhe","Choke+1","Catalyst+1","Corpse Explosion+1","After Image+1","Catalyst+1","Deadly Poison+1","Escape Plan","Backflip+1","Backflip","After Image+1","Wraith Form v2+1"],"special_seed":0,"relics":["Ring of the Snake","Regal Pillow","Ninja Scroll","Pear","Nunchaku","Snecko Eye","Blood Vial","Enchiridion","The Courier","MawBank","Frozen Egg 2","Busted Crown","DollysMirror","Anchor","Vajra","Strawberry"],"potions_floor_usage":[56,56],"damage_taken":[{"damage":0.0,"enemies":"2 Louse","floor":1.0,"turns":4.0},{"damage":0.0,"enemies":"Small Slimes","floor":2.0,"turns":6.0},{"damage":0.0,"enemies":"Cultist","floor":4.0,"turns":4.0},{"damage":0.0,"enemies":"Red Slaver","floor":7.0,"turns":4.0},{"damage":22.0,"enemies":"Lagavulin","floor":10.0,"turns":8.0},{"damage":0.0,"enemies":"Gremlin Nob","floor":12.0,"turns":3.0},{"damage":0.0,"enemies":"Blue Slaver","floor":13.0,"turns":4.0},{"damage":29.0,"enemies":"3 Sentries","floor":14.0,"turns":15.0},{"damage":0.0,"enemies":"The Guardian","floor":16.0,"turns":13.0},{"damage":0.0,"enemies":"Spheric Guardian","floor":18.0,"turns":4.0},{"damage":0.0,"enemies":"2 Thieves","floor":21.0,"turns":4.0},{"damage":4.0,"enemies":"Centurion and Healer","floor":24.0,"turns":7.0},{"damage":20.0,"enemies":"Shelled Parasite and Fungi","floor":28.0,"turns":4.0},{"damage":1.0,"enemies":"Gremlin Leader","floor":29.0,"turns":4.0},{"damage":1.0,"enemies":"Chosen and Byrds","floor":30.0,"turns":4.0},{"damage":19.0,"enemies":"Collector","floor":33.0,"turns":9.0},{"damage":1.0,"enemies":"3 Darklings","floor":35.0,"turns":5.0},{"damage":0.0,"enemies":"3 Shapes","floor":38.0,"turns":4.0},{"damage":2.0,"enemies":"3 Darklings","floor":41.0,"turns":3.0},{"damage":4.0,"enemies":"Transient","floor":44.0,"turns":6.0},{"damage":16.0,"enemies":"Nemesis","floor":45.0,"turns":7.0},{"damage":0.0,"enemies":"Sphere and 2 Shapes","floor":46.0,"turns":3.0},{"damage":8.0,"enemies":"Donu and Deca","floor":50.0,"turns":3.0},{"damage":41.0,"enemies":"Awakened One","floor":51.0,"turns":18.0},{"damage":10.0,"enemies":"Shield and Spear","floor":55.0,"turns":6.0},{"damage":50,"enemies":"The Heart","floor":56,"turns":8}],"seed_played":"-6946028525484686053","potions_obtained":[{"floor":2.0,"key":"Swift Potion"},{"floor":10.0,"key":"Regen Potion"},{"floor":14.0,"key":"Regen Potion"},{"floor":21.0,"key":"Fire Potion"},{"floor":31.0,"key":"Dexterity Potion"},{"floor":33.0,"key":"Fire Potion"},{"floor":38.0,"key":"Fire Potion"},{"floor":41.0,"key":"Poison Potion"},{"floor":55.0,"key":"Energy Potion"}],"is_trial":false,"path_per_floor":["M","M","?","M","?","R","M","R","T","E","$","E","M","E","R","B",null,"M","?","?","M","?","R","M","R","T","?","M","E","M","?","R","B",null,"M","$","$","M","?","R","M","R","T","M","E","M","R","?","R","B","B",null,"R","$","E","B",null],"character_chosen":"THE_SILENT","items_purchased":["Footwork","Terror","DollysMirror","Deadly Poison","Wraith Form v2+1"],"campfire_rested":1,"item_purchase_floors":[11,11,36,37,54],"current_hp_per_floor":[59,59,59,59,55,55,55,55,55,33,33,43,43,29,29,44,68,68,68,68,70,49,49,47,47,47,47,29,30,31,31,31,14,61,62,62,62,64,64,64,64,64,64,62,48,50,50,50,50,44,5,58,76,76,73,25],"gold":49,"neow_bonus":"RANDOM_COMMON_RELIC","is_prod":false,"is_daily":false,"chose_seed":false,"campfire_upgraded":9,"win_rate":0,"timestamp":1551778942,"path_taken":["M","M","?","M","?","R","?","R","T","E","?","E","M","E","R","BOSS","M","?","?","M","?","R","M","R","T","?","M","E","?","?","R","BOSS","M","?","$","M","?","R","M","R","T","M","E","?","R","?","R","BOSS","BOSS","R","$","E","BOSS"],"build_version":"2019-02-06","purchased_purges":2,"victory":true,"max_hp_per_floor":[66,66,66,66,66,66,66,66,66,66,66,76,76,76,76,76,76,76,76,76,76,76,76,76,76,76,76,76,76,76,76,76,76,76,76,76,76,76,76,76,76,76,76,76,76,76,76,76,76,76,76,76,76,76,83,83],"card_choices":[{"not_picked":["Heel Hook","Underhanded Strike"],"picked":"Backflip","floor":1.0},{"not_picked":["Calculated Gamble","Acrobatics"],"picked":"Skewer","floor":2.0},{"not_picked":["Bane","Reflex","Flechettes"],"picked":"SKIP","floor":4.0},{"not_picked":["Underhanded Strike","Bane"],"picked":"PiercingWail","floor":7.0},{"not_picked":["Masterful Stab","Flying Knee","Reflex"],"picked":"SKIP","floor":10.0},{"not_picked":["Backflip","Flying Knee"],"picked":"Wraith Form v2","floor":12.0},{"not_picked":["Flying Knee","Sucker Punch"],"picked":"Backflip","floor":13.0},{"not_picked":["Bane","Backstab"],"picked":"Dash","floor":14.0},{"not_picked":["Tools of the Trade","Grand Finale"],"picked":"Bullet Time","floor":16.0},{"not_picked":["Slice","Cloak And Dagger"],"picked":"Crippling Poison","floor":18.0},{"not_picked":["Concentrate","Deflect+1"],"picked":"Choke+1","floor":21.0},{"not_picked":["Masterful Stab","Poisoned Stab"],"picked":"Catalyst","floor":24.0},{"not_picked":["Dodge and Roll","Dagger Throw+1","Cloak And Dagger"],"picked":"SKIP","floor":28.0},{"not_picked":["Setup","Predator"],"picked":"Corpse Explosion","floor":29.0},{"not_picked":["Poisoned Stab","Accuracy+1","Dodge and Roll"],"picked":"SKIP","floor":30.0},{"not_picked":["Bullet Time","Adrenaline"],"picked":"After Image+1","floor":33.0},{"not_picked":["Underhanded Strike+1"],"picked":"SKIP","floor":35.0},{"not_picked":[],"picked":"Escape Plan","floor":38.0},{"not_picked":["Slice"],"picked":"SKIP","floor":41.0},{"not_picked":[],"picked":"Backflip","floor":44.0},{"not_picked":[],"picked":"Backflip","floor":45.0},{"not_picked":["Underhanded Strike"],"picked":"SKIP","floor":46.0},{"not_picked":["Blade Dance+1"],"picked":"SKIP","floor":55.0}],"player_experience":1246522,"relics_obtained":[{"floor":10.0,"key":"Ninja Scroll"},{"floor":12.0,"key":"Pear"},{"floor":14.0,"key":"Nunchaku"},{"floor":22.0,"key":"Enchiridion"},{"floor":26.0,"key":"The Courier"},{"floor":29.0,"key":"Frozen Egg 2"},{"floor":43.0,"key":"Anchor"},{"floor":45.0,"key":"Vajra"},{"floor":55.0,"key":"Strawberry"}],"event_choices":[{"cards_removed":["Strike_G"],"damage_healed":0.0,"max_hp_gain":0.0,"max_hp_loss":0.0,"gold_gain":0.0,"event_name":"Living Wall","player_choice":"Forget","floor":3.0,"gold_loss":0.0,"damage_taken":0.0},{"damage_healed":0.0,"max_hp_gain":0.0,"max_hp_loss":0.0,"gold_gain":0.0,"event_name":"The Woman in Blue","player_choice":"Bought 0 Potions","floor":5.0,"gold_loss":0.0,"damage_taken":0.0},{"damage_healed":0.0,"max_hp_gain":0.0,"max_hp_loss":0.0,"gold_gain":0.0,"event_name":"Back to Basics","player_choice":"Simplicity","floor":19.0,"gold_loss":0.0,"damage_taken":0.0,"cards_upgraded":["Defend_G","Defend_G","Defend_G","Defend_G","Defend_G","Strike_G","Strike_G","Strike_G","Strike_G"]},{"damage_healed":0.0,"max_hp_gain":0.0,"max_hp_loss":0.0,"gold_gain":0.0,"event_name":"The Mausoleum","player_choice":"Opened","floor":20.0,"gold_loss":0.0,"damage_taken":0.0,"relics_obtained":["Blood Vial"],"cards_obtained":["Writhe"]},{"damage_healed":0.0,"max_hp_gain":0.0,"max_hp_loss":0.0,"gold_gain":0.0,"event_name":"Cursed Tome","player_choice":"Obtained Book","floor":22.0,"gold_loss":0.0,"damage_taken":21.0},{"damage_healed":0.0,"max_hp_gain":0.0,"max_hp_loss":0.0,"gold_gain":0.0,"event_name":"Addict","player_choice":"Obtained Relic","floor":27.0,"gold_loss":85.0,"damage_taken":0.0,"relics_obtained":["MawBank"]},{"damage_healed":0.0,"max_hp_gain":0.0,"max_hp_loss":0.0,"gold_gain":0.0,"event_name":"Lab","player_choice":"Got Potions","floor":31.0,"gold_loss":0.0,"damage_taken":0.0},{"damage_healed":0.0,"max_hp_gain":0.0,"max_hp_loss":0.0,"gold_gain":0.0,"event_name":"SecretPortal","player_choice":"Ignored","floor":39.0,"gold_loss":0.0,"damage_taken":0.0},{"damage_healed":0.0,"max_hp_gain":0.0,"max_hp_loss":0.0,"gold_gain":0.0,"event_name":"Duplicator","player_choice":"Copied","floor":48.0,"gold_loss":0.0,"damage_taken":0.0,"cards_obtained":["After Image"]}],"is_beta":true,"boss_relics":[{"not_picked":["Ectoplasm","Sozu"],"picked":"Snecko Eye"},{"not_picked":["Orrery","Runic Pyramid"],"picked":"Busted Crown"}],"items_purged_floors":[36,37],"is_endless":false,"potions_floor_spawned":[2,10,14,21,24,33,38,41,46,55],"ascension_level":20}