{"gold_per_floor":[119,194,205,205,219,246,211,211,235,263,263,263,297,5,5,81,81,98,98,118,118,168,168,168,168,191,191,25,38,38,64,64,64],"floor_reached":33,"playtime":1436,"items_purged":["Strike_B","Strike_B"],"score":554,"play_id":"73905b2f-0fce-49c9-9c1b-ab18809f9bd6","local_time":"20190415220918","is_ascension_mode":true,"campfire_choices":[{"data":"Defragment","floor":8,"key":"SMITH"},{"floor":12,"key":"REST"},{"floor":15,"key":"REST"},{"data":"Undo","floor":23,"key":"SMITH"},{"data":"Tempest","floor":24,"key":"SMITH"},{"floor":27,"key":"REST"},{"floor":32,"key":"REST"}],"neow_cost":"NONE","seed_source_timestamp":521318444177756,"circlet_count":0,"master_deck":["AscendersBane","Strike_B","Defend_B","Defend_B","Defend_B","Defend_B","Zap","Dualcast","Lockon","Tempest+1","Defragment+1","Multi-Cast","Undo+1","Cold Snap","Apotheosis+1","Steam+1","Echo Form","Self Repair+1","Auto Shields+1","Capacitor","Turbo+1","Reinforced Body+1"],"relics":["Cracked Core","NeowsBlessing","Smiling Mask","Boot","Bronze Scales","WingedGreaves","Toxic Egg 2","Sozu","Vajra","Oddly Smooth Stone"],"potions_floor_usage":[6,6,13,31],"damage_taken":[{"damage":0,"enemies":"Jaw Worm","floor":1,"turns":1},{"damage":0,"enemies":"2 Louse","floor":3,"turns":1},{"damage":0,"enemies":"Cultist","floor":5,"turns":1},{"damage":30,"enemies":"3 Sentries","floor":6,"turns":6},{"damage":25,"enemies":"Lagavulin","floor":10,"turns":4},{"damage":24,"enemies":"3 Sentries","floor":13,"turns":6},{"damage":34,"enemies":"Slime Boss","floor":16,"turns":10},{"damage":12,"enemies":"Spheric Guardian","floor":18,"turns":4},{"damage":0,"enemies":"3 Byrds","floor":20,"turns":3},{"damage":10,"enemies":"Centurion and Healer","floor":29,"turns":6},{"damage":26,"enemies":"Slavers","floor":31,"turns":5},{"damage":74,"enemies":"Collector","floor":33,"turns":6}],"seed_played":"5266166049224901573","potions_obtained":[{"floor":1,"key":"Regen Potion"},{"floor":3,"key":"Fire Potion"},{"floor":10,"key":"EssenceOfSteel"},{"floor":16,"key":"PowerPotion"}],"is_trial":false,"path_per_floor":["M","?","M","?","M","E","?","R","T","E","?","R","E","$","R","B",null,"M","?","M","T","?","R","R","?","T","R","$","M","$","E","R","B"],"character_chosen":"DEFECT","items_purchased":["Apotheosis+1","Steam+1","Capacitor","Turbo+1"],"campfire_rested":4,"item_purchase_floors":[14,14,28,28],"current_hp_per_floor":[64,53,53,53,53,38,55,55,55,30,19,40,16,16,37,3,54,42,42,52,52,52,52,52,32,32,54,54,54,54,28,50,0],"gold":64,"neow_bonus":"THREE_ENEMY_KILL","is_prod":false,"is_daily":false,"chose_seed":false,"campfire_upgraded":3,"win_rate":0,"timestamp":1555358958,"path_taken":["M","?","M","?","M","E","?","R","T","E","?","R","E","$","R","BOSS","M","?","?","?","?","R","R","?","T","R","?","M","$","E","R","BOSS"],"build_version":"2019-01-23","purchased_purges":2,"victory":false,"max_hp_per_floor":[71,71,71,71,71,71,71,71,71,71,71,71,71,71,71,71,71,71,71,71,71,71,71,71,76,76,76,76,76,76,76,76,76],"card_choices":[{"not_picked":["Stack","Auto Shields"],"picked":"Lockon","floor":1},{"not_picked":["Auto Shields","Reprogram"],"picked":"Tempest","floor":3},{"not_picked":["Conserve Battery","FTL"],"picked":"Defragment","floor":5},{"not_picked":["Steam Power","Barrage"],"picked":"Multi-Cast","floor":6},{"not_picked":["Streamline","Hologram"],"picked":"Undo","floor":10},{"not_picked":["Sunder","Turbo"],"picked":"Cold Snap","floor":13},{"not_picked":["Multi-Cast+1","Reboot+1"],"picked":"Echo Form","floor":16},{"not_picked":["Conserve Battery+1","Coolheaded+1"],"picked":"Self Repair+1","floor":18},{"not_picked":["Lockon","Sweeping Beam"],"picked":"Auto Shields+1","floor":20},{"not_picked":["Hologram+1","Turbo+1"],"picked":"Reinforced Body+1","floor":29},{"not_picked":["Barrage","Auto Shields+1","Reprogram+1"],"picked":"SKIP","floor":31}],"player_experience":2498707,"relics_obtained":[{"floor":6,"key":"Smiling Mask"},{"floor":9,"key":"Boot"},{"floor":10,"key":"Bronze Scales"},{"floor":13,"key":"Toxic Egg 2"},{"floor":26,"key":"Vajra"},{"floor":31,"key":"Oddly Smooth Stone"}],"event_choices":[{"damage_healed":0,"gold_gain":75,"player_choice":"Gather Gold","damage_taken":11,"max_hp_gain":0,"max_hp_loss":0,"event_name":"World of Goop","floor":2,"gold_loss":0},{"damage_healed":0,"gold_gain":0,"player_choice":"Ignored","damage_taken":0,"max_hp_gain":0,"max_hp_loss":0,"event_name":"Liars Game","floor":4,"gold_loss":0},{"damage_healed":17,"gold_gain":0,"player_choice":"Healed","damage_taken":0,"max_hp_gain":0,"max_hp_loss":0,"event_name":"The Cleric","floor":7,"gold_loss":35},{"damage_healed":0,"gold_gain":0,"player_choice":"Success","damage_taken":11,"relics_obtained":["WingedGreaves"],"max_hp_gain":0,"max_hp_loss":0,"event_name":"Scrap Ooze","floor":11,"gold_loss":0},{"cards_removed":["Strike_B"],"damage_healed":0,"gold_gain":0,"player_choice":"Offered Basic","damage_taken":0,"max_hp_gain":0,"max_hp_loss":0,"event_name":"Bonfire Elementals","floor":19,"gold_loss":0},{"damage_healed":0,"gold_gain":50,"player_choice":"Stole From Cult","damage_taken":0,"max_hp_gain":0,"max_hp_loss":0,"event_name":"Nest","floor":22,"gold_loss":0},{"damage_healed":0,"gold_gain":0,"player_choice":"Shed Blood","damage_taken":25,"max_hp_gain":5,"max_hp_loss":0,"event_name":"Forgotten Altar","floor":25,"gold_loss":0}],"is_beta":false,"boss_relics":[{"not_picked":["Runic Dome","Coffee Dripper"],"picked":"Sozu"}],"items_purged_floors":[14,28],"is_endless":false,"potions_floor_spawned":[1,3,10,16,18,29,31],"killed_by":"Collector","ascension_level":20}