{"gold_per_floor":[367,2,14,24,24,24,59,59,84,113,113,125,137,163,163,238,238,248,173,173,183,11,37,37,137,137,171,171,171,171,189,189,263,263,283,283,293,293,311,342,342,352,375,404,416,443,36,36,36,36,36],"floor_reached":51,"playtime":3455,"items_purged":["Shame","Strike_R","Strike_R"],"score":1497,"play_id":"f34673b8-5f41-49ff-b306-10fe07929698","local_time":"20190327222647","is_ascension_mode":true,"campfire_choices":[{"data":"Feel No Pain","floor":6.0,"key":"SMITH"},{"data":"Uppercut","floor":8.0,"key":"SMITH"},{"floor":11.0,"key":"REST"},{"data":"Demon Form","floor":15.0,"key":"SMITH"},{"floor":24,"key":"REST"},{"floor":30,"key":"REST"},{"floor":32,"key":"REST"},{"data":"Pummel","floor":41,"key":"SMITH"},{"data":"Inflame","floor":45,"key":"SMITH"},{"floor":49,"key":"RECALL"}],"neow_cost":"CURSE","seed_source_timestamp":261904612465398,"circlet_count":0,"master_deck":["AscendersBane","Strike_R","Strike_R+1","Defend_R","Defend_R","Defend_R","Bash+1","Hemokinesis+1","Combust","Sword Boomerang","Feel No Pain+1","Uppercut+1","Demon Form+1","Battle Trance","Shrug It Off","Pummel+1","Immolate","Headbutt","Inflame+1","Exhume+1","Havoc+1","Dark Shackles+1","Fire Breathing+1","Inflame+1","Havoc+1","Combust+1","Inflame+1","Evolve+1","Metallicize+1"],"special_seed":0,"relics":["Burning Blood","Membership Card","Whetstone","PreservedInsect","Bronze Scales","Mummified Hand","Centennial Puzzle","Busted Crown","Kunai","Oddly Smooth Stone","Self Forming Clay","Dead Branch","Bottled Lightning","Toxic Egg 2","Smiling Mask","The Courier","Orrery","Paper Frog","Frozen Egg 2","MawBank","Regal Pillow","Meat on the Bone"],"potions_floor_usage":[16,25,33,50,51],"damage_taken":[{"damage":12.0,"enemies":"Small Slimes","floor":1.0,"turns":6.0},{"damage":9.0,"enemies":"Jaw Worm","floor":3.0,"turns":3.0},{"damage":3.0,"enemies":"Cultist","floor":4.0,"turns":3.0},{"damage":25.0,"enemies":"3 Sentries","floor":7.0,"turns":17.0},{"damage":21.0,"enemies":"Lagavulin","floor":10.0,"turns":6.0},{"damage":11.0,"enemies":"3 Louse","floor":12.0,"turns":4.0},{"damage":7.0,"enemies":"Blue Slaver","floor":13.0,"turns":3.0},{"damage":0.0,"enemies":"Gremlin Nob","floor":14.0,"turns":2.0},{"damage":23,"enemies":"Hexaghost","floor":16,"turns":7},{"damage":24,"enemies":"2 Thieves","floor":18,"turns":4},{"damage":11,"enemies":"Chosen","floor":21,"turns":4},{"damage":10,"enemies":"Gremlin Leader","floor":23,"turns":4},{"damage":21,"enemies":"Colosseum Slavers","floor":25,"turns":3},{"damage":7,"enemies":"Colosseum Nobs","floor":25,"turns":2},{"damage":17,"enemies":"Slavers","floor":27,"turns":3},{"damage":4,"enemies":"Snecko","floor":31,"turns":3},{"damage":22,"enemies":"Champ","floor":33,"turns":9},{"damage":2,"enemies":"3 Shapes","floor":35,"turns":3},{"damage":2,"enemies":"Orb Walker","floor":37,"turns":2},{"damage":12,"enemies":"Maw","floor":39,"turns":7},{"damage":18,"enemies":"Giant Head","floor":40,"turns":4},{"damage":2,"enemies":"Jaw Worm Horde","floor":42,"turns":2},{"damage":9,"enemies":"Nemesis","floor":44,"turns":5},{"damage":17,"enemies":"Sphere and 2 Shapes","floor":46,"turns":5},{"damage":31,"enemies":"Time Eater","floor":50,"turns":5},{"damage":43,"enemies":"Awakened One","floor":51,"turns":3}],"seed_played":"-3027153053424400714","potions_obtained":[{"floor":3.0,"key":"Ancient Potion"},{"floor":4.0,"key":"GamblersBrew"},{"floor":10.0,"key":"SteroidPotion"},{"floor":13.0,"key":"PowerPotion"},{"floor":23,"key":"Strength Potion"},{"floor":25,"key":"EssenceOfSteel"},{"floor":27,"key":"LiquidBronze"},{"floor":33,"key":"Poison Potion"},{"floor":40,"key":"SkillPotion"},{"floor":46,"key":"LiquidBronze"}],"is_trial":false,"path_per_floor":["M","$","M","M","?","R","E","R","T","E","R","M","M","E","R","B",null,"M","?","T","M","$","E","R","?","T","E","?","T","R","M","R","B",null,"M","?","M","?","M","E","R","M","T","E","R","M","$","?","R","B","B"],"character_chosen":"IRONCLAD","items_purchased":["Membership Card","Whetstone","Combust","Inflame","Oddly Smooth Stone","Fire Breathing+1","Inflame+1","Regal Pillow","Havoc+1","Combust+1","Inflame+1","Evolve+1","Metallicize+1","Meat on the Bone"],"campfire_rested":4,"item_purchase_floors":[2,2,2,22,22,47,47,47,47,47,47,47,47,47],"current_hp_per_floor":[62,62,59,62,62,62,43,43,43,28,50,45,44,50,50,33,65,47,47,47,42,42,38,60,44,44,33,12,12,36,38,62,46,72,76,71,75,75,69,57,57,61,61,58,58,47,47,47,47,34,0],"gold":36,"neow_bonus":"TWO_FIFTY_GOLD","is_prod":false,"is_daily":false,"chose_seed":false,"campfire_upgraded":5,"win_rate":0,"timestamp":1553722007,"path_taken":["M","$","M","M","?","R","E","R","T","E","R","M","M","E","R","BOSS","M","?","?","?","$","E","R","?","T","E","?","?","R","M","R","BOSS","M","?","M","?","?","E","R","M","T","E","R","M","$","?","R","BOSS","BOSS"],"build_version":"2019-01-23","purchased_purges":3,"victory":false,"max_hp_per_floor":[75,75,75,75,75,75,75,75,75,75,75,75,75,75,75,75,75,75,75,75,75,75,75,75,75,75,75,80,80,80,80,80,80,80,80,80,80,80,80,80,80,80,80,80,80,80,80,80,80,80,80],"card_choices":[{"not_picked":["Wild Strike","True Grit"],"picked":"Hemokinesis","floor":1.0},{"not_picked":["Twin Strike","Flex"],"picked":"Sword Boomerang","floor":3.0},{"not_picked":["Flame Barrier","Corruption"],"picked":"Feel No Pain","floor":4.0},{"not_picked":["Twin Strike","Combust"],"picked":"Uppercut","floor":7.0},{"not_picked":["Flex","Seeing Red"],"picked":"Demon Form","floor":10.0},{"not_picked":["Pommel Strike","True Grit"],"picked":"Battle Trance","floor":12.0},{"not_picked":["Armaments","Dropkick"],"picked":"Shrug It Off","floor":13.0},{"not_picked":["Sever Soul","Juggernaut"],"picked":"Pummel","floor":14.0},{"not_picked":["Feed","Brutality"],"picked":"Immolate","floor":16},{"not_picked":["Sword Boomerang"],"picked":"SKIP","floor":18},{"not_picked":[],"picked":"Headbutt","floor":21},{"not_picked":["Barricade"],"picked":"SKIP","floor":23},{"not_picked":["Combust"],"picked":"SKIP","floor":27},{"not_picked":["Heavy Blade"],"picked":"SKIP","floor":31},{"not_picked":[],"picked":"Exhume+1","floor":33},{"not_picked":[],"picked":"Havoc+1","floor":34},{"not_picked":["Sword Boomerang"],"picked":"SKIP","floor":35},{"not_picked":[],"picked":"Dark Shackles+1","floor":36},{"not_picked":["Feel No Pain"],"picked":"SKIP","floor":37},{"not_picked":["Clothesline"],"picked":"SKIP","floor":39},{"not_picked":["Brutality"],"picked":"SKIP","floor":40},{"not_picked":["Thunderclap"],"picked":"SKIP","floor":42},{"not_picked":["Rage+1"],"picked":"SKIP","floor":44},{"not_picked":["Thunderclap"],"picked":"SKIP","floor":46}],"player_experience":2215524,"relics_obtained":[{"floor":7.0,"key":"PreservedInsect"},{"floor":9.0,"key":"Bronze Scales"},{"floor":10.0,"key":"Mummified Hand"},{"floor":14.0,"key":"Centennial Puzzle"},{"floor":20,"key":"Kunai"},{"floor":23,"key":"Self Forming Clay"},{"floor":25,"key":"Dead Branch"},{"floor":25,"key":"Bottled Lightning"},{"floor":26,"key":"Toxic Egg 2"},{"floor":27,"key":"Smiling Mask"},{"floor":29,"key":"The Courier"},{"floor":40,"key":"Frozen Egg 2"},{"floor":44,"key":"MawBank"}],"event_choices":[{"damage_healed":0.0,"max_hp_gain":0.0,"max_hp_loss":0.0,"gold_gain":0.0,"event_name":"Living Wall","player_choice":"Grow","floor":5.0,"gold_loss":0.0,"damage_taken":0.0,"cards_upgraded":["Bash"]},{"cards_removed":["Strike_R"],"damage_healed":0,"gold_gain":0,"player_choice":"Gave Gold","damage_taken":0,"max_hp_gain":0,"max_hp_loss":0,"event_name":"Beggar","floor":19,"gold_loss":75},{"damage_healed":0,"gold_gain":0,"player_choice":"Fight","damage_taken":0,"max_hp_gain":0,"max_hp_loss":0,"event_name":"Colosseum","floor":25,"gold_loss":0},{"damage_healed":0,"gold_gain":0,"player_choice":"Fought Nobs","damage_taken":0,"max_hp_gain":0,"max_hp_loss":0,"event_name":"Colosseum","floor":25,"gold_loss":0},{"damage_healed":0,"gold_gain":0,"player_choice":"Shed Blood","damage_taken":26,"max_hp_gain":5,"max_hp_loss":0,"event_name":"Forgotten Altar","floor":28,"gold_loss":0},{"damage_healed":0,"gold_gain":0,"player_choice":"Memory 2","damage_taken":5,"max_hp_gain":0,"max_hp_loss":0,"event_name":"SensoryStone","floor":36,"gold_loss":0},{"damage_healed":0,"gold_gain":0,"player_choice":"Gave Potion","damage_taken":0,"relics_obtained":["Paper Frog"],"max_hp_gain":0,"max_hp_loss":0,"event_name":"WeMeetAgain","floor":38,"gold_loss":0},{"cards_removed":["Defend_R"],"damage_healed":0,"gold_gain":0,"player_choice":"Removed Skill","damage_taken":0,"max_hp_gain":0,"max_hp_loss":0,"event_name":"Falling","floor":48,"gold_loss":0}],"is_beta":false,"boss_relics":[{"not_picked":["White Beast Statue","Ectoplasm"],"picked":"Busted Crown"},{"not_picked":["Velvet Choker","Cursed Key"],"picked":"Orrery"}],"items_purged_floors":[2,22,47],"is_endless":false,"potions_floor_spawned":[3,4,10,13,23,25,27,33,35,40,46],"killed_by":"Awakened One","ascension_level":20}