{"gold_per_floor":[112,126,126,137,86,119,119,152,178,204,220,230,242,15,15,90,90,62,37,48,48,48],"floor_reached":22,"playtime":1218,"items_purged":["Strike_B"],"score":412,"play_id":"b9de2341-c49d-48d4-9e02-611e56e3a447","local_time":"20190129220701","is_ascension_mode":true,"campfire_choices":[{"data":"Zap","floor":7.0,"key":"SMITH"},{"floor":15.0,"key":"REST"}],"neow_cost":"NONE","seed_source_timestamp":437326828381379,"circlet_count":0,"master_deck":["AscendersBane","Defend_B","Defend_B","Zap+1","Dualcast","Sweeping Beam","Melter","Ball Lightning","Cold Snap","Capacitor","Conserve Battery","Doom and Gloom","Echo Form","Creative AI","Storm+1","Heatsinks+1","Doom and Gloom+1","Barrage+1","Go for the Eyes","Ball Lightning","Consume"],"special_seed":0,"relics":["Cracked Core","Oddly Smooth Stone","Orichalcum","Emotion Chip","PreservedInsect","Blue Candle","Astrolabe"],"potions_floor_usage":[16,16],"damage_taken":[{"damage":4.0,"enemies":"Small Slimes","floor":1.0,"turns":4.0},{"damage":6.0,"enemies":"2 Louse","floor":2.0,"turns":3.0},{"damage":0.0,"enemies":"Cultist","floor":4.0,"turns":3.0},{"damage":14.0,"enemies":"3 Sentries","floor":6.0,"turns":6.0},{"damage":24.0,"enemies":"Gremlin Nob","floor":8.0,"turns":4.0},{"damage":10.0,"enemies":"Lagavulin","floor":10.0,"turns":5.0},{"damage":1.0,"enemies":"Red Slaver","floor":11.0,"turns":3.0},{"damage":0.0,"enemies":"Lots of Slimes","floor":12.0,"turns":2.0},{"damage":0.0,"enemies":"2 Fungi Beasts","floor":13.0,"turns":2.0},{"damage":8,"enemies":"The Guardian","floor":16,"turns":9},{"damage":30,"enemies":"2 Thieves","floor":18,"turns":4},{"damage":13,"enemies":"Shell Parasite","floor":20,"turns":5},{"damage":28,"enemies":"Snake Plant","floor":22,"turns":3}],"seed_played":"2643183609997479796","potions_obtained":[{"floor":4.0,"key":"Block Potion"},{"floor":10.0,"key":"FearPotion"},{"floor":12.0,"key":"Swift Potion"},{"floor":13.0,"key":"GamblersBrew"}],"is_trial":false,"path_per_floor":["M","M","?","M","?","E","R","E","T","E","M","M","M","$","R","B",null,"M","$","M","?","M"],"character_chosen":"DEFECT","items_purchased":["Echo Form","Go for the Eyes"],"campfire_rested":1,"item_purchase_floors":[14,19],"current_hp_per_floor":[67,61,54,54,54,40,40,16,16,6,5,5,5,5,28,20,64,34,34,21,21,0],"gold":48,"neow_bonus":"TEN_PERCENT_HP_BONUS","is_prod":false,"is_daily":false,"chose_seed":false,"campfire_upgraded":1,"win_rate":0,"timestamp":1548796021,"path_taken":["M","M","?","M","?","E","R","E","T","E","?","M","M","?","R","BOSS","M","?","M","?","?"],"build_version":"2019-01-23","purchased_purges":1,"victory":false,"max_hp_per_floor":[78,78,78,78,78,78,78,78,78,78,78,78,78,78,78,78,78,78,78,78,78,78],"card_choices":[{"not_picked":["Cold Snap","Conserve Battery"],"picked":"Sweeping Beam","floor":1.0},{"not_picked":["Turbo","White Noise"],"picked":"Melter","floor":2.0},{"not_picked":["Redo","Sweeping Beam","Barrage"],"picked":"SKIP","floor":4.0},{"not_picked":["Fission","Fusion"],"picked":"Ball Lightning","floor":6.0},{"not_picked":["Sweeping Beam","Stack"],"picked":"Cold Snap","floor":8.0},{"not_picked":["Sweeping Beam","Turbo"],"picked":"Capacitor","floor":10.0},{"not_picked":["Redo","Reboot"],"picked":"Conserve Battery","floor":11.0},{"not_picked":["Redo","Rip and Tear"],"picked":"Doom and Gloom","floor":12.0},{"not_picked":["Turbo","Sweeping Beam","Rebound"],"picked":"SKIP","floor":13.0},{"not_picked":["Amplify","Seek"],"picked":"Creative AI","floor":16},{"not_picked":["Go for the Eyes+1","Coolheaded"],"picked":"Barrage+1","floor":18},{"not_picked":["Redo","Turbo"],"picked":"Ball Lightning","floor":20}],"player_experience":1603868,"relics_obtained":[{"floor":6.0,"key":"Orichalcum"},{"floor":8.0,"key":"Emotion Chip"},{"floor":9.0,"key":"PreservedInsect"},{"floor":10.0,"key":"Blue Candle"}],"event_choices":[{"cards_removed":["Strike_B"],"damage_healed":0.0,"max_hp_gain":0.0,"max_hp_loss":0.0,"gold_gain":0.0,"event_name":"Golden Wing","player_choice":"Card Removal","floor":3.0,"gold_loss":0.0,"damage_taken":7.0},{"damage_healed":0.0,"max_hp_gain":0.0,"max_hp_loss":0.0,"gold_gain":0.0,"event_name":"WeMeetAgain","player_choice":"Paid Gold","floor":5.0,"gold_loss":51.0,"damage_taken":0.0,"relics_obtained":["Oddly Smooth Stone"]},{"damage_healed":0,"gold_gain":0,"cards_transformed":["Defend_B"],"player_choice":"Transformed","damage_taken":0,"max_hp_gain":0,"max_hp_loss":0,"event_name":"Transmorgrifier","floor":21,"gold_loss":0,"cards_obtained":["Consume"]}],"is_beta":false,"boss_relics":[{"not_picked":["Eternal Feather","Velvet Choker"],"picked":"Astrolabe"}],"items_purged_floors":[14],"is_endless":false,"potions_floor_spawned":[4,10,12,13],"killed_by":"Snake Plant","ascension_level":20}