{"gold_per_floor":[113,129,37,37,37,37,65,76,102,129,143,169,169,94,94,172,172,182,195,76,76,76,76,1,32,32,50,50,70,70,70,70,142,142,157,173,173,173,193,193,227,227,227,227,237,237,237,106,106,106],"floor_reached":50,"playtime":23705,"items_purged":["Strike_G"],"score":1062,"play_id":"339311f8-e664-47b5-ae0e-64a97b0f446e","local_time":"20190318195641","is_ascension_mode":true,"campfire_choices":[{"floor":6.0,"key":"REST"},{"floor":15.0,"key":"REST"},{"data":"Wraith Form v2","floor":23.0,"key":"SMITH"},{"floor":28.0,"key":"REST"},{"data":"Skewer","floor":30.0,"key":"SMITH"},{"data":"Neutralize","floor":32.0,"key":"SMITH"},{"floor":40,"key":"REST"},{"floor":42,"key":"REST"},{"floor":44,"key":"RECALL"},{"data":"Catalyst","floor":49,"key":"SMITH"}],"neow_cost":"NONE","seed_source_timestamp":0,"circlet_count":0,"master_deck":["AscendersBane","Survivor","Neutralize+1","Backstab","PiercingWail","Poisoned Stab","Noxious Fumes","Skewer+1","Dodge and Roll","Poisoned Stab","Wraith Form v2+1","Outmaneuver","Blur","Noxious Fumes","PiercingWail","Bouncing Flask","Finisher","Infinite Blades","Catalyst+1","Masterful Stab","Footwork","Backflip+1","Backstab+1","Acrobatics","Leg Sweep","Catalyst+1","Backflip"],"special_seed":0,"relics":["Ring of the Snake","NeowsBlessing","Omamori","Gambling Chip","Bag of Marbles","Ice Cream","Regal Pillow","Mercury Hourglass","Cursed Key","The Courier","Pandora\u0027s Box","Unceasing Top","Question Card","Oddly Smooth Stone"],"potions_floor_usage":[50,50],"damage_taken":[{"damage":0.0,"enemies":"Cultist","floor":1.0,"turns":1.0},{"damage":0.0,"enemies":"Jaw Worm","floor":2.0,"turns":1.0},{"damage":0.0,"enemies":"Lagavulin","floor":7.0,"turns":1.0},{"damage":0.0,"enemies":"Small Slimes","floor":8.0,"turns":3.0},{"damage":18.0,"enemies":"3 Sentries","floor":10.0,"turns":10.0},{"damage":0.0,"enemies":"2 Fungi Beasts","floor":11.0,"turns":2.0},{"damage":8.0,"enemies":"Gremlin Nob","floor":12.0,"turns":3.0},{"damage":34.0,"enemies":"Slime Boss","floor":16.0,"turns":10.0},{"damage":7.0,"enemies":"Shell Parasite","floor":18.0,"turns":4.0},{"damage":2.0,"enemies":"Spheric Guardian","floor":19.0,"turns":5.0},{"damage":10.0,"enemies":"Gremlin Leader","floor":25.0,"turns":6.0},{"damage":11.0,"enemies":"Centurion and Healer","floor":27.0,"turns":5.0},{"damage":1.0,"enemies":"3 Cultists","floor":29.0,"turns":6.0},{"damage":1.0,"enemies":"Sentry and Sphere","floor":31.0,"turns":3.0},{"damage":46.0,"enemies":"Automaton","floor":33.0,"turns":11.0},{"damage":29.0,"enemies":"Orb Walker","floor":35.0,"turns":4.0},{"damage":0,"enemies":"3 Shapes","floor":36,"turns":4},{"damage":18,"enemies":"Transient","floor":39,"turns":6},{"damage":24,"enemies":"Giant Head","floor":41,"turns":9},{"damage":5,"enemies":"4 Shapes","floor":45,"turns":6},{"damage":45,"enemies":"Donu and Deca","floor":50,"turns":6}],"seed_played":"9073832064838143149","potions_obtained":[{"floor":2.0,"key":"Energy Potion"},{"floor":8.0,"key":"SmokeBomb"},{"floor":11.0,"key":"Energy Potion"},{"floor":19.0,"key":"Swift Potion"},{"floor":25.0,"key":"Poison Potion"},{"floor":33.0,"key":"Dexterity Potion"},{"floor":35.0,"key":"FearPotion"}],"is_trial":false,"path_per_floor":["M","M","$","?","$","R","E","M","T","E","M","E","T","?","R","B",null,"M","M","$","?","?","R","?","E","T","M","R","M","R","M","R","B",null,"M","M","?","?","M","R","E","R","T","R","M","?","?","$","R","B"],"character_chosen":"THE_SILENT","items_purchased":["Poisoned Stab","Noxious Fumes","Noxious Fumes","Oddly Smooth Stone"],"campfire_rested":5,"item_purchase_floors":[3,3,20,48],"current_hp_per_floor":[59,59,59,33,33,52,52,52,52,34,34,26,26,26,60,26,56,49,47,47,47,47,47,47,37,37,26,60,59,59,58,58,12,53,24,24,24,24,6,40,16,50,50,50,45,45,45,45,45,0],"gold":106,"neow_bonus":"THREE_ENEMY_KILL","is_prod":false,"is_daily":false,"chose_seed":false,"campfire_upgraded":4,"win_rate":0,"timestamp":1552935401,"path_taken":["M","M","$","?","$","R","E","M","T","E","M","E","?","?","R","BOSS","M","M","$","?","?","R","?","E","T","M","R","M","R","M","R","BOSS","M","M","?","?","?","R","E","R","T","R","M","?","?","$","R","BOSS"],"build_version":"2019-01-23","purchased_purges":1,"victory":false,"max_hp_per_floor":[66,66,66,66,66,66,66,66,66,66,66,66,66,66,66,66,66,66,66,66,66,66,66,66,66,66,66,66,66,66,66,66,66,66,66,66,66,66,66,66,66,66,66,66,66,63,63,63,63,63],"card_choices":[{"not_picked":["Underhanded Strike","Masterful Stab"],"picked":"Backstab","floor":1.0},{"not_picked":["Blade Dance","Caltrops"],"picked":"PiercingWail","floor":2.0},{"not_picked":["Infinite Blades","Prepared"],"picked":"Skewer","floor":7.0},{"not_picked":["Underhanded Strike","Distraction","Finisher"],"picked":"SKIP","floor":8.0},{"not_picked":["Underhanded Strike","Flechettes","Reflex"],"picked":"SKIP","floor":10.0},{"not_picked":["Flechettes","Deadly Poison"],"picked":"Dodge and Roll","floor":11.0},{"not_picked":["Cloak And Dagger","Grand Finale"],"picked":"Poisoned Stab","floor":12.0},{"not_picked":["A Thousand Cuts","Bullet Time"],"picked":"Wraith Form v2","floor":16.0},{"not_picked":["Poisoned Stab","Deflect"],"picked":"Outmaneuver","floor":18.0},{"not_picked":["Flying Knee","Dagger Throw"],"picked":"Blur","floor":19.0},{"not_picked":["Underhanded Strike","Bane"],"picked":"PiercingWail","floor":25.0},{"not_picked":["Tools of the Trade","Dagger Throw"],"picked":"Bouncing Flask","floor":27.0},{"not_picked":["Quick Slash+1","Cloak And Dagger","Endless Agony"],"picked":"SKIP","floor":29.0},{"not_picked":["Infinite Blades","Distraction"],"picked":"Backstab+1","floor":35.0},{"not_picked":["Flying Knee","Poisoned Stab"],"picked":"Acrobatics","floor":36},{"not_picked":["Blur","Dagger Throw"],"picked":"Leg Sweep","floor":39},{"not_picked":["Expertise","Riddle With Holes"],"picked":"Catalyst+1","floor":41},{"not_picked":["Slice","Finisher","Quick Slash"],"picked":"Backflip","floor":45}],"player_experience":2083134,"relics_obtained":[{"floor":7.0,"key":"Gambling Chip"},{"floor":9.0,"key":"Bag of Marbles"},{"floor":10.0,"key":"Ice Cream"},{"floor":12.0,"key":"Regal Pillow"},{"floor":13.0,"key":"Mercury Hourglass"},{"floor":25.0,"key":"The Courier"},{"floor":41,"key":"Unceasing Top"},{"floor":43,"key":"Question Card"}],"event_choices":[{"damage_healed":0.0,"max_hp_gain":0.0,"max_hp_loss":0.0,"gold_gain":0.0,"event_name":"Scrap Ooze","player_choice":"Success","floor":4.0,"gold_loss":0.0,"damage_taken":26.0,"relics_obtained":["Omamori"]},{"cards_removed":["Strike_G"],"damage_healed":0.0,"max_hp_gain":0.0,"max_hp_loss":0.0,"gold_gain":0.0,"event_name":"The Cleric","player_choice":"Card Removal","floor":14.0,"gold_loss":75.0,"damage_taken":0.0},{"damage_healed":0.0,"max_hp_gain":0.0,"max_hp_loss":0.0,"gold_gain":0.0,"event_name":"The Mausoleum","player_choice":"Ignored","floor":21.0,"gold_loss":0.0,"damage_taken":0.0},{"damage_healed":0.0,"max_hp_gain":0.0,"max_hp_loss":0.0,"gold_gain":0.0,"event_name":"Vampires","player_choice":"Ignored","floor":22.0,"gold_loss":0.0,"damage_taken":0.0},{"cards_removed":["Strike_G"],"damage_healed":0.0,"max_hp_gain":0.0,"max_hp_loss":0.0,"gold_gain":0.0,"event_name":"Beggar","player_choice":"Gave Gold","floor":24.0,"gold_loss":75.0,"damage_taken":0.0},{"damage_healed":0,"gold_gain":0,"player_choice":"Ignored","damage_taken":0,"max_hp_gain":0,"max_hp_loss":0,"event_name":"Tomb of Lord Red Mask","floor":37,"gold_loss":0},{"damage_healed":0,"gold_gain":0,"player_choice":"Upgraded","damage_taken":0,"max_hp_gain":0,"max_hp_loss":0,"event_name":"Upgrade Shrine","floor":38,"gold_loss":0,"cards_upgraded":["Backflip"]},{"damage_healed":0,"gold_gain":0,"player_choice":"Max HP","damage_taken":0,"max_hp_gain":0,"max_hp_loss":3,"event_name":"Winding Halls","floor":46,"gold_loss":0},{"cards_removed":["Doppelganger"],"damage_healed":0,"gold_gain":0,"player_choice":"Removed Skill","damage_taken":0,"max_hp_gain":0,"max_hp_loss":0,"event_name":"Falling","floor":47,"gold_loss":0}],"is_beta":false,"boss_relics":[{"not_picked":["Lizard Tail","Velvet Choker"],"picked":"Cursed Key"},{"not_picked":["Tiny House","HoveringKite"],"picked":"Pandora\u0027s Box"}],"items_purged_floors":[20],"is_endless":false,"potions_floor_spawned":[2,8,11,19,25,33,35,39],"killed_by":"Donu and Deca","ascension_level":20}