{"gold_per_floor":[113,113,126,144,69,103,103,132,157,157,170,170,188,232,232,331,331,345,305,107,107],"floor_reached":21,"playtime":1015,"items_purged":["Parasite"],"score":398,"play_id":"5d9084f2-62a9-4ecf-a778-c84630079d40","local_time":"20190316140812","is_ascension_mode":true,"campfire_choices":[{"floor":7,"key":"REST"},{"floor":12,"key":"REST"},{"data":"Envenom","floor":15,"key":"SMITH"}],"neow_cost":"NONE","seed_source_timestamp":64499332567034,"circlet_count":0,"master_deck":["AscendersBane","Defend_G","Defend_G","Defend_G+1","Defend_G","Defend_G+1","Strike_G","Strike_G","Strike_G","Strike_G","Survivor","Neutralize+1","Deadly Poison","Riddle With Holes","All Out Attack","Deflect","Skewer","Poisoned Stab","Envenom+1","Malaise","Clumsy","Parasite","Footwork","Acrobatics","Catalyst","Footwork"],"relics":["Ring of the Snake","NeowsBlessing","Orichalcum","Lantern","Happy Flower","Golden Idol","Pear","Calling Bell","Blue Candle","Unceasing Top","War Paint"],"potions_floor_usage":[6,13,14],"damage_taken":[{"damage":0,"enemies":"Jaw Worm","floor":1,"turns":1},{"damage":0,"enemies":"2 Louse","floor":3,"turns":1},{"damage":0,"enemies":"Small Slimes","floor":4,"turns":1},{"damage":36,"enemies":"Gremlin Nob","floor":6,"turns":6},{"damage":18,"enemies":"3 Sentries","floor":8,"turns":9},{"damage":0,"enemies":"Looter","floor":11,"turns":3},{"damage":7,"enemies":"Gremlin Gang","floor":13,"turns":3},{"damage":1,"enemies":"Gremlin Nob","floor":14,"turns":4},{"damage":25,"enemies":"Hexaghost","floor":16,"turns":9},{"damage":18,"enemies":"Chosen","floor":18,"turns":6},{"damage":22,"enemies":"2 Thieves","floor":19,"turns":5},{"damage":22,"enemies":"Colosseum Slavers","floor":21,"turns":2}],"seed_played":"6613693592558186762","potions_obtained":[{"floor":1,"key":"Block Potion"},{"floor":4,"key":"SkillPotion"},{"floor":11,"key":"GhostInAJar"},{"floor":13,"key":"Ancient Potion"},{"floor":16,"key":"LiquidBronze"}],"is_trial":false,"path_per_floor":["M","?","M","M","?","E","R","E","T","?","M","R","M","E","R","B",null,"M","M","$","?"],"character_chosen":"THE_SILENT","items_purchased":["Catalyst","Footwork"],"campfire_rested":2,"item_purchase_floors":[20,20],"current_hp_per_floor":[59,59,59,59,59,23,42,24,24,24,24,42,35,44,44,19,57,39,17,17,0],"gold":107,"neow_bonus":"THREE_ENEMY_KILL","is_prod":false,"is_daily":false,"chose_seed":false,"campfire_upgraded":1,"win_rate":0,"timestamp":1552741692,"path_taken":["M","?","M","M","?","E","R","E","T","?","M","R","M","E","R","BOSS","M","M","$","?"],"build_version":"2019-01-23","purchased_purges":1,"victory":false,"max_hp_per_floor":[66,66,66,66,66,66,66,66,66,60,60,60,60,70,70,70,70,70,70,67,67],"card_choices":[{"not_picked":["Finisher","Expertise"],"picked":"Deadly Poison","floor":1},{"not_picked":["Caltrops","Underhanded Strike"],"picked":"Riddle With Holes","floor":3},{"not_picked":["Accuracy","Setup"],"picked":"All Out Attack","floor":4},{"not_picked":["Heel Hook","Flying Knee","Dagger Throw"],"picked":"SKIP","floor":6},{"not_picked":["Outmaneuver","Concentrate"],"picked":"Deflect","floor":8},{"not_picked":["Setup","Slice"],"picked":"Skewer","floor":11},{"not_picked":["Prepared","Concentrate"],"picked":"Poisoned Stab","floor":13},{"not_picked":["Concentrate","Dodge and Roll"],"picked":"Envenom","floor":14},{"not_picked":["Tools of the Trade","Wraith Form v2"],"picked":"Malaise","floor":16},{"not_picked":["Quick Slash+1","Deflect+1"],"picked":"Footwork","floor":18},{"not_picked":["Slice","Cloak And Dagger"],"picked":"Acrobatics","floor":19}],"player_experience":2061465,"relics_obtained":[{"floor":6,"key":"Orichalcum"},{"floor":8,"key":"Lantern"},{"floor":9,"key":"Happy Flower"},{"floor":14,"key":"Pear"},{"floor":17,"key":"Blue Candle"},{"floor":17,"key":"Unceasing Top"},{"floor":17,"key":"War Paint"}],"event_choices":[{"damage_healed":0,"gold_gain":0,"player_choice":"Grow","damage_taken":0,"max_hp_gain":0,"max_hp_loss":0,"event_name":"Living Wall","floor":2,"gold_loss":0,"cards_upgraded":["Neutralize"]},{"cards_removed":["Strike_G"],"damage_healed":0,"gold_gain":0,"player_choice":"Card Removal","damage_taken":0,"max_hp_gain":0,"max_hp_loss":0,"event_name":"The Cleric","floor":5,"gold_loss":75},{"damage_healed":0,"gold_gain":0,"player_choice":"Lose Max HP","damage_taken":0,"relics_obtained":["Golden Idol"],"max_hp_gain":0,"max_hp_loss":6,"event_name":"Golden Idol","floor":10,"gold_loss":0},{"damage_healed":0,"gold_gain":0,"player_choice":"Fight","damage_taken":0,"max_hp_gain":0,"max_hp_loss":0,"event_name":"Colosseum","floor":21,"gold_loss":0}],"is_beta":false,"boss_relics":[{"not_picked":["Orrery","Philosopher\u0027s Stone"],"picked":"Calling Bell"}],"items_purged_floors":[20],"is_endless":false,"potions_floor_spawned":[1,4,11,13,16,19],"killed_by":"Colosseum Slavers","ascension_level":20}