{"gold_per_floor":[113,130,143,68,81,116,126,126,151,130,130,163,163,176,176,269,269,288,110,110,110,110,110,173,173,173,7,41,41,41,70,70,149,149,159,0,0,10,10,42,42,42],"floor_reached":42,"playtime":2821,"items_purged":["Strike_G","Strike_G"],"score":980,"play_id":"222c74c3-9d12-4f7e-94da-51751afa6cde","local_time":"20190516223341","is_ascension_mode":true,"campfire_choices":[{"floor":8,"key":"REST"},{"data":"Footwork","floor":13,"key":"SMITH"},{"data":"Caltrops","floor":15,"key":"SMITH"},{"data":"Flechettes","floor":23,"key":"SMITH"},{"floor":25,"key":"REST"},{"data":"Noxious Fumes","floor":30,"key":"SMITH"},{"floor":32,"key":"REST"},{"floor":41,"key":"REST"}],"neow_cost":"NONE","seed_source_timestamp":118602194505143,"circlet_count":0,"master_deck":["AscendersBane","Defend_G","Defend_G","Defend_G","Defend_G","Defend_G","Strike_G","Strike_G","Survivor","Neutralize","Poisoned Stab","Footwork+1","Dagger Spray","Poisoned Stab","Deflect","Caltrops+1","Deadly Poison","After Image","Flechettes+1","Noxious Fumes+1","Dodge and Roll","Blur","Bullet Time","PiercingWail","PiercingWail"],"special_seed":0,"relics":["Ring of the Snake","Regal Pillow","Happy Flower","Centennial Puzzle","Bloody Idol","Lantern","Runic Pyramid","Tiny Chest","Bag of Preparation","Vajra","Bottled Flame","Mercury Hourglass","Sozu","Red Mask","Meat on the Bone"],"potions_floor_usage":[5,6,16,20,24,33,33],"damage_taken":[{"damage":1.0,"enemies":"Cultist","floor":1.0,"turns":4.0},{"damage":4,"enemies":"Small Slimes","floor":2,"turns":4},{"damage":4,"enemies":"Jaw Worm","floor":3,"turns":3},{"damage":0,"enemies":"2 Fungi Beasts","floor":5,"turns":5},{"damage":36,"enemies":"Lagavulin","floor":6,"turns":7},{"damage":1,"enemies":"Blue Slaver","floor":7,"turns":5},{"damage":3,"enemies":"Exordium Thugs","floor":10,"turns":4},{"damage":30,"enemies":"3 Sentries","floor":12,"turns":10},{"damage":0,"enemies":"3 Louse","floor":14,"turns":3},{"damage":7,"enemies":"Hexaghost","floor":16,"turns":8},{"damage":4,"enemies":"Spheric Guardian","floor":18,"turns":8},{"damage":3,"enemies":"Colosseum Slavers","floor":20,"turns":5},{"damage":22,"enemies":"Gremlin Leader","floor":24,"turns":6},{"damage":20,"enemies":"Book of Stabbing","floor":28,"turns":5},{"damage":25,"enemies":"Gremlin Leader","floor":31,"turns":7},{"damage":45,"enemies":"Collector","floor":33,"turns":8},{"damage":0,"enemies":"3 Shapes","floor":35,"turns":5},{"damage":0,"enemies":"3 Darklings","floor":38,"turns":5},{"damage":38,"enemies":"Reptomancer","floor":40,"turns":9},{"damage":76,"enemies":"Giant Head","floor":42,"turns":9}],"seed_played":"-205726013097050191","potions_obtained":[{"floor":1.0,"key":"Block Potion"},{"floor":3,"key":"Block Potion"},{"floor":12,"key":"AttackPotion"},{"floor":14,"key":"SpeedPotion"},{"floor":16,"key":"Strength Potion"},{"floor":18,"key":"SteroidPotion"},{"floor":24,"key":"GamblersBrew"},{"floor":28,"key":"GamblersBrew"},{"floor":31,"key":"Strength Potion"}],"is_trial":false,"path_per_floor":["M","M","M","$","M","E","M","R","T","M","?","E","R","M","R","B",null,"M","$","?","?","?","R","E","R","T","$","E","$","R","E","R","B",null,"M","?","$","M","?","E","R","E"],"character_chosen":"THE_SILENT","items_purchased":["Noxious Fumes","Vajra"],"campfire_rested":4,"item_purchase_floors":[19,27],"current_hp_per_floor":[58,54,50,50,50,14,13,47,47,44,44,14,14,14,14,7,47,43,43,40,40,40,40,28,60,60,60,45,45,45,25,58,18,50,55,55,55,60,60,27,60,0],"gold":42,"neow_bonus":"RANDOM_COMMON_RELIC","is_prod":false,"is_daily":false,"chose_seed":false,"campfire_upgraded":4,"win_rate":0,"timestamp":1558038821,"path_taken":["M","M","M","$","?","E","M","R","T","M","?","E","R","M","R","BOSS","M","$","?","?","?","R","E","R","T","$","E","?","R","E","R","BOSS","M","?","?","M","?","E","R","E"],"build_version":"2019-01-23","purchased_purges":2,"victory":false,"max_hp_per_floor":[66,66,66,66,66,66,66,66,66,66,60,60,60,60,60,60,60,60,60,60,60,60,60,60,60,60,60,60,60,60,60,60,60,60,60,60,60,60,60,60,60,60],"card_choices":[{"not_picked":["Dodge and Roll","Finisher"],"picked":"Poisoned Stab","floor":1.0},{"not_picked":["Cloak And Dagger","Masterful Stab"],"picked":"Footwork","floor":2},{"not_picked":["Slice","Sucker Punch"],"picked":"Dagger Spray","floor":3},{"not_picked":["Flying Knee","Prepared"],"picked":"Poisoned Stab","floor":5},{"not_picked":["Setup","Unload"],"picked":"Deflect","floor":6},{"not_picked":["Cloak And Dagger","Reflex"],"picked":"Caltrops","floor":7},{"not_picked":["Eviscerate","Deflect","Dagger Spray"],"picked":"SKIP","floor":10},{"not_picked":["Flechettes","Slice"],"picked":"Deadly Poison","floor":12},{"not_picked":["Outmaneuver","Sucker Punch","Expertise"],"picked":"SKIP","floor":14},{"not_picked":["Doppelganger","Phantasmal Killer"],"picked":"After Image","floor":16},{"not_picked":["Cloak And Dagger","Blur"],"picked":"Flechettes","floor":18},{"not_picked":["Well Laid Plans+1","Footwork"],"picked":"Dodge and Roll","floor":24},{"not_picked":["Dodge and Roll","Well Laid Plans","Bane"],"picked":"SKIP","floor":28},{"not_picked":["Backflip","Underhanded Strike"],"picked":"Blur","floor":31},{"not_picked":["Adrenaline","Glass Knife"],"picked":"Bullet Time","floor":33},{"not_picked":["Dagger Spray","Dodge and Roll"],"picked":"PiercingWail","floor":35},{"not_picked":["Infinite Blades","Skewer"],"picked":"PiercingWail","floor":38},{"not_picked":["Outmaneuver","Prepared","Dodge and Roll"],"picked":"SKIP","floor":40}],"player_experience":2702149,"relics_obtained":[{"floor":6,"key":"Happy Flower"},{"floor":9,"key":"Centennial Puzzle"},{"floor":12,"key":"Lantern"},{"floor":24,"key":"Tiny Chest"},{"floor":26,"key":"Bag of Preparation"},{"floor":28,"key":"Bottled Flame"},{"floor":31,"key":"Mercury Hourglass"},{"floor":40,"key":"Meat on the Bone"}],"event_choices":[{"damage_healed":0,"gold_gain":0,"player_choice":"Lose Max HP","damage_taken":0,"relics_obtained":["Golden Idol"],"max_hp_gain":0,"max_hp_loss":6,"event_name":"Golden Idol","floor":11,"gold_loss":0},{"damage_healed":0,"gold_gain":0,"player_choice":"Fight","damage_taken":0,"max_hp_gain":0,"max_hp_loss":0,"event_name":"Colosseum","floor":20,"gold_loss":0},{"damage_healed":0,"gold_gain":0,"player_choice":"Fled From Nobs","damage_taken":0,"max_hp_gain":0,"max_hp_loss":0,"event_name":"Colosseum","floor":20,"gold_loss":0},{"damage_healed":0,"gold_gain":0,"player_choice":"Ignored","damage_taken":0,"max_hp_gain":0,"max_hp_loss":0,"event_name":"Vampires","floor":21,"gold_loss":0},{"damage_healed":0,"gold_gain":0,"player_choice":"Gave Idol","damage_taken":0,"relics_obtained":["Bloody Idol"],"max_hp_gain":0,"max_hp_loss":0,"event_name":"Forgotten Altar","floor":22,"relics_lost":["Golden Idol"],"gold_loss":0},{"damage_healed":0,"gold_gain":0,"player_choice":"Paid","damage_taken":0,"relics_obtained":["Red Mask"],"max_hp_gain":0,"max_hp_loss":0,"event_name":"Tomb of Lord Red Mask","floor":36,"gold_loss":159},{"cards_removed":["Strike_G"],"damage_healed":0,"gold_gain":0,"player_choice":"Removed Attack","damage_taken":0,"max_hp_gain":0,"max_hp_loss":0,"event_name":"Falling","floor":39,"gold_loss":0}],"is_beta":false,"boss_relics":[{"not_picked":["Fusion Hammer","Busted Crown"],"picked":"Runic Pyramid"},{"not_picked":["Eternal Feather","Velvet Choker"],"picked":"Sozu"}],"items_purged_floors":[4,19],"is_endless":false,"potions_floor_spawned":[1,3,12,14,16,18,24,28,31,35],"killed_by":"Giant Head","ascension_level":20}