{"gold_per_floor":[109,126,140,65,77,77,109,109,135,167,179,204,44,44,44,121,121,141,41,41,52,52,52,152,152,152,152,163,88,99,99,99,176,176,188,12,58,73,73,73,106,141,141,141,172,185,203,229,229,229,229,229,229,25,59,59],"floor_reached":57,"playtime":3859,"items_purged":["Strike_G","Strike_G","Skewer+1"],"score":3021,"play_id":"df5ee4c6-b6e3-45d0-abe3-57ee9e412e77","local_time":"20190204181519","is_ascension_mode":true,"campfire_choices":[{"data":"Glass Knife","floor":6.0,"key":"SMITH"},{"data":"Skewer","floor":8.0,"key":"SMITH"},{"data":"Catalyst","floor":15.0,"key":"SMITH"},{"data":"Burst","floor":23.0,"key":"SMITH"},{"data":"Catalyst","floor":25.0,"key":"SMITH"},{"data":"Night Terror","floor":27.0,"key":"SMITH"},{"data":"Corpse Explosion","floor":32.0,"key":"SMITH"},{"data":"Bouncing Flask","floor":40.0,"key":"SMITH"},{"data":"Footwork","floor":44.0,"key":"SMITH"},{"floor":49.0,"key":"RECALL"},{"data":"Backflip","floor":53.0,"key":"SMITH"}],"neow_cost":"TEN_PERCENT_HP_LOSS","seed_source_timestamp":235611269665192,"circlet_count":0,"master_deck":["AscendersBane","Defend_G","Defend_G","Defend_G","Defend_G","Defend_G","Survivor","Neutralize+1","Glass Knife+1","Backflip+1","Catalyst+1","Night Terror+1","Footwork+1","Corpse Explosion+1","Bouncing Flask+1","Burst+1","Catalyst+1","Crippling Poison+1","Wraith Form v2+1","Well Laid Plans+1","PiercingWail+1","Prepared+1","Leg Sweep+1","Wraith Form v2+1","Footwork+1","Bullet Time+1"],"special_seed":0,"relics":["Ring of the Snake","Centennial Puzzle","Art of War","Omamori","Whetstone","Calling Bell","Turnip","Oddly Smooth Stone","Frozen Egg 2","Spirit Poop","WingedGreaves","Mummified Hand","Toxic Egg 2","Orrery","Ice Cream","Blue Candle","Ancient Tea Set","Singing Bowl","Mango","Lantern","Shuriken"],"potions_floor_usage":[56],"damage_taken":[{"damage":1.0,"enemies":"Small Slimes","floor":1.0,"turns":2.0},{"damage":0.0,"enemies":"Jaw Worm","floor":2.0,"turns":5.0},{"damage":0.0,"enemies":"Cultist","floor":3.0,"turns":3.0},{"damage":0.0,"enemies":"2 Fungi Beasts","floor":5.0,"turns":4.0},{"damage":4.0,"enemies":"Gremlin Nob","floor":7.0,"turns":3.0},{"damage":12.0,"enemies":"3 Sentries","floor":10.0,"turns":10.0},{"damage":1.0,"enemies":"Red Slaver","floor":11.0,"turns":2.0},{"damage":4.0,"enemies":"Gremlin Nob","floor":12.0,"turns":3.0},{"damage":9.0,"enemies":"The Guardian","floor":16.0,"turns":6.0},{"damage":15.0,"enemies":"Chosen","floor":18.0,"turns":7.0},{"damage":2.0,"enemies":"Shell Parasite","floor":21.0,"turns":5.0},{"damage":2.0,"enemies":"Colosseum Slavers","floor":24.0,"turns":3.0},{"damage":9.0,"enemies":"Colosseum Nobs","floor":24.0,"turns":3.0},{"damage":0.0,"enemies":"Snecko","floor":28.0,"turns":3.0},{"damage":2.0,"enemies":"3 Cultists","floor":30.0,"turns":3.0},{"damage":0.0,"enemies":"Collector","floor":33.0,"turns":2.0},{"damage":6.0,"enemies":"Orb Walker","floor":35.0,"turns":4.0},{"damage":8.0,"enemies":"2 Orb Walkers","floor":37.0,"turns":4.0},{"damage":2.0,"enemies":"3 Darklings","floor":38.0,"turns":3.0},{"damage":0.0,"enemies":"Reptomancer","floor":41.0,"turns":4.0},{"damage":0.0,"enemies":"Giant Head","floor":42.0,"turns":3.0},{"damage":0.0,"enemies":"Nemesis","floor":45.0,"turns":1.0},{"damage":0.0,"enemies":"Transient","floor":46.0,"turns":4.0},{"damage":0.0,"enemies":"4 Shapes","floor":47.0,"turns":3.0},{"damage":0.0,"enemies":"Giant Head","floor":48.0,"turns":4.0},{"damage":6.0,"enemies":"Time Eater","floor":50.0,"turns":2.0},{"damage":4.0,"enemies":"Donu and Deca","floor":51.0,"turns":3.0},{"damage":11,"enemies":"Shield and Spear","floor":55,"turns":8},{"damage":14,"enemies":"The Heart","floor":56,"turns":8}],"seed_played":"-8382262622521824319","potions_obtained":[{"floor":1.0,"key":"FearPotion"},{"floor":3.0,"key":"FearPotion"},{"floor":10.0,"key":"Regen Potion"},{"floor":12.0,"key":"Dexterity Potion"},{"floor":18.0,"key":"Explosive Potion"},{"floor":33.0,"key":"AttackPotion"},{"floor":37.0,"key":"GhostInAJar"}],"is_trial":false,"path_per_floor":["M","M","M","?","M","R","E","R","T","E","M","E","$","?","R","B",null,"M","$","?","M","?","R","?","R","T","R","M","?","M","$","R","B",null,"M","$","?","M","?","R","E","E","T","R","E","M","M","E","R","B","B",null,"R","$","E","B",null],"character_chosen":"THE_SILENT","items_purchased":["GhostInAJar","Prepared+1","Lantern","Footwork+1"],"campfire_rested":0,"item_purchase_floors":[13,36,54,54],"current_hp_per_floor":[58,58,58,58,58,58,54,54,54,42,41,37,37,37,37,28,52,51,51,51,49,33,33,22,22,22,22,22,22,20,20,20,20,54,48,48,40,38,38,38,38,38,38,38,40,42,44,60,60,54,50,76,76,76,65,51],"gold":59,"neow_bonus":"THREE_RARE_CARDS","is_prod":false,"is_daily":false,"chose_seed":false,"campfire_upgraded":10,"win_rate":0,"timestamp":1549300519,"path_taken":["M","M","M","?","M","R","E","R","T","E","M","E","$","?","R","BOSS","M","?","?","?","?","R","?","R","T","R","M","?","M","$","R","BOSS","M","$","?","M","?","R","E","E","T","R","E","M","M","E","R","BOSS","BOSS","R","$","E","BOSS"],"build_version":"2019-01-23","purchased_purges":3,"victory":true,"max_hp_per_floor":[60,60,60,60,60,60,60,60,60,60,60,60,60,60,60,60,60,60,60,60,60,65,65,65,65,65,65,65,65,65,65,65,65,65,65,65,65,65,62,62,62,62,62,62,64,66,68,84,84,84,84,84,84,84,84,84],"card_choices":[{"not_picked":["Envenom","Phantasmal Killer"],"picked":"Glass Knife","floor":0.0},{"not_picked":["Underhanded Strike","Outmaneuver","Slice"],"picked":"SKIP","floor":1.0},{"not_picked":["Acrobatics","Crippling Poison"],"picked":"Skewer","floor":2.0},{"not_picked":["Tools of the Trade","Flying Knee"],"picked":"Backflip","floor":3.0},{"not_picked":["Slice","Flechettes"],"picked":"Catalyst","floor":5.0},{"not_picked":["Dodge and Roll","Prepared"],"picked":"Night Terror","floor":7.0},{"not_picked":["Sucker Punch","Deflect"],"picked":"Footwork","floor":10.0},{"not_picked":["Prepared","Predator","Concentrate"],"picked":"SKIP","floor":11.0},{"not_picked":["Calculated Gamble","Expertise"],"picked":"Corpse Explosion","floor":12.0},{"not_picked":["Malaise","Phantasmal Killer"],"picked":"Burst","floor":16.0},{"not_picked":["Backflip","Dagger Throw"],"picked":"Catalyst","floor":18.0},{"not_picked":["Choke","Distraction","Flechettes"],"picked":"SKIP","floor":21.0},{"not_picked":["Underhanded Strike","Outmaneuver+1"],"picked":"Crippling Poison+1","floor":28.0},{"not_picked":["Heel Hook","Flechettes","Infinite Blades+1"],"picked":"SKIP","floor":30.0},{"not_picked":["Heel Hook","Flechettes","Infinite Blades+1"],"picked":"SKIP","floor":30.0},{"not_picked":["Unload","Venomology+1"],"picked":"Wraith Form v2+1","floor":33.0},{"not_picked":["Noxious Fumes+1","Sucker Punch"],"picked":"Well Laid Plans+1","floor":34.0},{"not_picked":["Leg Sweep+1","All Out Attack"],"picked":"PiercingWail+1","floor":34.0},{"not_picked":["Predator+1","Dash+1","Deadly Poison+1"],"picked":"SKIP","floor":35.0},{"not_picked":["All Out Attack","Noxious Fumes+1"],"picked":"Leg Sweep+1","floor":38.0},{"not_picked":["Leg Sweep+1","Deflect+1","Underhanded Strike"],"picked":"SKIP","floor":41.0},{"not_picked":["Leg Sweep+1","Deflect+1","Underhanded Strike"],"picked":"SKIP","floor":41.0},{"not_picked":["Eviscerate+1","Leg Sweep+1"],"picked":"Wraith Form v2+1","floor":42.0},{"not_picked":["Setup+1","All Out Attack","Poisoned Stab"],"picked":"Singing Bowl","floor":45.0},{"not_picked":["Leg Sweep+1","Poisoned Stab+1","Dagger Spray"],"picked":"Singing Bowl","floor":46.0},{"not_picked":["Cloak And Dagger+1","Terror+1","Dagger Spray+1"],"picked":"Singing Bowl","floor":47.0},{"not_picked":["Flying Knee+1","Choke","Deadly Poison+1"],"picked":"Singing Bowl","floor":48.0},{"not_picked":["Prepared+1","Terror+1"],"picked":"Bullet Time+1","floor":55}],"player_experience":1196734,"relics_obtained":[{"floor":7.0,"key":"Centennial Puzzle"},{"floor":9.0,"key":"Art of War"},{"floor":10.0,"key":"Omamori"},{"floor":12.0,"key":"Whetstone"},{"floor":17.0,"key":"Turnip"},{"floor":17.0,"key":"Oddly Smooth Stone"},{"floor":17.0,"key":"Frozen Egg 2"},{"floor":24.0,"key":"WingedGreaves"},{"floor":24.0,"key":"Mummified Hand"},{"floor":26.0,"key":"Toxic Egg 2"},{"floor":37.0,"key":"Ice Cream"},{"floor":41.0,"key":"Blue Candle"},{"floor":42.0,"key":"Ancient Tea Set"},{"floor":45.0,"key":"Singing Bowl"},{"floor":48.0,"key":"Mango"},{"floor":55,"key":"Shuriken"}],"event_choices":[{"cards_removed":["Strike_G"],"damage_healed":0.0,"max_hp_gain":0.0,"max_hp_loss":0.0,"gold_gain":0.0,"event_name":"The Cleric","player_choice":"Card Removal","floor":4.0,"gold_loss":75.0,"damage_taken":0.0},{"damage_healed":0.0,"max_hp_gain":0.0,"max_hp_loss":0.0,"gold_gain":0.0,"cards_transformed":["Strike_G"],"event_name":"Transmorgrifier","player_choice":"Transformed","floor":14.0,"gold_loss":0.0,"damage_taken":0.0,"cards_obtained":["Bouncing Flask"]},{"cards_removed":["Decay"],"damage_healed":0.0,"max_hp_gain":0.0,"max_hp_loss":0.0,"gold_gain":0.0,"event_name":"Bonfire Elementals","player_choice":"Offered Curse","floor":20.0,"gold_loss":0.0,"damage_taken":0.0,"relics_obtained":["Spirit Poop"]},{"damage_healed":0.0,"max_hp_gain":5.0,"max_hp_loss":0.0,"gold_gain":0.0,"event_name":"Forgotten Altar","player_choice":"Shed Blood","floor":22.0,"gold_loss":0.0,"damage_taken":21.0},{"damage_healed":0.0,"max_hp_gain":0.0,"max_hp_loss":0.0,"gold_gain":0.0,"event_name":"Colosseum","player_choice":"Fight","floor":24.0,"gold_loss":0.0,"damage_taken":0.0},{"damage_healed":0.0,"max_hp_gain":0.0,"max_hp_loss":0.0,"gold_gain":0.0,"event_name":"Colosseum","player_choice":"Fought Nobs","floor":24.0,"gold_loss":0.0,"damage_taken":0.0},{"cards_removed":["Strike_G"],"damage_healed":0.0,"max_hp_gain":0.0,"max_hp_loss":0.0,"gold_gain":0.0,"event_name":"Beggar","player_choice":"Gave Gold","floor":29.0,"gold_loss":75.0,"damage_taken":0.0},{"damage_healed":0.0,"max_hp_gain":0.0,"max_hp_loss":0.0,"gold_gain":0.0,"event_name":"Mysterious Sphere","player_choice":"Fight","floor":37.0,"gold_loss":0.0,"damage_taken":0.0},{"damage_healed":0.0,"max_hp_gain":0.0,"max_hp_loss":3.0,"gold_gain":0.0,"event_name":"Winding Halls","player_choice":"Max HP","floor":39.0,"gold_loss":0.0,"damage_taken":0.0}],"is_beta":true,"boss_relics":[{"not_picked":["Fusion Hammer","WristBlade"],"picked":"Calling Bell"},{"not_picked":["Pandora\u0027s Box","White Beast Statue"],"picked":"Orrery"}],"items_purged_floors":[13,19,36],"is_endless":false,"potions_floor_spawned":[1,3,10,12,18,24,30,33,37,41,45,48],"ascension_level":20}