{"gold_per_floor":[118,38,38,38,38,38,65,65,65,96,96,112,145,145,145,238,238,257,257,137],"floor_reached":20,"playtime":827,"items_purged":[],"score":472,"play_id":"89c96c67-8aea-4f77-9b2b-c2d83f3b856f","local_time":"20190420214029","is_ascension_mode":true,"campfire_choices":[{"data":"Darkness","floor":6.0,"key":"SMITH"},{"data":"Electrodynamics","floor":8.0,"key":"SMITH"},{"data":"Go for the Eyes","floor":15,"key":"SMITH"}],"neow_cost":"NONE","seed_source_timestamp":952176063613553,"circlet_count":0,"master_deck":["AscendersBane","Zap+1","Self Repair","Darkness+1","Electrodynamics+1","Go for the Eyes+1","Steam","Biased Cognition","Rainbow","Undo","Capacitor","BootSequence","Defragment","Fission","Double Energy","Lockon","Redo","Capacitor","Tempest"],"special_seed":0,"relics":["Philosopher\u0027s Stone","FossilizedHelix","Girya","Dream Catcher","Golden Idol","Ginger","The Courier","Pandora\u0027s Box"],"potions_floor_usage":[16],"damage_taken":[{"damage":5.0,"enemies":"2 Louse","floor":1.0,"turns":3.0},{"damage":0.0,"enemies":"Lagavulin","floor":7.0,"turns":6.0},{"damage":24.0,"enemies":"3 Sentries","floor":10.0,"turns":5.0},{"damage":9.0,"enemies":"Small Slimes","floor":12.0,"turns":3.0},{"damage":0,"enemies":"Gremlin Nob","floor":13,"turns":3},{"damage":24,"enemies":"Hexaghost","floor":16,"turns":9},{"damage":26,"enemies":"Chosen","floor":18,"turns":5},{"damage":44,"enemies":"2 Thieves","floor":20,"turns":3}],"seed_played":"-628041909713334627","potions_obtained":[{"floor":1.0,"key":"PowerPotion"},{"floor":12.0,"key":"Dexterity Potion"},{"floor":16,"key":"SpeedPotion"}],"is_trial":false,"path_per_floor":["M","$","?","?","$","R","E","R","T","E","?","M","E","T","R","B",null,"M","?","M"],"character_chosen":"DEFECT","items_purchased":["Darkness"],"campfire_rested":0,"item_purchase_floors":[2],"current_hp_per_floor":[59,59,59,41,41,41,48,48,48,31,31,29,36,36,36,19,53,34,34,0],"gold":137,"neow_bonus":"BOSS_RELIC","is_prod":false,"is_daily":false,"chose_seed":false,"campfire_upgraded":3,"win_rate":0,"timestamp":1555789229,"path_taken":["M","$","?","?","?","R","E","R","T","E","?","M","E","?","R","BOSS","M","?","M"],"build_version":"2019-01-23","purchased_purges":0,"victory":false,"max_hp_per_floor":[71,71,71,71,71,71,71,71,71,71,64,64,64,64,64,64,64,64,64,64],"card_choices":[{"not_picked":["Chill","Chaos"],"picked":"Self Repair","floor":1.0},{"not_picked":["Doom and Gloom","Go for the Eyes"],"picked":"Electrodynamics","floor":7.0},{"not_picked":["Streamline","Turbo"],"picked":"Go for the Eyes","floor":10.0},{"not_picked":["Stack","Barrage"],"picked":"Steam","floor":12.0},{"not_picked":["Redo","Storm"],"picked":"Biased Cognition","floor":13},{"not_picked":["Creative AI","Multi-Cast"],"picked":"Rainbow","floor":16},{"not_picked":["Rebound","Stack"],"picked":"Redo","floor":18}],"player_experience":2540055,"relics_obtained":[{"floor":7.0,"key":"Girya"},{"floor":10.0,"key":"Dream Catcher"},{"floor":13,"key":"Ginger"},{"floor":14,"key":"The Courier"}],"event_choices":[{"damage_healed":0.0,"max_hp_gain":0.0,"max_hp_loss":0.0,"gold_gain":0.0,"event_name":"Living Wall","player_choice":"Grow","floor":3.0,"gold_loss":0.0,"damage_taken":0.0,"cards_upgraded":["Zap"]},{"damage_healed":0.0,"max_hp_gain":0.0,"max_hp_loss":0.0,"gold_gain":0.0,"event_name":"Scrap Ooze","player_choice":"Success","floor":4.0,"gold_loss":0.0,"damage_taken":18.0,"relics_obtained":["FossilizedHelix"]},{"damage_healed":0.0,"max_hp_gain":0.0,"max_hp_loss":7.0,"gold_gain":0.0,"event_name":"Golden Idol","player_choice":"Lose Max HP","floor":11.0,"gold_loss":0.0,"damage_taken":0.0,"relics_obtained":["Golden Idol"]},{"damage_healed":0,"gold_gain":0,"cards_transformed":["Dualcast","Turbo"],"player_choice":"Became Test Subject","damage_taken":0,"max_hp_gain":0,"max_hp_loss":0,"event_name":"Drug Dealer","floor":19,"gold_loss":0,"cards_obtained":["Capacitor","Tempest"]}],"is_beta":false,"boss_relics":[{"not_picked":["Busted Crown","Nuclear Battery"],"picked":"Pandora\u0027s Box"}],"items_purged_floors":[],"is_endless":false,"potions_floor_spawned":[1,12,16],"killed_by":"2 Thieves","ascension_level":20}