{"gold_per_floor":[112,127,144,123,137,164,164,196,196,196,196,227,227,238,238,314,314,330,349,349,2,15,15,42,52,52,52,80,1,26,26],"floor_reached":31,"playtime":20127,"items_purged":["Writhe"],"score":680,"play_id":"8297f8a5-99e7-4990-960c-8950535e6775","local_time":"20190210214852","is_ascension_mode":true,"campfire_choices":[{"floor":7.0,"key":"REST"},{"floor":10.0,"key":"REST"},{"floor":13.0,"key":"REST"},{"data":"Whirlwind","floor":15.0,"key":"SMITH"},{"data":"Seeing Red","floor":23,"key":"SMITH"},{"floor":27,"key":"REST"}],"neow_cost":"NONE","seed_source_timestamp":1454036634365006,"circlet_count":0,"master_deck":["AscendersBane","Strike_R","Strike_R","Defend_R","Defend_R","Defend_R","Defend_R","Bash","Thunderclap","Whirlwind+1","Wild Strike","Battle Trance","Seeing Red+1","Dropkick","Power Through","Whirlwind+1","Seeing Red","Ghostly Armor","Battle Trance","Demon Form","Disarm+1","Searing Blow+1","Thunderclap+1","Bloodletting","Dropkick","Double Tap","Armaments+1"],"special_seed":0,"relics":["Burning Blood","Dream Catcher","Bag of Preparation","FossilizedHelix","Self Forming Clay","Astrolabe","Calipers","Gremlin Horn","Molten Egg 2","Toxic Egg 2","Torii","WingedGreaves","Pantograph"],"potions_floor_usage":[19,22,28,30,31],"damage_taken":[{"damage":12.0,"enemies":"Jaw Worm","floor":1.0,"turns":3.0},{"damage":7.0,"enemies":"Small Slimes","floor":2.0,"turns":3.0},{"damage":6.0,"enemies":"Cultist","floor":3.0,"turns":3.0},{"damage":30.0,"enemies":"Exordium Thugs","floor":4.0,"turns":4.0},{"damage":2.0,"enemies":"Looter","floor":5.0,"turns":4.0},{"damage":32.0,"enemies":"Gremlin Nob","floor":6.0,"turns":4.0},{"damage":20.0,"enemies":"3 Sentries","floor":8.0,"turns":5.0},{"damage":32.0,"enemies":"Gremlin Nob","floor":12.0,"turns":5.0},{"damage":0.0,"enemies":"Exordium Wildlife","floor":14.0,"turns":2.0},{"damage":14.0,"enemies":"Slime Boss","floor":16.0,"turns":9.0},{"damage":11.0,"enemies":"2 Thieves","floor":18.0,"turns":2.0},{"damage":21,"enemies":"Chosen","floor":19,"turns":5},{"damage":3,"enemies":"Snecko","floor":22,"turns":6},{"damage":16,"enemies":"Gremlin Leader","floor":24,"turns":5},{"damage":0,"enemies":"Cultist and Chosen","floor":25,"turns":3},{"damage":45,"enemies":"Book of Stabbing","floor":28,"turns":8},{"damage":0,"enemies":"Slavers","floor":30,"turns":1},{"damage":57,"enemies":"Book of Stabbing","floor":31,"turns":6}],"seed_played":"-2502124600777000663","potions_obtained":[{"floor":1.0,"key":"Energy Potion"},{"floor":2.0,"key":"Dexterity Potion"},{"floor":14.0,"key":"Explosive Potion"},{"floor":16.0,"key":"GamblersBrew"},{"floor":24,"key":"SteroidPotion"},{"floor":28,"key":"SneckoOil"},{"floor":30,"key":"Regen Potion"}],"is_trial":false,"path_per_floor":["M","M","M","M","M","E","R","E","T","R","?","E","R","M","R","B",null,"M","M","?","$","M","R","E","M","T","R","E","?","E","E"],"character_chosen":"IRONCLAD","items_purchased":["Gremlin Horn"],"campfire_rested":4,"item_purchase_floors":[21],"current_hp_per_floor":[62,61,61,37,41,15,37,23,23,45,45,19,41,47,47,39,66,61,46,46,46,49,49,39,45,45,67,28,28,34,0],"gold":26,"neow_bonus":"THREE_CARDS","is_prod":false,"is_daily":false,"chose_seed":false,"campfire_upgraded":2,"win_rate":0,"timestamp":1549831732,"path_taken":["M","M","M","M","M","E","R","E","T","R","?","E","R","M","R","BOSS","M","M","?","$","M","R","E","M","T","R","E","?","E","E"],"build_version":"2019-01-23","purchased_purges":1,"victory":false,"max_hp_per_floor":[75,75,75,75,75,75,75,75,75,75,75,75,75,75,75,75,75,75,75,75,75,75,75,75,75,75,75,75,75,75,75],"card_choices":[{"not_picked":["Second Wind","Perfected Strike"],"picked":"Thunderclap","floor":0.0},{"not_picked":["Rampage","Wild Strike"],"picked":"Whirlwind","floor":1.0},{"not_picked":["Perfected Strike","Clothesline"],"picked":"Wild Strike","floor":2.0},{"not_picked":["Headbutt","Body Slam"],"picked":"Battle Trance","floor":3.0},{"not_picked":["Wild Strike","True Grit"],"picked":"Seeing Red","floor":4.0},{"not_picked":["Perfected Strike","Pommel Strike"],"picked":"Dropkick","floor":5.0},{"not_picked":["Brutality","True Grit"],"picked":"Power Through","floor":6.0},{"not_picked":["Burning Pact","Cleave"],"picked":"Whirlwind","floor":8.0},{"not_picked":["Cleave","Sword Boomerang"],"picked":"Seeing Red","floor":10.0},{"not_picked":["Metallicize","Rupture"],"picked":"Ghostly Armor","floor":12.0},{"not_picked":["Twin Strike","Whirlwind"],"picked":"Battle Trance","floor":14.0},{"not_picked":["Exhume","Juggernaut"],"picked":"Demon Form","floor":16.0},{"not_picked":["Cleave","Armaments"],"picked":"Bloodletting","floor":18.0},{"not_picked":["Rage","Armaments"],"picked":"Dropkick","floor":19},{"not_picked":["Perfected Strike","Sword Boomerang","Cleave"],"picked":"SKIP","floor":22},{"not_picked":["Anger","Inflame"],"picked":"Double Tap","floor":24},{"not_picked":["Wild Strike+1","Rampage+1","Sword Boomerang+1"],"picked":"SKIP","floor":25},{"not_picked":["Sword Boomerang+1","Clash+1"],"picked":"Armaments+1","floor":27},{"not_picked":["Heavy Blade+1","Limit Break+1","Perfected Strike+1"],"picked":"SKIP","floor":28},{"not_picked":["Heavy Blade+1","Limit Break+1","Perfected Strike+1"],"picked":"SKIP","floor":28},{"not_picked":["Ghostly Armor+1","Rage+1","Entrench+1"],"picked":"SKIP","floor":30}],"player_experience":1645603,"relics_obtained":[{"floor":6.0,"key":"Dream Catcher"},{"floor":8.0,"key":"Bag of Preparation"},{"floor":9.0,"key":"FossilizedHelix"},{"floor":12.0,"key":"Self Forming Clay"},{"floor":24,"key":"Molten Egg 2"},{"floor":26,"key":"Toxic Egg 2"},{"floor":28,"key":"Torii"},{"floor":30,"key":"Pantograph"}],"event_choices":[{"damage_healed":0.0,"max_hp_gain":0.0,"max_hp_loss":0.0,"gold_gain":0.0,"event_name":"Living Wall","player_choice":"Grow","floor":11.0,"gold_loss":0.0,"damage_taken":0.0,"cards_upgraded":["Whirlwind"]},{"damage_healed":0,"gold_gain":0,"player_choice":"Opened","damage_taken":0,"relics_obtained":["Calipers"],"max_hp_gain":0,"max_hp_loss":0,"event_name":"The Mausoleum","floor":20,"gold_loss":0,"cards_obtained":["Writhe"]},{"damage_healed":0,"gold_gain":0,"player_choice":"Paid Gold","damage_taken":0,"relics_obtained":["WingedGreaves"],"max_hp_gain":0,"max_hp_loss":0,"event_name":"WeMeetAgain","floor":29,"gold_loss":79}],"is_beta":false,"boss_relics":[{"not_picked":["Runic Cube","Lizard Tail"],"picked":"Astrolabe"}],"items_purged_floors":[21],"is_endless":false,"potions_floor_spawned":[1,2,14,16,24,28,30],"killed_by":"Book of Stabbing","ascension_level":20}