{"gold_per_floor":[114,114,128,128,403,403,419,117,117,79,92,124,150,170,170,170],"floor_reached":16,"playtime":664,"items_purged":["Regret"],"score":100,"play_id":"325014e9-f997-43b7-bafd-7db6dcabb972","local_time":"20181017153804","is_ascension_mode":false,"campfire_choices":[{"data":"Noxious Fumes","floor":6.0,"key":"SMITH"},{"data":"Strike_G","floor":15.0,"key":"SMITH"}],"neow_cost":"NONE","seed_source_timestamp":0,"circlet_count":0,"master_deck":["Defend_G","Defend_G","Defend_G","Defend_G","Defend_G","Strike_G","Strike_G","Strike_G","Strike_G+1","Survivor","Neutralize","Dagger Throw","Calculated Gamble","Noxious Fumes+1","Well Laid Plans","Dagger Throw","Noxious Fumes","Noxious Fumes","Bane"],"special_seed":0,"relics":["Eternal Feather","Dream Catcher","Dodecahedron","Snake Skull","Singing Bowl"],"potions_floor_usage":[],"damage_taken":[{"damage":9.0,"enemies":"2 Louse","floor":1.0,"turns":2.0},{"damage":3.0,"enemies":"Jaw Worm","floor":3.0,"turns":3.0},{"damage":0.0,"enemies":"Small Slimes","floor":7.0,"turns":3.0},{"damage":4.0,"enemies":"Red Slaver","floor":11.0,"turns":4.0},{"damage":32.0,"enemies":"Lagavulin Event","floor":12.0,"turns":6.0},{"damage":17.0,"enemies":"Gremlin Nob","floor":13.0,"turns":4.0},{"damage":1.0,"enemies":"2 Fungi Beasts","floor":14.0,"turns":4.0},{"damage":0,"enemies":"Slime Boss","floor":16,"turns":1}],"seed_played":"-888951916281060299","potions_obtained":[{"floor":7.0,"key":"Block Potion"},{"floor":11.0,"key":"AttackPotion"},{"floor":13.0,"key":"SteroidPotion"}],"is_trial":false,"path_per_floor":["M","?","M","$","?","R","M","$","T","$","M","?","E","M","R"],"character_chosen":"THE_SILENT","items_purchased":["Dream Catcher","Dagger Throw","Noxious Fumes","Noxious Fumes"],"campfire_rested":0,"item_purchase_floors":[8,8,8,10],"current_hp_per_floor":[61,61,58,58,58,67,67,67,67,67,63,31,16,17,26,26],"gold":170,"neow_bonus":"BOSS_RELIC","is_prod":false,"is_daily":false,"chose_seed":false,"campfire_upgraded":2,"win_rate":0,"timestamp":1539783484,"path_taken":["M","?","M","$","?","R","M","$","T","?","M","?","E","M","R","BOSS"],"build_version":"2018-10-16","purchased_purges":1,"victory":false,"max_hp_per_floor":[70,70,70,70,70,70,70,70,70,70,70,70,72,74,74,74],"card_choices":[{"not_picked":["Deflect","Underhanded Strike"],"picked":"Dagger Throw","floor":1.0},{"not_picked":["Blade Dance","Cloak And Dagger"],"picked":"Noxious Fumes","floor":3.0},{"not_picked":["Crippling Poison","Deflect"],"picked":"Well Laid Plans","floor":7.0},{"not_picked":["Deadly Poison","Choke"],"picked":"Bane","floor":11.0},{"not_picked":["Masterful Stab","Dodge and Roll","Blade Dance"],"picked":"Singing Bowl","floor":13.0},{"not_picked":["All Out Attack","Masterful Stab","PiercingWail"],"picked":"Singing Bowl","floor":14.0}],"player_experience":1022765,"relics_obtained":[{"floor":9.0,"key":"Dodecahedron"},{"floor":12.0,"key":"Snake Skull"},{"floor":13.0,"key":"Singing Bowl"}],"event_choices":[{"damage_healed":0.0,"max_hp_gain":0.0,"max_hp_loss":0.0,"gold_gain":0.0,"cards_transformed":["Strike_G"],"event_name":"Living Wall","player_choice":"Change","floor":2.0,"gold_loss":0.0,"damage_taken":0.0,"cards_obtained":["Calculated Gamble"]},{"damage_healed":0.0,"max_hp_gain":0.0,"max_hp_loss":0.0,"gold_gain":275.0,"event_name":"Golden Shrine","player_choice":"Desecrate","floor":5.0,"gold_loss":0.0,"damage_taken":0.0,"cards_obtained":["Regret"]},{"damage_healed":0.0,"max_hp_gain":0.0,"max_hp_loss":0.0,"gold_gain":30.0,"event_name":"Dead Adventurer","player_choice":"Searched \u00273\u0027 times","floor":12.0,"gold_loss":0.0,"damage_taken":0.0}],"is_beta":true,"boss_relics":[],"items_purged_floors":[8],"is_endless":false,"potions_floor_spawned":[7,11,13],"killed_by":"Slime Boss","ascension_level":0}