{"gold_per_floor":[359,371,390,390,0,32,32,60,60,60,60,60,88,107,107,181,181,156,156],"floor_reached":19,"playtime":990,"items_purged":[],"score":370,"play_id":"a495d91e-9cb1-4227-bfcb-cff3607bf258","local_time":"20190228205120","is_ascension_mode":true,"campfire_choices":[{"data":"Whirlwind","floor":7,"key":"SMITH"},{"floor":12,"key":"REST"},{"floor":15,"key":"REST"}],"neow_cost":"CURSE","seed_source_timestamp":774261472991590,"circlet_count":0,"master_deck":["AscendersBane","Strike_R+1","Strike_R","Strike_R","Strike_R","Strike_R","Defend_R","Defend_R","Defend_R","Defend_R","Bash+1","Corruption","Thunderclap","Flame Barrier","Whirlwind+1","Headbutt","Disarm","Juggernaut","Entrench"],"relics":["Burning Blood","OrangePellets","Whetstone","Ancient Tea Set","Shuriken","Smiling Mask","Girya","Philosopher\u0027s Stone"],"potions_floor_usage":[6,16],"damage_taken":[{"damage":14,"enemies":"Cultist","floor":1,"turns":5},{"damage":1,"enemies":"2 Louse","floor":2,"turns":3},{"damage":4,"enemies":"Small Slimes","floor":3,"turns":3},{"damage":34,"enemies":"Gremlin Nob","floor":6,"turns":5},{"damage":23,"enemies":"3 Sentries","floor":8,"turns":6},{"damage":28,"enemies":"Gremlin Nob","floor":13,"turns":4},{"damage":2,"enemies":"2 Fungi Beasts","floor":14,"turns":3},{"damage":37,"enemies":"The Guardian","floor":16,"turns":17},{"damage":43,"enemies":"2 Thieves","floor":18,"turns":4},{"damage":33,"enemies":"Masked Bandits","floor":19,"turns":2}],"seed_played":"-2046322286679545032","potions_obtained":[{"floor":2,"key":"Weak Potion"},{"floor":14,"key":"SkillPotion"},{"floor":18,"key":"SteroidPotion"}],"is_trial":false,"path_per_floor":["M","M","M","?","$","E","R","E","T","?","?","R","E","M","R","B",null,"M","?"],"character_chosen":"IRONCLAD","items_purchased":["OrangePellets","Whetstone"],"campfire_rested":2,"item_purchase_floors":[5,5],"current_hp_per_floor":[60,65,67,60,60,32,32,15,15,15,15,37,15,19,41,10,59,22,0],"gold":156,"neow_bonus":"TWO_FIFTY_GOLD","is_prod":false,"is_daily":false,"chose_seed":false,"campfire_upgraded":1,"win_rate":0,"timestamp":1551383480,"path_taken":["M","?","M","?","$","E","R","E","T","?","?","R","E","M","R","BOSS","M","?"],"build_version":"2019-01-23","purchased_purges":0,"victory":false,"max_hp_per_floor":[75,75,75,75,75,75,75,75,75,75,75,75,75,75,75,75,75,75,75],"card_choices":[{"not_picked":["Searing Blow","Armaments"],"picked":"Corruption","floor":1},{"not_picked":["Dropkick","Heavy Blade"],"picked":"Thunderclap","floor":2},{"not_picked":["Pommel Strike","Twin Strike"],"picked":"Flame Barrier","floor":3},{"not_picked":["Combust","Wild Strike"],"picked":"Whirlwind","floor":6},{"not_picked":["Thunderclap","Perfected Strike","Sever Soul"],"picked":"SKIP","floor":8},{"not_picked":["Warcry","Iron Wave"],"picked":"Headbutt","floor":13},{"not_picked":["Havoc","Pommel Strike"],"picked":"Disarm","floor":14},{"not_picked":["Offering","Demon Form"],"picked":"Juggernaut","floor":16},{"not_picked":["Pommel Strike","Heavy Blade+1"],"picked":"Entrench","floor":18}],"player_experience":1760331,"relics_obtained":[{"floor":6,"key":"Ancient Tea Set"},{"floor":8,"key":"Shuriken"},{"floor":9,"key":"Smiling Mask"},{"floor":13,"key":"Girya"}],"event_choices":[{"cards_removed":["Decay"],"damage_healed":0,"gold_gain":0,"player_choice":"Card Removal","damage_taken":7,"max_hp_gain":0,"max_hp_loss":0,"event_name":"Golden Wing","floor":4,"gold_loss":0},{"damage_healed":0,"gold_gain":0,"player_choice":"Ignored","damage_taken":0,"max_hp_gain":0,"max_hp_loss":0,"event_name":"Liars Game","floor":10,"gold_loss":0},{"damage_healed":0,"gold_gain":0,"player_choice":"Ignored","damage_taken":0,"max_hp_gain":0,"max_hp_loss":0,"event_name":"Shining Light","floor":11,"gold_loss":0},{"damage_healed":0,"gold_gain":0,"player_choice":"Fought Bandits","damage_taken":0,"max_hp_gain":0,"max_hp_loss":0,"event_name":"Masked Bandits","floor":19,"gold_loss":0}],"is_beta":false,"boss_relics":[{"not_picked":["Runic Cube","Runic Dome"],"picked":"Philosopher\u0027s Stone"}],"items_purged_floors":[],"is_endless":false,"potions_floor_spawned":[2,14,18],"killed_by":"Masked Bandits","ascension_level":20}