{"gold_per_floor":[110,110,110,185,110,141,141,179,254,254,274,299,330,355,355,355],"floor_reached":16,"playtime":809,"items_purged":["Injury"],"score":218,"play_id":"e3c42456-1dd6-4bb5-b4c7-aa44bd5d4f92","local_time":"20190205103822","is_ascension_mode":true,"campfire_choices":[{"floor":7.0,"key":"REST"},{"floor":10.0,"key":"REST"},{"floor":15,"key":"REST"}],"neow_cost":"NONE","seed_source_timestamp":0,"circlet_count":0,"master_deck":["AscendersBane","Strike_R","Strike_R","Strike_R","Strike_R","Strike_R","Defend_R","Defend_R","Defend_R","Defend_R","Bash","Pommel Strike","Corruption","Seeing Red","Second Wind","Exhume","Ghostly Armor","Carnage","Entrench","Clothesline"],"special_seed":0,"relics":["Burning Blood","Anchor","Golden Idol","Dream Catcher","Omamori","Mummified Hand","Du-Vu Doll"],"potions_floor_usage":[16],"damage_taken":[{"damage":9.0,"enemies":"Jaw Worm","floor":1.0,"turns":4.0},{"damage":32.0,"enemies":"Gremlin Nob","floor":6.0,"turns":4.0},{"damage":30.0,"enemies":"3 Sentries","floor":8.0,"turns":7.0},{"damage":2.0,"enemies":"2 Louse","floor":11.0,"turns":3.0},{"damage":1.0,"enemies":"Small Slimes","floor":12.0,"turns":3.0},{"damage":48,"enemies":"Lagavulin","floor":13,"turns":8},{"damage":6,"enemies":"2 Fungi Beasts","floor":14,"turns":4},{"damage":39,"enemies":"The Guardian","floor":16,"turns":9}],"seed_played":"2054799774357999539","potions_obtained":[{"floor":6.0,"key":"Strength Potion"},{"floor":8.0,"key":"Explosive Potion"}],"is_trial":false,"path_per_floor":["M","?","?","?","$","E","R","E","T","R","M","M","E","M","R","B"],"character_chosen":"IRONCLAD","items_purchased":[],"campfire_rested":3,"item_purchase_floors":[],"current_hp_per_floor":[65,65,65,54,54,28,50,26,26,48,52,57,15,15,37,0],"gold":355,"neow_bonus":"RANDOM_COMMON_RELIC","is_prod":false,"is_daily":false,"chose_seed":false,"campfire_upgraded":0,"win_rate":0,"timestamp":1549355902,"path_taken":["M","?","?","?","$","E","R","E","T","R","M","M","E","M","R","BOSS"],"build_version":"2019-01-23","purchased_purges":1,"victory":false,"max_hp_per_floor":[75,75,75,75,75,75,75,75,75,75,75,75,75,75,75,75],"card_choices":[{"not_picked":["Cleave","Spot Weakness"],"picked":"Pommel Strike","floor":1.0},{"not_picked":["Shrug It Off","Body Slam"],"picked":"Corruption","floor":6.0},{"not_picked":["Infernal Blade","Ghostly Armor"],"picked":"Seeing Red","floor":7.0},{"not_picked":["Reckless Charge","Whirlwind"],"picked":"Second Wind","floor":8.0},{"not_picked":["Rampage","Cleave"],"picked":"Exhume","floor":10.0},{"not_picked":["Anger","Thunderclap","Rupture"],"picked":"SKIP","floor":11.0},{"not_picked":["True Grit","Fire Breathing"],"picked":"Ghostly Armor","floor":12.0},{"not_picked":["Pummel","Searing Blow"],"picked":"Carnage","floor":13},{"not_picked":["Body Slam","Heavy Blade"],"picked":"Entrench","floor":14},{"not_picked":["Entrench","Anger"],"picked":"Clothesline","floor":15}],"player_experience":420394,"relics_obtained":[{"floor":6.0,"key":"Dream Catcher"},{"floor":8.0,"key":"Omamori"},{"floor":9.0,"key":"Mummified Hand"},{"floor":13,"key":"Du-Vu Doll"}],"event_choices":[{"damage_healed":0.0,"max_hp_gain":0.0,"max_hp_loss":0.0,"gold_gain":0.0,"event_name":"Golden Wing","player_choice":"Ignored","floor":2.0,"gold_loss":0.0,"damage_taken":0.0},{"damage_healed":0.0,"max_hp_gain":0.0,"max_hp_loss":0.0,"gold_gain":0.0,"event_name":"Golden Idol","player_choice":"Take Wound","floor":3.0,"gold_loss":0.0,"damage_taken":0.0,"relics_obtained":["Golden Idol"],"cards_obtained":["Injury"]},{"damage_healed":0.0,"max_hp_gain":0.0,"max_hp_loss":0.0,"gold_gain":75.0,"event_name":"World of Goop","player_choice":"Gather Gold","floor":4.0,"gold_loss":0.0,"damage_taken":11.0}],"is_beta":true,"boss_relics":[],"items_purged_floors":[5],"is_endless":false,"potions_floor_spawned":[6,8],"killed_by":"The Guardian","ascension_level":17}