{"gold_per_floor":[115,125,125,139,89,89,122,122,146,204,204,204,51,79,79,179,179,192,24,24,39,57,57,109,124,149,161,88,100,112,135,147,159],"floor_reached":33,"playtime":1874,"items_purged":["Strike_R"],"score":392,"play_id":"86b9f4bb-25ac-4a7e-a679-6082b37a8416","local_time":"20190505181807","is_ascension_mode":true,"campfire_choices":[{"data":"Entrench","floor":6.0,"key":"SMITH"},{"data":"True Grit","floor":8.0,"key":"SMITH"},{"floor":11.0,"key":"REST"},{"floor":15.0,"key":"REST"},{"data":"Corruption","floor":23,"key":"SMITH"},{"data":"True Grit","floor":27,"key":"SMITH"},{"data":"True Grit","floor":29,"key":"SMITH"},{"data":"Bludgeon","floor":32,"key":"SMITH"}],"neow_cost":"TEN_PERCENT_HP_LOSS","seed_source_timestamp":0,"circlet_count":0,"master_deck":["AscendersBane","Strike_R","Defend_R","Defend_R","Defend_R","Defend_R","Bash","Shrug It Off","Feel No Pain","Entrench+1","True Grit+1","Bludgeon+1","True Grit+1","Fiend Fire","True Grit+1","Entrench","Corruption+1","Feel No Pain","Headbutt","Pommel Strike+1","Shrug It Off","Feel No Pain","Impervious","Pommel Strike","Disarm"],"special_seed":0,"relics":["Burning Blood","Peace Pipe","Bronze Scales","Happy Flower","Tiny Chest","Lantern","Orrery","Nloth\u0027s Gift","Orichalcum","MawBank","Letter Opener"],"potions_floor_usage":[33],"damage_taken":[{"damage":3.0,"enemies":"2 Louse","floor":1.0,"turns":4.0},{"damage":3.0,"enemies":"Jaw Worm","floor":2.0,"turns":6.0},{"damage":7.0,"enemies":"Cultist","floor":4.0,"turns":5.0},{"damage":9.0,"enemies":"3 Sentries","floor":7.0,"turns":18.0},{"damage":39.0,"enemies":"Lagavulin","floor":10.0,"turns":13.0},{"damage":4.0,"enemies":"3 Sentries","floor":14.0,"turns":9.0},{"damage":26.0,"enemies":"The Guardian","floor":16.0,"turns":13.0},{"damage":3,"enemies":"Chosen","floor":18,"turns":7},{"damage":12,"enemies":"3 Byrds","floor":21,"turns":4},{"damage":0,"enemies":"Snecko","floor":22,"turns":5},{"damage":6,"enemies":"Snake Plant","floor":25,"turns":6},{"damage":12,"enemies":"Chosen and Byrds","floor":31,"turns":6},{"damage":87,"enemies":"Automaton","floor":33,"turns":12}],"seed_played":"8582591592291777604","potions_obtained":[{"floor":2.0,"key":"Energy Potion"},{"floor":4.0,"key":"Energy Potion"},{"floor":18,"key":"Explosive Potion"},{"floor":31,"key":"LiquidBronze"}],"is_trial":false,"path_per_floor":["M","M","?","M","?","R","E","R","T","E","R","?","$","E","R","B",null,"M","$","?","M","M","R","T","M","T","R","?","R","?","M","R","B"],"character_chosen":"IRONCLAD","items_purchased":["Bludgeon","Shrug It Off","Feel No Pain"],"campfire_rested":2,"item_purchase_floors":[13,19,19],"current_hp_per_floor":[72,72,65,64,64,64,61,61,61,28,49,31,31,33,54,34,63,66,66,66,60,66,66,66,66,66,66,66,66,66,60,60,0],"gold":159,"neow_bonus":"ONE_RARE_RELIC","is_prod":false,"is_daily":false,"chose_seed":false,"campfire_upgraded":6,"win_rate":0,"timestamp":1557105487,"path_taken":["M","M","?","M","?","R","E","R","T","E","R","?","$","E","R","BOSS","M","$","?","?","?","R","?","M","T","R","?","R","?","M","R","BOSS"],"build_version":"2019-01-23","purchased_purges":1,"victory":false,"max_hp_per_floor":[72,72,72,72,72,72,72,72,72,72,72,72,72,72,72,72,72,72,72,72,72,72,72,72,72,72,72,72,72,72,72,72,72],"card_choices":[{"not_picked":["Heavy Blade","Rage"],"picked":"Shrug It Off","floor":1.0},{"not_picked":["Headbutt","Sentinel"],"picked":"Feel No Pain","floor":2.0},{"not_picked":["Headbutt","Twin Strike"],"picked":"Entrench","floor":4.0},{"not_picked":["Sentinel","Heavy Blade"],"picked":"True Grit","floor":7.0},{"not_picked":["Iron Wave","Perfected Strike","Clothesline"],"picked":"SKIP","floor":10.0},{"not_picked":["Offering","Warcry"],"picked":"True Grit","floor":14.0},{"not_picked":["Brutality","Bludgeon"],"picked":"Fiend Fire","floor":16.0},{"not_picked":["Flex","Sever Soul"],"picked":"True Grit","floor":17},{"not_picked":["Havoc","Dual Wield"],"picked":"Entrench","floor":17},{"not_picked":["Havoc","Cleave"],"picked":"Corruption","floor":17},{"not_picked":["Dual Wield","Flame Barrier"],"picked":"Feel No Pain","floor":17},{"not_picked":["Sever Soul","Sword Boomerang"],"picked":"Headbutt","floor":17},{"not_picked":["Wild Strike+1","Perfected Strike"],"picked":"Pommel Strike+1","floor":18},{"not_picked":["Cleave","Anger","Hemokinesis"],"picked":"SKIP","floor":21},{"not_picked":["Entrench+1","Power Through"],"picked":"Impervious","floor":22},{"not_picked":["Warcry","Flex+1"],"picked":"Pommel Strike","floor":25},{"not_picked":["Rupture","Perfected Strike+1"],"picked":"Disarm","floor":31}],"player_experience":332499,"relics_obtained":[{"floor":7.0,"key":"Bronze Scales"},{"floor":9.0,"key":"Happy Flower"},{"floor":10.0,"key":"Tiny Chest"},{"floor":14.0,"key":"Darkstone Periapt"},{"floor":24,"key":"Orichalcum"},{"floor":26,"key":"MawBank"}],"event_choices":[{"cards_removed":["Strike_R"],"damage_healed":0.0,"max_hp_gain":0.0,"max_hp_loss":0.0,"gold_gain":0.0,"event_name":"Golden Wing","player_choice":"Card Removal","floor":3.0,"gold_loss":0.0,"damage_taken":7.0},{"cards_removed":["Strike_R"],"damage_healed":0.0,"max_hp_gain":0.0,"max_hp_loss":0.0,"gold_gain":0.0,"event_name":"The Cleric","player_choice":"Card Removal","floor":5.0,"gold_loss":50.0,"damage_taken":0.0},{"damage_healed":0.0,"max_hp_gain":0.0,"max_hp_loss":0.0,"gold_gain":0.0,"event_name":"Scrap Ooze","player_choice":"Success","floor":12.0,"gold_loss":0.0,"damage_taken":18.0,"relics_obtained":["Lantern"]},{"damage_healed":0,"gold_gain":0,"player_choice":"Traded Relic","damage_taken":0,"relics_obtained":["Nloth\u0027s Gift"],"max_hp_gain":0,"max_hp_loss":0,"event_name":"N\u0027loth","floor":20,"relics_lost":["Darkstone Periapt"],"gold_loss":0},{"damage_healed":0,"gold_gain":0,"player_choice":"Obtained Relic","damage_taken":0,"relics_obtained":["Letter Opener"],"max_hp_gain":0,"max_hp_loss":0,"event_name":"Addict","floor":28,"gold_loss":85},{"cards_removed":["Strike_R"],"damage_healed":0,"gold_gain":0,"player_choice":"Offered Basic","damage_taken":0,"max_hp_gain":0,"max_hp_loss":0,"event_name":"Bonfire Elementals","floor":30,"gold_loss":0}],"is_beta":false,"boss_relics":[{"not_picked":["Runic Dome","Runic Cube"],"picked":"Orrery"}],"items_purged_floors":[19],"is_endless":false,"potions_floor_spawned":[2,4,18,31],"killed_by":"Automaton","ascension_level":10}