{"gold_per_floor":[111,111,134,155,180,180,145,176,176,217,236,236,579,654,654,777,777,800,815,839,253,253,253,269,269,340,290,314,387,387,412,412,412],"floor_reached":33,"playtime":1766,"items_purged":["Strike_B"],"score":564,"play_id":"c8b453f5-f4df-4c33-b65c-9e2588277a6d","local_time":"20190511191745","is_ascension_mode":true,"campfire_choices":[{"data":"Zap","floor":6,"key":"SMITH"},{"data":"Sunder","floor":12,"key":"SMITH"},{"floor":15,"key":"REST"},{"data":"Seek","floor":23,"key":"SMITH"},{"floor":25,"key":"REST"},{"floor":30,"key":"REST"},{"floor":32,"key":"REST"}],"neow_cost":"NONE","seed_source_timestamp":1215740385867732,"circlet_count":0,"master_deck":["AscendersBane","Strike_B","Strike_B","Strike_B","Defend_B","Defend_B","Defend_B","Defend_B","Zap+1","Dualcast","Cold Snap","Conserve Battery+1","Chill","Reinforced Body+1","Biased Cognition","Sunder+1","Reinforced Body","Seek+1","Consume","Ball Lightning","Cold Snap","Defragment","Conserve Battery","Go for the Eyes","White Noise+1"],"relics":["Cracked Core","Golden Idol","Strawberry","DataDisk","Matryoshka","Old Coin","Velvet Choker","Chemical X","War Paint","Oddly Smooth Stone","Toxic Egg 2","Tiny Chest"],"potions_floor_usage":[13,16,16,33,33],"damage_taken":[{"damage":0,"enemies":"2 Louse","floor":1,"turns":1},{"damage":1,"enemies":"Small Slimes","floor":3,"turns":4},{"damage":3,"enemies":"Cultist","floor":4,"turns":4},{"damage":4,"enemies":"Looter","floor":5,"turns":3},{"damage":10,"enemies":"3 Sentries","floor":8,"turns":12},{"damage":0,"enemies":"Lagavulin","floor":10,"turns":7},{"damage":0,"enemies":"Large Slime","floor":11,"turns":5},{"damage":0,"enemies":"3 Sentries","floor":13,"turns":7},{"damage":14,"enemies":"The Guardian","floor":16,"turns":13},{"damage":3,"enemies":"Spheric Guardian","floor":18,"turns":4},{"damage":6,"enemies":"3 Byrds","floor":19,"turns":7},{"damage":13,"enemies":"3 Cultists","floor":20,"turns":5},{"damage":4,"enemies":"Shelled Parasite and Fungi","floor":24,"turns":6},{"damage":2,"enemies":"Centurion and Healer","floor":28,"turns":6},{"damage":29,"enemies":"Slavers","floor":29,"turns":9},{"damage":9,"enemies":"Cultist and Chosen","floor":31,"turns":9},{"damage":84,"enemies":"Collector","floor":33,"turns":16}],"seed_played":"1992533956411085456","potions_obtained":[{"floor":0,"key":"LiquidBronze"},{"floor":0,"key":"SmokeBomb"},{"floor":1,"key":"Block Potion"},{"floor":3,"key":"Swift Potion"},{"floor":13,"key":"FocusPotion"},{"floor":28,"key":"LiquidBronze"},{"floor":31,"key":"Dexterity Potion"}],"is_trial":false,"path_per_floor":["M","?","M","M","M","R","?","E","T","E","M","R","E","?","R","B",null,"M","M","M","$","?","R","M","R","T","?","M","E","R","M","R","B"],"character_chosen":"DEFECT","items_purchased":["Defragment","Chemical X","Conserve Battery","War Paint","Dexterity Potion"],"campfire_rested":4,"item_purchase_floors":[21,21,21,21,21],"current_hp_per_floor":[68,50,49,46,42,42,60,57,57,57,57,57,57,46,70,56,76,73,67,54,54,54,54,50,74,74,74,72,43,67,58,82,0],"gold":412,"neow_bonus":"THREE_SMALL_POTIONS","is_prod":false,"is_daily":false,"chose_seed":false,"campfire_upgraded":3,"win_rate":0,"timestamp":1557627465,"path_taken":["M","?","M","M","M","R","?","E","T","E","M","R","E","?","R","BOSS","M","M","M","$","?","R","M","R","T","?","M","E","R","?","R","BOSS"],"build_version":"2019-01-23","purchased_purges":1,"victory":false,"max_hp_per_floor":[75,75,75,75,75,75,75,82,82,82,82,82,82,82,82,82,82,82,82,82,82,82,82,82,82,82,82,82,82,82,82,82,82],"card_choices":[{"not_picked":["Conserve Battery","Barrage"],"picked":"Cold Snap","floor":1},{"not_picked":["Turbo","Coolheaded"],"picked":"Conserve Battery","floor":3},{"not_picked":["Steam Power","Fusion"],"picked":"Chill","floor":4},{"not_picked":["Streamline","Steam"],"picked":"Reinforced Body","floor":5},{"not_picked":["Stack","Doom and Gloom"],"picked":"Biased Cognition","floor":8},{"not_picked":["Auto Shields","Undo"],"picked":"Sunder","floor":10},{"not_picked":["Lockon","Gash","Streamline"],"picked":"SKIP","floor":11},{"not_picked":["Redo","Scrape"],"picked":"Reinforced Body","floor":13},{"not_picked":["Machine Learning","Hyperbeam"],"picked":"Seek","floor":16},{"not_picked":["Go for the Eyes","Stack"],"picked":"Consume","floor":18},{"not_picked":["Reinforced Body","Scrape"],"picked":"Ball Lightning","floor":19},{"not_picked":["Go for the Eyes","Barrage"],"picked":"Cold Snap","floor":20},{"not_picked":["Consume","Compile Driver","Gash"],"picked":"SKIP","floor":24},{"not_picked":["Force Field+1","Skim+1"],"picked":"Go for the Eyes","floor":28},{"not_picked":["Biased Cognition","Gash"],"picked":"White Noise+1","floor":29},{"not_picked":["Doom and Gloom+1","Beam Cell","Darkness+1"],"picked":"SKIP","floor":31}],"player_experience":373425,"relics_obtained":[{"floor":8,"key":"Strawberry"},{"floor":9,"key":"DataDisk"},{"floor":10,"key":"Matryoshka"},{"floor":13,"key":"Old Coin"},{"floor":26,"key":"Oddly Smooth Stone"},{"floor":26,"key":"Toxic Egg 2"},{"floor":29,"key":"Tiny Chest"}],"event_choices":[{"damage_healed":0,"gold_gain":0,"player_choice":"Take Damage","damage_taken":18,"relics_obtained":["Golden Idol"],"max_hp_gain":0,"max_hp_loss":0,"event_name":"Golden Idol","floor":2,"gold_loss":0},{"damage_healed":18,"gold_gain":0,"player_choice":"Healed","damage_taken":0,"max_hp_gain":0,"max_hp_loss":0,"event_name":"The Cleric","floor":7,"gold_loss":35},{"damage_healed":0,"gold_gain":75,"player_choice":"Gather Gold","damage_taken":11,"max_hp_gain":0,"max_hp_loss":0,"event_name":"World of Goop","floor":14,"gold_loss":0},{"damage_healed":0,"gold_gain":0,"player_choice":"Ignored","damage_taken":0,"max_hp_gain":0,"max_hp_loss":0,"event_name":"Vampires","floor":22,"gold_loss":0},{"damage_healed":0,"gold_gain":0,"player_choice":"Bet on Murderer","damage_taken":0,"max_hp_gain":0,"max_hp_loss":0,"event_name":"The Joust","floor":27,"gold_loss":50}],"is_beta":false,"boss_relics":[{"not_picked":["Snecko Eye","Pandora\u0027s Box"],"picked":"Velvet Choker"}],"items_purged_floors":[21],"is_endless":false,"potions_floor_spawned":[1,3,10,13,28,31],"killed_by":"Collector","ascension_level":12}