{"gold_per_floor":[163,183,183,197,215,242,242,259,259,293,39,67,67,93,93,198,198,214,214,6,6,16,45,45,77,77,77,77,112,112,146,146,244,244,258,268,368,383,394,420,420,434,434,434,464,480,510,524,524,524],"floor_reached":50,"playtime":3529,"items_purged":[],"score":1107,"play_id":"550324e9-804e-4b6f-9bc0-e02bf934027c","local_time":"20181113200317","is_ascension_mode":true,"campfire_choices":[{"floor":7,"key":"REST"},{"floor":13,"key":"REST"},{"data":"1","floor":15,"key":"LIFT"},{"data":"2","floor":24,"key":"LIFT"},{"data":"3","floor":30,"key":"LIFT"},{"data":"Neutralize","floor":32,"key":"SMITH"},{"floor":41,"key":"REST"},{"floor":49,"key":"REST"}],"neow_cost":"NONE","seed_source_timestamp":2208400018562560,"circlet_count":0,"master_deck":["AscendersBane","Survivor","Neutralize+1","Dagger Spray","Dash","Backflip","PiercingWail","Corpse Explosion","Slice","Terror","After Image","Quick Slash+1","Well Laid Plans","Die Die Die+1","Sucker Punch+1","Dodge and Roll","Flying Knee+1","Sucker Punch+1","Prepared","Endless Agony+1","Blur","Cloak And Dagger","Skewer+1","Backflip","Quick Slash+1","Poisoned Stab+1","Bite+1","Bite+1","Bite+1","Bite+1","Bite+1","Blind","Caltrops","Flying Knee+1","Glass Knife+1","Glass Knife+1","Sucker Punch+1","All Out Attack+1","Dagger Spray+1","Parasite","Dodge and Roll+1","Deflect+1","Dash+1","Dagger Throw+1","Dramatic Entrance+1","Leg Sweep","Quick Slash+1","Flying Knee+1","Blade Dance+1","Poisoned Stab+1"],"relics":["Tiny House","Pear","Molten Egg 2","Happy Flower","Paper Crane","Girya","Letter Opener","Pandora\u0027s Box","ClockworkSouvenir","Dream Catcher","The Courier","Tingsha","Bag of Preparation","Ice Cream","White Beast Statue","Juzu Bracelet","Dead Branch","Gremlin Horn","StoneCalendar"],"potions_floor_usage":[6,6,10,23,23,35,38,39,39,42,45,47,47,48,48,50],"damage_taken":[{"damage":7,"enemies":"Jaw Worm","floor":1,"turns":4},{"damage":0,"enemies":"Cultist","floor":2,"turns":3},{"damage":1,"enemies":"2 Louse","floor":4,"turns":3},{"damage":1,"enemies":"Large Slime","floor":5,"turns":9},{"damage":13,"enemies":"Gremlin Nob","floor":6,"turns":4},{"damage":7,"enemies":"Exordium Thugs","floor":8,"turns":4},{"damage":10,"enemies":"3 Sentries","floor":10,"turns":4},{"damage":8,"enemies":"Lagavulin","floor":12,"turns":9},{"damage":16,"enemies":"Gremlin Nob","floor":14,"turns":4},{"damage":10,"enemies":"The Guardian","floor":16,"turns":9},{"damage":6,"enemies":"3 Byrds","floor":18,"turns":2},{"damage":0,"enemies":"Chosen","floor":22,"turns":3},{"damage":7,"enemies":"Slavers","floor":23,"turns":2},{"damage":0,"enemies":"Book of Stabbing","floor":25,"turns":4},{"damage":13,"enemies":"Gremlin Leader","floor":29,"turns":6},{"damage":2,"enemies":"Book of Stabbing","floor":31,"turns":3},{"damage":12,"enemies":"Collector","floor":33,"turns":7},{"damage":7,"enemies":"Orb Walker","floor":35,"turns":2},{"damage":15,"enemies":"3 Darklings","floor":36,"turns":4},{"damage":11,"enemies":"4 Shapes","floor":38,"turns":3},{"damage":10,"enemies":"Writhing Mass","floor":39,"turns":4},{"damage":19,"enemies":"Reptomancer","floor":40,"turns":5},{"damage":4,"enemies":"Spire Growth","floor":42,"turns":4},{"damage":22,"enemies":"Nemesis","floor":45,"turns":5},{"damage":0,"enemies":"Sphere and 2 Shapes","floor":46,"turns":2},{"damage":0,"enemies":"Reptomancer","floor":47,"turns":3},{"damage":19,"enemies":"Transient","floor":48,"turns":5},{"damage":60,"enemies":"Awakened One","floor":50,"turns":8}],"seed_played":"-8843153134991993862","potions_obtained":[{"floor":0,"key":"PowerPotion"},{"floor":4,"key":"PowerPotion"},{"floor":6,"key":"EssenceOfSteel"},{"floor":12,"key":"GhostInAJar"},{"floor":16,"key":"SteroidPotion"},{"floor":22,"key":"Strength Potion"},{"floor":31,"key":"Poison Potion"},{"floor":33,"key":"Swift Potion"},{"floor":35,"key":"LiquidBronze"},{"floor":38,"key":"Swift Potion"},{"floor":39,"key":"Dexterity Potion"},{"floor":40,"key":"SkillPotion"},{"floor":42,"key":"Fire Potion"},{"floor":45,"key":"Explosive Potion"},{"floor":46,"key":"Regen Potion"},{"floor":47,"key":"Swift Potion"},{"floor":48,"key":"Ancient Potion"}],"is_trial":false,"path_per_floor":["M","M","?","M","M","E","R","M","T","E","$","E","R","E","R","B",null,"M","?","$","$","M","E","R","E","T","?","?","E","R","E","R","B",null,"M","M","?","M","M","E","R","M","T","?","E","M","E","M","R","B"],"character_chosen":"THE_SILENT","items_purchased":["Paper Crane","ClockworkSouvenir"],"campfire_rested":4,"item_purchase_floors":[11,20],"current_hp_per_floor":[61,61,61,60,59,56,81,74,74,64,64,56,81,65,65,55,78,72,72,72,72,72,65,65,65,65,59,59,52,52,50,50,50,57,50,38,38,27,26,16,33,32,32,32,22,28,40,30,47,0],"gold":524,"neow_bonus":"BOSS_RELIC","is_prod":false,"is_daily":false,"chose_seed":false,"campfire_upgraded":1,"win_rate":0,"timestamp":1542132197,"path_taken":["M","M","?","M","M","E","R","M","T","E","$","E","R","E","R","BOSS","M","?","?","$","M","E","R","E","T","?","?","E","R","E","R","BOSS","M","M","?","?","M","E","R","M","T","?","E","M","E","M","R","BOSS"],"build_version":"2018-11-12","purchased_purges":0,"victory":false,"max_hp_per_floor":[75,75,75,75,75,85,85,85,85,85,85,85,85,85,85,85,85,85,85,85,85,85,85,85,85,85,59,59,59,59,59,59,59,59,59,59,59,59,59,59,59,59,59,59,59,59,59,59,59,59],"card_choices":[{"not_picked":["Outmaneuver","Noxious Fumes"],"picked":"Dagger Spray","floor":0},{"not_picked":["Calculated Gamble","Prepared"],"picked":"Dash","floor":1},{"not_picked":["Flechettes","Outmaneuver"],"picked":"Backflip","floor":2},{"not_picked":["Cloak And Dagger","Blade Dance"],"picked":"PiercingWail","floor":4},{"not_picked":["Noxious Fumes","Concentrate"],"picked":"Corpse Explosion","floor":5},{"not_picked":["Bouncing Flask","Noxious Fumes"],"picked":"Slice","floor":6},{"not_picked":["Calculated Gamble","Concentrate"],"picked":"Terror","floor":8},{"not_picked":["Flechettes+1","Deflect"],"picked":"After Image","floor":10},{"not_picked":["Well Laid Plans","PiercingWail"],"picked":"Quick Slash+1","floor":12},{"not_picked":["Accuracy","Escape Plan"],"picked":"Well Laid Plans","floor":14},{"not_picked":["Storm of Steel","Envenom"],"picked":"Die Die Die+1","floor":16},{"not_picked":["Underhanded Strike+1","Acrobatics+1"],"picked":"Skewer+1","floor":18},{"not_picked":["Prepared","PiercingWail"],"picked":"Backflip","floor":22},{"not_picked":["Poisoned Stab+1","Sucker Punch+1"],"picked":"Quick Slash+1","floor":23},{"not_picked":["Blur","Tactician"],"picked":"Poisoned Stab+1","floor":25},{"not_picked":["Dodge and Roll+1","Noxious Fumes"],"picked":"Flying Knee+1","floor":29},{"not_picked":["Accuracy","Escape Plan"],"picked":"Glass Knife+1","floor":31},{"not_picked":["A Thousand Cuts","Malaise"],"picked":"Glass Knife+1","floor":33},{"not_picked":["Cloak And Dagger","Terror"],"picked":"Sucker Punch+1","floor":35},{"not_picked":["Dagger Throw+1","Accuracy+1"],"picked":"All Out Attack+1","floor":36},{"not_picked":["Sucker Punch+1","Acrobatics"],"picked":"Dagger Spray+1","floor":38},{"not_picked":["Quick Slash+1","Blur"],"picked":"Dodge and Roll+1","floor":39},{"not_picked":["Slice+1","Outmaneuver+1"],"picked":"Deflect+1","floor":40},{"not_picked":["Poisoned Stab+1","All Out Attack+1"],"picked":"Dash+1","floor":41},{"not_picked":["Masterful Stab+1","Poisoned Stab+1"],"picked":"Dagger Throw+1","floor":42},{"not_picked":["Forethought","Deep Breath"],"picked":"Dramatic Entrance+1","floor":44},{"not_picked":["Setup","Deadly Poison"],"picked":"Leg Sweep","floor":45},{"not_picked":["Underhanded Strike+1","All Out Attack+1"],"picked":"Quick Slash+1","floor":46},{"not_picked":["Grand Finale+1","Poisoned Stab+1"],"picked":"Flying Knee+1","floor":47},{"not_picked":["Well Laid Plans","Leg Sweep+1"],"picked":"Blade Dance+1","floor":48},{"not_picked":["Noxious Fumes+1","Underhanded Strike+1"],"picked":"Poisoned Stab+1","floor":49}],"player_experience":300475,"relics_obtained":[{"floor":6,"key":"Pear"},{"floor":9,"key":"Molten Egg 2"},{"floor":10,"key":"Happy Flower"},{"floor":12,"key":"Girya"},{"floor":14,"key":"Letter Opener"},{"floor":23,"key":"Dream Catcher"},{"floor":25,"key":"The Courier"},{"floor":26,"key":"Tingsha"},{"floor":29,"key":"Bag of Preparation"},{"floor":31,"key":"Ice Cream"},{"floor":40,"key":"Juzu Bracelet"},{"floor":43,"key":"Dead Branch"},{"floor":45,"key":"Gremlin Horn"},{"floor":47,"key":"StoneCalendar"}],"event_choices":[{"cards_removed":["Defend_G"],"damage_healed":0,"gold_gain":0,"player_choice":"Offered Basic","damage_taken":0,"max_hp_gain":0,"max_hp_loss":0,"event_name":"Bonfire Elementals","floor":3,"gold_loss":0},{"cards_removed":["Outmaneuver"],"damage_healed":0,"gold_gain":0,"player_choice":"Purged","damage_taken":0,"max_hp_gain":0,"max_hp_loss":0,"event_name":"Purifier","floor":19,"gold_loss":0},{"damage_healed":0,"gold_gain":0,"player_choice":"Became a vampire","damage_taken":0,"max_hp_gain":0,"max_hp_loss":26,"event_name":"Vampires","floor":27,"gold_loss":0,"cards_obtained":["Bite","Bite","Bite","Bite","Bite"]},{"damage_healed":0,"gold_gain":0,"player_choice":"2 cards matched","damage_taken":0,"max_hp_gain":0,"max_hp_loss":0,"event_name":"Match and Keep!","floor":28,"gold_loss":0,"cards_obtained":["Blind","Caltrops"]},{"damage_healed":0,"gold_gain":100,"player_choice":"Pray","damage_taken":0,"max_hp_gain":0,"max_hp_loss":0,"event_name":"Golden Shrine","floor":37,"gold_loss":0},{"damage_healed":0,"gold_gain":0,"player_choice":"Memory 1","damage_taken":0,"max_hp_gain":0,"max_hp_loss":0,"event_name":"SensoryStone","floor":44,"gold_loss":0}],"is_beta":true,"boss_relics":[{"not_picked":["Ectoplasm","Fusion Hammer"],"picked":"Pandora\u0027s Box"},{"not_picked":["Snecko Eye","Orrery"],"picked":"White Beast Statue"}],"items_purged_floors":[],"is_endless":false,"potions_floor_spawned":[4,6,12,16,22,31,33,35,36,38,39,40,42,45,46,47,48],"killed_by":"Awakened One","ascension_level":10}