{"gold_per_floor":[112,129,129,148,167,167,181,181,181,212,212,140,158,193,193,291,291,307,7,20,20,39,39,71,170,195,10,29,61,77,95,95,95],"floor_reached":33,"playtime":4366,"items_purged":[],"score":324,"play_id":"7fdf07b7-7d36-41bd-be91-ba1937503f91","local_time":"20190525074411","is_ascension_mode":false,"campfire_choices":[{"data":"Lockon","floor":6.0,"key":"SMITH"},{"data":"Dualcast","floor":8.0,"key":"SMITH"},{"data":"Redo","floor":11.0,"key":"SMITH"},{"floor":15.0,"key":"REST"},{"floor":23.0,"key":"REST"},{"floor":32,"key":"REST"}],"neow_cost":"NONE","seed_source_timestamp":0,"circlet_count":0,"master_deck":["Strike_B+1","Strike_B+1","Defend_B+1","Defend_B+1","Defend_B+1","Zap","Dualcast+1","Redo+1","Cold Snap","FTL","Lockon+1","Darkness","Steam","Loop","Conserve Battery","Doom and Gloom","Fission+1","Loop+1","Chaos+1","Defragment+1","Aggregate+1","Darkness+1","Conserve Battery+1","FTL","Glacier+1","Blizzard","Conserve Battery+1","Beam Cell","Barrage","Reboot+1"],"special_seed":0,"relics":["Cracked Core","Bottled Flame","Pear","Toxic Egg 2","Astrolabe","StoneCalendar","Dodecahedron","Bag of Marbles","Blood Vial"],"potions_floor_usage":[31,31],"damage_taken":[{"damage":6.0,"enemies":"Jaw Worm","floor":1.0,"turns":4.0},{"damage":1.0,"enemies":"Cultist","floor":2.0,"turns":3.0},{"damage":1.0,"enemies":"2 Louse","floor":4.0,"turns":2.0},{"damage":3.0,"enemies":"Looter","floor":5.0,"turns":3.0},{"damage":0.0,"enemies":"Exordium Wildlife","floor":7.0,"turns":3.0},{"damage":17.0,"enemies":"Lagavulin","floor":10.0,"turns":5.0},{"damage":8.0,"enemies":"Red Slaver","floor":13.0,"turns":3.0},{"damage":27.0,"enemies":"Gremlin Nob","floor":14.0,"turns":5.0},{"damage":39.0,"enemies":"Slime Boss","floor":16.0,"turns":7.0},{"damage":13.0,"enemies":"Shell Parasite","floor":18.0,"turns":4.0},{"damage":27.0,"enemies":"3 Byrds","floor":20.0,"turns":7.0},{"damage":8.0,"enemies":"Cultist and Chosen","floor":22.0,"turns":4.0},{"damage":28.0,"enemies":"Slavers","floor":24.0,"turns":4.0},{"damage":0.0,"enemies":"Snecko","floor":28.0,"turns":6.0},{"damage":32.0,"enemies":"Gremlin Leader","floor":29.0,"turns":5.0},{"damage":15,"enemies":"Sentry and Sphere","floor":30,"turns":4},{"damage":0,"enemies":"Cultist and Chosen","floor":31,"turns":5},{"damage":55,"enemies":"Automaton","floor":33,"turns":6}],"seed_played":"-5191270025499153025","potions_obtained":[{"floor":2.0,"key":"Block Potion"},{"floor":3.0,"key":"Fire Potion"},{"floor":3.0,"key":"SneckoOil"},{"floor":5.0,"key":"Explosive Potion"},{"floor":28.0,"key":"Strength Potion"},{"floor":30,"key":"Explosive Potion"}],"is_trial":false,"path_per_floor":["M","M","?","M","M","R","M","R","T","E","R","$","M","E","R","B",null,"M","$","M","?","M","R","E","?","T","$","M","E","M","M","R","B"],"character_chosen":"DEFECT","items_purchased":["Loop","StoneCalendar","Glacier+1","Blizzard","Regen Potion"],"campfire_rested":3,"item_purchase_floors":[12,19,27,27,27],"current_hp_per_floor":[76,75,75,74,71,71,71,71,71,64,64,64,56,29,56,17,92,79,79,52,52,44,71,43,43,43,43,43,25,12,14,41,0],"gold":95,"neow_bonus":"TEN_PERCENT_HP_BONUS","is_prod":false,"is_daily":false,"chose_seed":false,"campfire_upgraded":3,"win_rate":0.0,"timestamp":1558795451,"path_taken":["M","M","?","?","M","R","M","R","T","E","R","$","M","E","R","BOSS","M","$","M","?","M","R","E","?","T","?","M","E","?","M","R","BOSS"],"build_version":"2019-01-23","purchased_purges":0,"victory":false,"max_hp_per_floor":[82,82,82,82,82,82,82,82,82,92,92,92,92,92,92,92,92,92,92,92,92,92,92,92,92,92,92,92,92,92,92,92,92],"card_choices":[{"not_picked":["Defragment","Lockon"],"picked":"Redo","floor":1.0},{"not_picked":["Compile Driver","Defragment"],"picked":"Cold Snap","floor":2.0},{"not_picked":["Chill","Sweeping Beam"],"picked":"FTL","floor":4.0},{"not_picked":["Gash","Heatsinks"],"picked":"Lockon","floor":5.0},{"not_picked":["Lockon","Conserve Battery"],"picked":"Darkness","floor":7.0},{"not_picked":["Gash","Coolheaded"],"picked":"Steam","floor":10.0},{"not_picked":["Seek","Steam"],"picked":"Conserve Battery","floor":13.0},{"not_picked":["Thunder Strike","Ball Lightning"],"picked":"Doom and Gloom","floor":14.0},{"not_picked":["Multi-Cast+1","Biased Cognition"],"picked":"Fission+1","floor":16.0},{"not_picked":["Ball Lightning","Gash"],"picked":"Aggregate+1","floor":18.0},{"not_picked":["Steam+1","Beam Cell+1"],"picked":"Darkness+1","floor":20.0},{"not_picked":["Coolheaded+1","Doom and Gloom"],"picked":"Conserve Battery+1","floor":22.0},{"not_picked":["Consume+1","Beam Cell"],"picked":"FTL","floor":24.0},{"not_picked":["Hologram+1","White Noise+1"],"picked":"Conserve Battery+1","floor":28.0},{"not_picked":["Gash","Ball Lightning"],"picked":"Beam Cell","floor":29},{"not_picked":["Cold Snap","Aggregate+1"],"picked":"Barrage","floor":30},{"not_picked":["Aggregate+1","Compile Driver+1"],"picked":"Reboot+1","floor":31}],"player_experience":10700,"relics_obtained":[{"floor":9.0,"key":"Bottled Flame"},{"floor":10.0,"key":"Pear"},{"floor":14.0,"key":"Toxic Egg 2"},{"floor":24.0,"key":"Dodecahedron"},{"floor":26.0,"key":"Bag of Marbles"},{"floor":29,"key":"Blood Vial"}],"event_choices":[{"damage_healed":0.0,"max_hp_gain":0.0,"max_hp_loss":0.0,"gold_gain":0.0,"event_name":"Lab","player_choice":"Got Potions","floor":3.0,"gold_loss":0.0,"damage_taken":0.0},{"damage_healed":0.0,"max_hp_gain":0.0,"max_hp_loss":0.0,"gold_gain":0.0,"event_name":"Back to Basics","player_choice":"Simplicity","floor":21.0,"gold_loss":0.0,"damage_taken":0.0,"cards_upgraded":["Strike_B","Strike_B","Defend_B","Defend_B","Defend_B"]},{"damage_healed":0.0,"max_hp_gain":0.0,"max_hp_loss":0.0,"gold_gain":99.0,"event_name":"Nest","player_choice":"Stole From Cult","floor":25.0,"gold_loss":0.0,"damage_taken":0.0}],"is_beta":false,"boss_relics":[{"not_picked":["Coffee Dripper","Orrery"],"picked":"Astrolabe"}],"items_purged_floors":[],"is_endless":false,"potions_floor_spawned":[2,4,5,14,18,22,28,30],"killed_by":"Automaton","ascension_level":0}