{"gold_per_floor":[115,126,126,145,145,176,192,206,258,258,278,311,276,292,292,394,394,404,494,508,1,1,1,13,13,13,23,23,23,52,72,72,72],"floor_reached":33,"playtime":1880,"items_purged":[],"score":307,"play_id":"5e6b9a3c-7d6c-4f64-80b5-7f894287e4ed","local_time":"20180708160431","is_ascension_mode":true,"campfire_choices":[{"floor":15,"key":"REST"},{"floor":23,"key":"REST"},{"floor":25,"key":"REST"},{"data":"Mind Blast","floor":29,"key":"SMITH"},{"floor":32,"key":"REST"}],"neow_cost":"","seed_source_timestamp":7788833863272,"circlet_count":0,"master_deck":["Strike_R","Strike_R","Strike_R","Strike_R","Strike_R+1","Defend_R","Defend_R","Defend_R","Defend_R","Bash","Blood for Blood","Pommel Strike+1","Seeing Red","Rupture+1","Clothesline","Uppercut","Infernal Blade","Iron Wave","Armaments","Dark Embrace+1","Inflame+1","Mind Blast+1","Rage+1","Writhe","Shrug It Off","Decay","Shrug It Off","Armaments","Sword Boomerang+1"],"relics":["Burning Blood","Frozen Egg 2","Whetstone","Ornamental Fan","Cursed Key","Lantern","Toolbox","Happy Flower","Orichalcum","Meat on the Bone","Anchor"],"potions_floor_usage":[6,6,6,7,16,27,30,31],"damage_taken":[{"damage":7,"enemies":"2 Louse","floor":1,"turns":2},{"damage":11,"enemies":"Cultist","floor":2,"turns":4},{"damage":9,"enemies":"Jaw Worm","floor":4,"turns":4},{"damage":26,"enemies":"Lagavulin","floor":6,"turns":5},{"damage":12,"enemies":"Red Slaver","floor":7,"turns":5},{"damage":10,"enemies":"Large Slime","floor":8,"turns":5},{"damage":16,"enemies":"Blue Slaver","floor":11,"turns":3},{"damage":33,"enemies":"3 Sentries","floor":12,"turns":7},{"damage":18,"enemies":"Red Slaver","floor":14,"turns":4},{"damage":47,"enemies":"Hexaghost","floor":16,"turns":15},{"damage":18,"enemies":"Shell Parasite","floor":18,"turns":5},{"damage":13,"enemies":"Chosen","floor":20,"turns":6},{"damage":36,"enemies":"Sentry and Sphere","floor":24,"turns":6},{"damage":11,"enemies":"Chosen and Byrds","floor":27,"turns":6},{"damage":45,"enemies":"Slavers","floor":30,"turns":6},{"damage":25,"enemies":"Snake Plant","floor":31,"turns":5},{"damage":58,"enemies":"Automaton","floor":33,"turns":6}],"seed_played":"-523711657397551579","potions_obtained":[{"floor":1,"key":"Explosive Potion"},{"floor":5,"key":"SneckoOil"},{"floor":5,"key":"Explosive Potion"},{"floor":5,"key":"AttackPotion"},{"floor":6,"key":"Regen Potion"},{"floor":12,"key":"Dexterity Potion"},{"floor":24,"key":"LiquidBronze"},{"floor":27,"key":"Fire Potion"},{"floor":30,"key":"BloodPotion"}],"is_trial":false,"path_per_floor":["M","M","$","M","?","E","M","M","T","?","M","E","?","M","R","B",null,"M","?","M","$","?","R","M","R","T","M","?","R","E","M","R"],"character_chosen":"IRONCLAD","items_purchased":["Lantern","Toolbox","Happy Flower"],"campfire_rested":4,"item_purchase_floors":[21,21,21],"current_hp_per_floor":[79,74,74,71,71,51,59,55,55,60,50,23,44,32,57,16,85,73,49,42,42,42,67,37,62,62,57,57,57,30,31,56,0],"gold":72,"neow_bonus":"","is_prod":false,"is_daily":false,"chose_seed":false,"campfire_upgraded":1,"win_rate":0,"timestamp":1531058671,"path_taken":["M","M","$","M","?","E","?","M","T","?","?","E","?","M","R","BOSS","M","?","M","$","?","R","M","R","T","M","?","R","E","M","R","BOSS"],"build_version":"2018-07-05","purchased_purges":0,"victory":false,"max_hp_per_floor":[80,80,80,80,80,80,80,80,80,85,85,85,85,85,85,85,85,85,85,85,85,85,85,85,85,85,85,85,85,85,85,85,85],"card_choices":[{"not_picked":["Feel No Pain","Anger"],"picked":"Blood for Blood","floor":1},{"not_picked":["Havoc","Clash"],"picked":"Pommel Strike","floor":2},{"not_picked":["Pommel Strike","Warcry"],"picked":"Seeing Red","floor":4},{"not_picked":["Havoc","Dark Embrace"],"picked":"Rupture","floor":6},{"not_picked":["Warcry","Wild Strike"],"picked":"Clothesline","floor":7},{"not_picked":["Body Slam","Clothesline"],"picked":"Uppercut","floor":8},{"not_picked":["Clash","Twin Strike"],"picked":"Infernal Blade","floor":11},{"not_picked":["Headbutt","Twin Strike"],"picked":"Iron Wave","floor":12},{"not_picked":["Twin Strike","Anger"],"picked":"Armaments","floor":14},{"not_picked":["Immolate","Double Tap"],"picked":"Dark Embrace+1","floor":16},{"not_picked":["Whirlwind","Shrug It Off"],"picked":"Inflame+1","floor":18},{"not_picked":["Perfected Strike","Infernal Blade"],"picked":"Rage+1","floor":20},{"not_picked":["Perfected Strike","Pummel+1"],"picked":"Shrug It Off","floor":24},{"not_picked":["Shockwave","Anger+1"],"picked":"Shrug It Off","floor":27},{"not_picked":["Shrug It Off","Anger"],"picked":"Armaments","floor":30},{"not_picked":["Bloodletting","Pummel"],"picked":"Sword Boomerang+1","floor":31}],"player_experience":140447,"relics_obtained":[{"floor":6,"key":"Frozen Egg 2"},{"floor":9,"key":"Whetstone"},{"floor":12,"key":"Ornamental Fan"},{"floor":26,"key":"Meat on the Bone"},{"floor":30,"key":"Anchor"}],"event_choices":[{"event_name":"The Lab","player_choice":"Got Potions","floor":5,"damage_taken":0},{"event_name":"Big Fish","player_choice":"Donut","floor":10,"damage_taken":0},{"event_name":"The Cleric","player_choice":"Healed","floor":13,"damage_taken":0},{"event_name":"Knowing Skull","player_choice":"CARD GOLD ","floor":19,"damage_taken":0},{"event_name":"The Mausoleum","player_choice":"Yes","floor":22,"damage_taken":0},{"event_name":"Vampires","player_choice":"Ignored","floor":28,"damage_taken":0}],"boss_relics":[{"not_picked":["Coffee Dripper","Runic Dome"],"picked":"Cursed Key"}],"items_purged_floors":[],"is_endless":false,"potions_floor_spawned":[1,6,12,24,27,30],"killed_by":"Automaton","ascension_level":2}