{"path_per_floor":["M","M","M","$","M","M","?","$","T","M","M","R","E","M","R"],"character_chosen":"IRONCLAD","items_purchased":["Inflame","Dropkick","Carnage","Sword Boomerang"],"gold_per_floor":[209,229,244,31,48,66,66,17,17,35,48,48,76,89,89,89],"floor_reached":16,"campfire_rested":1,"playtime":1414,"item_purchase_floors":[4,4,4,8],"current_hp_per_floor":[75,79,79,79,70,60,60,60,60,55,48,72,70,74,74,0],"items_purged":[],"gold":89,"score":106,"play_id":"19633778-b8f4-4ec1-8ab8-20eb9147a145","local_time":"20180602221634","is_prod":false,"is_daily":false,"chose_seed":false,"is_ascension_mode":false,"campfire_upgraded":1,"win_rate":0.0,"timestamp":1527970594,"campfire_choices":[{"floor":12,"key":"REST"},{"data":"Flex","floor":15,"key":"SMITH"}],"path_taken":["M","M","M","$","M","M","?","$","T","M","M","R","E","?","R","BOSS"],"build_version":"2018-05-31","seed_source_timestamp":23539371372690,"purchased_purges":0,"victory":false,"master_deck":["Strike_R","Strike_R","Strike_R","Strike_R","Strike_R","Defend_R","Defend_R","Defend_R","Defend_R","Bash","Shrug It Off","Whirlwind","Headbutt","Inflame","Dropkick","Carnage","Flex+1","Fire Breathing","Double Tap","Bash","Sword Boomerang","Entrench","Feel No Pain","Infernal Blade","Combust","Clothesline"],"max_hp_per_floor":[80,80,80,80,80,80,80,80,80,80,80,80,80,80,80,80],"relics":["Burning Blood","Dream Catcher","Anchor"],"card_choices":[{"not_picked":["Body Slam","Perfected Strike"],"picked":"Shrug It Off","floor":1},{"not_picked":["Blood for Blood","Pommel Strike"],"picked":"Whirlwind","floor":2},{"not_picked":["Disarm","Hemokinesis"],"picked":"Headbutt","floor":3},{"not_picked":["Second Wind","Ghostly Armor"],"picked":"Flex","floor":5},{"not_picked":["Burning Pact","Twin Strike"],"picked":"Fire Breathing","floor":6},{"not_picked":["Twin Strike","Shrug It Off"],"picked":"Entrench","floor":10},{"not_picked":["Second Wind","Body Slam"],"picked":"Feel No Pain","floor":11},{"not_picked":["Sword Boomerang","Reckless Charge"],"picked":"Infernal Blade","floor":12},{"not_picked":["Impervious","Twin Strike"],"picked":"Combust","floor":13},{"not_picked":["Second Wind","Armaments"],"picked":"Clothesline","floor":14}],"player_experience":19182,"potions_floor_usage":[10,11,13,13,16,16],"damage_taken":[{"damage":11,"enemies":"Jaw Worm","floor":1,"turns":5},{"damage":2,"enemies":"Cultist","floor":2,"turns":4},{"damage":6,"enemies":"2 Louse","floor":3,"turns":3},{"damage":15,"enemies":"Red Slaver","floor":5,"turns":4},{"damage":16,"enemies":"Blue Slaver","floor":6,"turns":4},{"damage":11,"enemies":"Large Slime","floor":10,"turns":3},{"damage":13,"enemies":"3 Louse","floor":11,"turns":4},{"damage":8,"enemies":"3 Sentries","floor":13,"turns":3},{"damage":2,"enemies":"2 Fungi Beasts","floor":14,"turns":3},{"damage":74,"enemies":"The Guardian","floor":16,"turns":9}],"relics_obtained":[{"floor":9,"key":"Dream Catcher"},{"floor":13,"key":"Anchor"}],"event_choices":[{"event_name":"Match and Keep!","player_choice":"2 cards matched","floor":7,"damage_taken":0}],"boss_relics":[],"items_purged_floors":[],"potions_floor_spawned":[5,10,11,13],"seed_played":"-6927667318435354765","killed_by":"The Guardian","ascension_level":0,"potions_obtained":[{"floor":5,"key":"FearPotion"},{"floor":10,"key":"EntropicBrew"},{"floor":13,"key":"SkillPotion"}],"is_trial":false}