{"path_per_floor":["M","?","M","M","M","E","R","E","T","E","M","?","R","M","R","B",null,"M","?","?","$","$","R","M","E","T","?","R","M","E","M","R"],"character_chosen":"IRONCLAD","items_purchased":["Molten Egg 2","Evolve"],"gold_per_floor":[119,119,135,145,155,189,189,216,239,272,287,317,317,330,330,433,433,444,359,359,33,33,33,43,71,117,117,117,135,161,180,180,180],"floor_reached":33,"campfire_rested":4,"playtime":2130,"current_hp_per_floor":[68,68,74,77,76,63,63,41,41,19,22,15,39,47,72,9,84,26,26,10,10,10,36,23,26,26,26,53,59,65,69,69,0],"items_purged":[],"gold":180,"score":380,"play_id":"4a3cc2aa-e909-45dc-b586-26a0dd25f67c","local_time":"20180324001354","is_prod":false,"is_daily":false,"is_ascension_mode":true,"campfire_upgraded":2,"timestamp":1521843234,"path_taken":["M","?","M","?","M","E","R","E","T","E","M","?","R","M","R","BOSS","M","?","?","?","$","R","?","E","T","?","R","M","E","M","R","BOSS"],"build_version":"2018-03-22","purchased_purges":0,"victory":false,"master_deck":["Strike_R","Strike_R","Strike_R","Strike_R","Strike_R","Defend_R+1","Defend_R","Defend_R","Defend_R+1","Bash","Shrug It Off","Bludgeon","Body Slam","Pommel Strike","Ghostly Armor","Pommel Strike","Feed+1","Flex","Cleave","Sword Boomerang","Rage+1","Cleave","Ghostly Armor","Juggernaut","Evolve","Evolve","Armaments+1","Thunderclap+1","Perfected Strike+1","Wild Strike+1","Perfected Strike+1","Shrug It Off+1","Pommel Strike+1"],"max_hp_per_floor":[80,80,80,80,80,80,80,80,80,80,80,80,80,84,84,84,84,84,84,89,89,89,89,89,93,93,93,93,93,93,93,93,93],"relics":["Burning Blood","Art of War","Pen Nib","Dream Catcher","Prayer Wheel","Mummified Hand","Tiny Chest","Lizard Tail","Dodecahedron","Molten Egg 2","Lantern","Nloth\u0027s Gift","Letter Opener"],"card_choices":[{"not_picked":["Cleave","Combust"],"picked":"Shrug It Off","floor":1},{"not_picked":["Clothesline","Heavy Blade"],"picked":"Pommel Strike","floor":3},{"not_picked":["Cleave","True Grit"],"picked":"Ghostly Armor","floor":4},{"not_picked":["Twin Strike","Entrench"],"picked":"Pommel Strike","floor":5},{"not_picked":["Inflame","Barricade"],"picked":"Feed","floor":6},{"not_picked":["Wild Strike","Burning Pact"],"picked":"Flex","floor":8},{"not_picked":["Body Slam","Anger"],"picked":"Cleave","floor":10},{"not_picked":["Body Slam","Havoc"],"picked":"Sword Boomerang","floor":11},{"not_picked":["Uppercut","Pommel Strike"],"picked":"Rage","floor":13},{"not_picked":["Heavy Blade","Sword Boomerang"],"picked":"Cleave","floor":14},{"not_picked":["Shrug It Off","Pommel Strike"],"picked":"Ghostly Armor","floor":15},{"not_picked":["Immolate","Fiend Fire"],"picked":"Juggernaut","floor":16},{"not_picked":["Cleave","Twin Strike"],"picked":"Evolve","floor":18},{"not_picked":["Sever Soul","Intimidate"],"picked":"Armaments","floor":23},{"not_picked":["Headbutt","Infernal Blade"],"picked":"Thunderclap","floor":24},{"not_picked":["Twin Strike","Warcry"],"picked":"Perfected Strike","floor":25},{"not_picked":["Clothesline","Hemokinesis"],"picked":"Wild Strike","floor":26},{"not_picked":["Bloodletting","Searing Blow"],"picked":"Perfected Strike","floor":28},{"not_picked":["Inflame","Dual Wield"],"picked":"Shrug It Off","floor":29},{"not_picked":["Sentinel","Havoc"],"picked":"Pommel Strike","floor":30}],"player_experience":161396,"potions_floor_usage":[5,6,6,16,25,29,31,33],"damage_taken":[{"damage":18,"enemies":"Jaw Worm","floor":1,"turns":5},{"damage":0,"enemies":"Cultist","floor":3,"turns":2},{"damage":3,"enemies":"2 Louse","floor":4,"turns":3},{"damage":7,"enemies":"Lots of Slimes","floor":5,"turns":6},{"damage":19,"enemies":"Lagavulin","floor":6,"turns":6},{"damage":28,"enemies":"3 Sentries","floor":8,"turns":7},{"damage":28,"enemies":"Gremlin Nob","floor":10,"turns":4},{"damage":3,"enemies":"Exordium Wildlife","floor":11,"turns":2},{"damage":2,"enemies":"3 Louse","floor":14,"turns":2},{"damage":69,"enemies":"Hexaghost","floor":16,"turns":11},{"damage":64,"enemies":"Shell Parasite","floor":18,"turns":7},{"damage":19,"enemies":"Chosen","floor":24,"turns":5},{"damage":52,"enemies":"Slavers","floor":25,"turns":7},{"damage":0,"enemies":"Snecko","floor":29,"turns":3},{"damage":0,"enemies":"Gremlin Leader","floor":30,"turns":6},{"damage":2,"enemies":"3 Cultists","floor":31,"turns":3},{"damage":83,"enemies":"Collector","floor":33,"turns":8}],"event_choices":[{"event_name":"Match and Keep!","player_choice":"2 cards matched","floor":2,"damage_taken":0},{"event_name":"Scrap Ooze","player_choice":"success","floor":12,"damage_taken":7},{"event_name":"Addict","player_choice":"Obtained Relic","floor":19,"damage_taken":0},{"event_name":"Forgotten Altar","player_choice":"Shed Blood","floor":20,"damage_taken":0},{"event_name":"N\u0027loth","player_choice":"Traded a War Paint","floor":27,"damage_taken":0}],"boss_relics":[{"not_picked":["Tiny House","Ectoplasm"],"picked":"Lizard Tail"}],"potions_floor_spawned":[3,4,5,8,16,25,30,31],"seed_played":"-5347462278182223890","killed_by":"Collector","ascension_level":3,"is_trial":false}