{"gold_per_floor":[110,121,132,148,162,162,173,173,173,348,378,478,478,495,495,495],"floor_reached":16,"playtime":676,"items_purged":[],"score":156,"play_id":"55bf3060-bafe-4d9a-8e43-1f20dd65e103","local_time":"20190505191027","is_ascension_mode":true,"campfire_choices":[{"data":"Pommel Strike","floor":6,"key":"SMITH"},{"data":"Havoc","floor":8,"key":"SMITH"},{"floor":13,"key":"REST"},{"floor":15,"key":"REST"}],"neow_cost":"NONE","seed_source_timestamp":697987772345572,"circlet_count":0,"master_deck":["AscendersBane","Strike_R","Strike_R","Strike_R","Strike_R","Strike_R","Defend_R+1","Defend_R","Defend_R+1","Defend_R","Bash","Feel No Pain","Burning Pact","Disarm","Pommel Strike+1","Headbutt","Havoc+1","Doubt","Pommel Strike"],"relics":["Burning Blood","War Paint","Dodecahedron","Ice Cream"],"potions_floor_usage":[4,4,16],"damage_taken":[{"damage":8,"enemies":"Cultist","floor":1,"turns":4},{"damage":0,"enemies":"Jaw Worm","floor":2,"turns":5},{"damage":5,"enemies":"2 Louse","floor":3,"turns":4},{"damage":3,"enemies":"Lots of Slimes","floor":4,"turns":7},{"damage":6,"enemies":"Blue Slaver","floor":5,"turns":5},{"damage":7,"enemies":"Looter","floor":7,"turns":5},{"damage":45,"enemies":"Gremlin Nob","floor":11,"turns":5},{"damage":6,"enemies":"2 Fungi Beasts","floor":14,"turns":4},{"damage":80,"enemies":"Slime Boss","floor":16,"turns":9}],"seed_played":"6825767820954238002","potions_obtained":[{"floor":1,"key":"EssenceOfSteel"},{"floor":3,"key":"GamblersBrew"},{"floor":5,"key":"EssenceOfSteel"},{"floor":14,"key":"SpeedPotion"}],"is_trial":false,"path_per_floor":["M","M","M","M","M","R","M","R","T","?","E","?","R","M","R","B"],"character_chosen":"IRONCLAD","items_purchased":[],"campfire_rested":2,"item_purchase_floors":[],"current_hp_per_floor":[70,76,77,80,80,80,79,79,79,79,40,40,64,64,80,0],"gold":495,"neow_bonus":"RANDOM_COMMON_RELIC","is_prod":false,"is_daily":false,"chose_seed":false,"campfire_upgraded":2,"win_rate":0,"timestamp":1557108627,"path_taken":["M","M","M","M","?","R","M","R","T","?","E","?","R","?","R","BOSS"],"build_version":"2019-01-23","purchased_purges":0,"victory":false,"max_hp_per_floor":[80,80,80,80,80,80,80,80,80,80,80,80,80,80,80,80],"card_choices":[{"not_picked":["Seeing Red","Power Through"],"picked":"Feel No Pain","floor":1},{"not_picked":["Cleave","Heavy Blade"],"picked":"Burning Pact","floor":2},{"not_picked":["Bloodletting","Havoc"],"picked":"Disarm","floor":3},{"not_picked":["Twin Strike","Fire Breathing"],"picked":"Pommel Strike","floor":4},{"not_picked":["Iron Wave","Combust"],"picked":"Headbutt","floor":5},{"not_picked":["Havoc","Sword Boomerang","Clash"],"picked":"SKIP","floor":7},{"not_picked":["Sword Boomerang","Clash"],"picked":"Havoc","floor":7},{"not_picked":["Flex","Clothesline","Sword Boomerang"],"picked":"SKIP","floor":11},{"not_picked":["Power Through","Pummel"],"picked":"Pommel Strike","floor":14}],"player_experience":336751,"relics_obtained":[{"floor":9,"key":"Dodecahedron"},{"floor":11,"key":"Ice Cream"}],"event_choices":[{"damage_healed":0,"gold_gain":175,"player_choice":"AGREE","damage_taken":0,"max_hp_gain":0,"max_hp_loss":0,"event_name":"Liars Game","floor":10,"gold_loss":0,"cards_obtained":["Doubt"]},{"damage_healed":0,"gold_gain":100,"player_choice":"Pray","damage_taken":0,"max_hp_gain":0,"max_hp_loss":0,"event_name":"Golden Shrine","floor":12,"gold_loss":0}],"is_beta":false,"boss_relics":[],"items_purged_floors":[],"is_endless":false,"potions_floor_spawned":[1,3,5,14],"killed_by":"Slime Boss","ascension_level":10}