{"gold_per_floor":[109,119,132,307,307,332,345,295,295,315,315,335,370,36,36,131,131,145,145,145,145,145,145,145,145,145,159,187,187,39,74,74,176,176,195,195,155,172,1171,1171,1189,1189,1189,1189,1189,1189,1189,1189,1189,1189],"floor_reached":50,"playtime":2548,"items_purged":[],"score":677,"play_id":"15fe10b8-033c-4a94-b4e7-560657857903","local_time":"20181126071849","is_ascension_mode":true,"campfire_choices":[{"floor":11,"key":"REST"},{"floor":15,"key":"REST"},{"floor":25,"key":"REST"},{"floor":29,"key":"REST"},{"floor":32,"key":"REST"},{"floor":40,"key":"REST"},{"floor":42,"key":"REST"},{"floor":44,"key":"REST"},{"floor":46,"key":"REST"},{"floor":49,"key":"RECALL"}],"neow_cost":"NONE","seed_source_timestamp":354187111197108,"circlet_count":0,"master_deck":["Strike_B","Strike_B","Strike_B","Strike_B","Defend_B","Defend_B","Defend_B","Defend_B","Zap","Dualcast","Go for the Eyes","Beam Cell","Stack","Biased Cognition","Storm+1","Lockon","Lockon","Glacier","Loop","Seek","Double Energy","Loop","Go for the Eyes","Leap+1","Echo Form","Seek","Sweeping Beam+1","Bandage Up","Stack+1","Normality","Compile Driver+1","Regret"],"relics":["Cracked Core","Juzu Bracelet","WarpedTongs","Potion Belt","Kunai","Thread and Needle","White Beast Statue","Turnip","Pen Nib","DataDisk","Dead Branch","Busted Crown","Unceasing Top","Boot"],"potions_floor_usage":[6,7,28,31,31,33,33,38,41,41],"damage_taken":[{"damage":6,"enemies":"Cultist","floor":1,"turns":3},{"damage":4,"enemies":"Small Slimes","floor":2,"turns":3},{"damage":0,"enemies":"2 Louse","floor":3,"turns":2},{"damage":16,"enemies":"Lagavulin","floor":6,"turns":6},{"damage":2,"enemies":"Large Slime","floor":7,"turns":3},{"damage":10,"enemies":"Gremlin Gang","floor":10,"turns":3},{"damage":3,"enemies":"Blue Slaver","floor":12,"turns":3},{"damage":21,"enemies":"3 Sentries","floor":13,"turns":5},{"damage":7,"enemies":"The Guardian","floor":16,"turns":11},{"damage":14,"enemies":"Spheric Guardian","floor":18,"turns":4},{"damage":0,"enemies":"3 Byrds","floor":27,"turns":4},{"damage":37,"enemies":"Slavers","floor":28,"turns":7},{"damage":9,"enemies":"Gremlin Leader","floor":31,"turns":8},{"damage":63,"enemies":"Champ","floor":33,"turns":15},{"damage":41,"enemies":"3 Darklings","floor":35,"turns":6},{"damage":8,"enemies":"Orb Walker","floor":38,"turns":3},{"damage":42,"enemies":"Writhing Mass","floor":41,"turns":9},{"damage":93,"enemies":"Donu and Deca","floor":50,"turns":6}],"seed_played":"4882329004077589336","potions_obtained":[{"floor":2,"key":"Fire Potion"},{"floor":3,"key":"SteroidPotion"},{"floor":10,"key":"Weak Potion"},{"floor":13,"key":"GamblersBrew"},{"floor":18,"key":"Block Potion"},{"floor":27,"key":"SkillPotion"},{"floor":28,"key":"Weak Potion"},{"floor":31,"key":"Ancient Potion"},{"floor":33,"key":"SpeedPotion"},{"floor":35,"key":"SteroidPotion"},{"floor":38,"key":"Explosive Potion"},{"floor":41,"key":"SmokeBomb"}],"is_trial":false,"path_per_floor":["M","M","M","?","?","E","M","?","T","M","R","M","E","$","R","B",null,"M","?","?","?","?","?","?","R","T","M","E","R","$","E","R","B",null,"M","?","?","M","?","R","M","R","T","R","?","R","?","T","R","B"],"character_chosen":"DEFECT","items_purchased":["Thread and Needle","Loop","DataDisk"],"campfire_rested":9,"item_purchase_floors":[14,14,30],"current_hp_per_floor":[62,58,58,58,58,42,40,40,40,30,52,49,28,28,50,43,67,53,53,53,39,39,39,39,63,63,63,26,50,50,41,65,2,61,20,20,20,16,16,40,2,26,26,50,50,74,74,74,74,0],"gold":1189,"neow_bonus":"RANDOM_COMMON_RELIC","is_prod":false,"is_daily":false,"chose_seed":false,"campfire_upgraded":0,"win_rate":0,"timestamp":1543209529,"path_taken":["M","M","M","?","?","E","M","?","T","M","R","M","E","$","R","BOSS","M","?","?","?","?","?","?","R","T","M","E","R","$","E","R","BOSS","M","?","?","M","?","R","M","R","T","R","?","R","?","?","R","BOSS"],"build_version":"2018-11-15","purchased_purges":0,"victory":false,"max_hp_per_floor":[75,75,75,75,75,75,75,75,75,75,75,75,75,75,75,75,75,75,75,75,80,80,80,80,80,80,80,80,80,80,80,80,80,80,80,80,80,80,80,80,80,80,80,80,80,80,80,80,80,80],"card_choices":[{"not_picked":["Scrape","Turbo"],"picked":"Go for the Eyes","floor":1},{"not_picked":["Redo","Compile Driver"],"picked":"Beam Cell","floor":2},{"not_picked":["Turbo","Barrage"],"picked":"Stack","floor":3},{"not_picked":["Hello World","Ball Lightning"],"picked":"Biased Cognition","floor":6},{"not_picked":["Coolheaded","Steam"],"picked":"Storm","floor":7},{"not_picked":["Steam Power","Sunder"],"picked":"Lockon","floor":10},{"not_picked":["Redo","Cold Snap"],"picked":"Lockon","floor":12},{"not_picked":["Reboot","Sweeping Beam"],"picked":"Glacier","floor":13},{"not_picked":["Hyperbeam","Rainbow"],"picked":"Seek","floor":16},{"not_picked":["Streamline+1","Cold Snap"],"picked":"Double Energy","floor":18},{"not_picked":["Reinforced Body+1","Turbo+1"],"picked":"Go for the Eyes","floor":27},{"not_picked":["Ball Lightning","Coolheaded+1"],"picked":"Leap+1","floor":28},{"not_picked":["Capacitor+1","Leap+1"],"picked":"Echo Form","floor":31},{"not_picked":["Amplify","Reboot"],"picked":"Seek","floor":33},{"not_picked":[],"picked":"Sweeping Beam+1","floor":35},{"not_picked":[],"picked":"Bandage Up","floor":36},{"not_picked":[],"picked":"Stack+1","floor":38},{"not_picked":[],"picked":"Compile Driver+1","floor":41}],"player_experience":336058,"relics_obtained":[{"floor":6,"key":"Potion Belt"},{"floor":13,"key":"Kunai"},{"floor":26,"key":"Turnip"},{"floor":28,"key":"Pen Nib"},{"floor":31,"key":"Dead Branch"},{"floor":43,"key":"Unceasing Top"},{"floor":48,"key":"Boot"}],"event_choices":[{"damage_healed":0,"gold_gain":175,"player_choice":"AGREE","damage_taken":0,"max_hp_gain":0,"max_hp_loss":0,"event_name":"Liars Game","floor":4,"gold_loss":0,"cards_obtained":["Doubt"]},{"damage_healed":0,"gold_gain":0,"player_choice":"Rummage","damage_taken":0,"relics_obtained":["WarpedTongs"],"max_hp_gain":0,"max_hp_loss":0,"event_name":"Accursed Blacksmith","floor":5,"gold_loss":0,"cards_obtained":["Pain"]},{"cards_removed":["Pain"],"damage_healed":0,"gold_gain":0,"player_choice":"Card Removal","damage_taken":0,"max_hp_gain":0,"max_hp_loss":0,"event_name":"The Cleric","floor":8,"gold_loss":50},{"damage_healed":0,"gold_gain":0,"player_choice":"Ignored","damage_taken":0,"max_hp_gain":0,"max_hp_loss":0,"event_name":"Ghosts","floor":19,"gold_loss":0},{"damage_healed":0,"gold_gain":0,"player_choice":"Copied","damage_taken":0,"max_hp_gain":0,"max_hp_loss":0,"event_name":"Duplicator","floor":20,"gold_loss":0,"cards_obtained":["Loop"]},{"damage_healed":0,"gold_gain":0,"player_choice":"Shed Blood","damage_taken":19,"max_hp_gain":5,"max_hp_loss":0,"event_name":"Forgotten Altar","floor":21,"gold_loss":0},{"damage_healed":0,"gold_gain":0,"player_choice":"Ignored","damage_taken":0,"max_hp_gain":0,"max_hp_loss":0,"event_name":"N\u0027loth","floor":22,"gold_loss":0},{"cards_removed":["Doubt"],"damage_healed":0,"gold_gain":0,"player_choice":"Card Removal","damage_taken":0,"max_hp_gain":0,"max_hp_loss":0,"event_name":"Wheel of Change","floor":23,"gold_loss":0},{"damage_healed":0,"gold_gain":0,"player_choice":"Ignored","damage_taken":0,"max_hp_gain":0,"max_hp_loss":0,"event_name":"Cursed Tome","floor":24,"gold_loss":0},{"damage_healed":0,"gold_gain":0,"player_choice":"Memory 1","damage_taken":0,"max_hp_gain":0,"max_hp_loss":0,"event_name":"SensoryStone","floor":36,"gold_loss":0},{"damage_healed":0,"gold_gain":0,"player_choice":"Upgrade","damage_taken":0,"max_hp_gain":0,"max_hp_loss":0,"event_name":"Designer","floor":37,"gold_loss":40,"cards_upgraded":["Storm"]},{"damage_healed":0,"gold_gain":999,"player_choice":"Gold","damage_taken":0,"max_hp_gain":0,"max_hp_loss":0,"event_name":"MindBloom","floor":39,"gold_loss":0,"cards_obtained":["Normality","Normality"]},{"damage_healed":0,"gold_gain":0,"cards_transformed":["Normality"],"player_choice":"Transformed","damage_taken":0,"max_hp_gain":0,"max_hp_loss":0,"event_name":"Transmorgrifier","floor":45,"gold_loss":0,"cards_obtained":["Regret"]},{"damage_healed":0,"gold_gain":0,"player_choice":"Ignored","damage_taken":0,"max_hp_gain":0,"max_hp_loss":0,"event_name":"Tomb of Lord Red Mask","floor":47,"gold_loss":0}],"is_beta":true,"boss_relics":[{"not_picked":["Coffee Dripper","Orrery"],"picked":"White Beast Statue"},{"not_picked":["Black Star","Runic Dome"],"picked":"Busted Crown"}],"items_purged_floors":[],"is_endless":false,"potions_floor_spawned":[2,3,10,13,18,27,28,31,33,35,38,41],"killed_by":"Donu and Deca","ascension_level":6}