{"gold_per_floor":[214,289,289,302,316,341,125,145,219,219,243,275,295,306,306,306],"floor_reached":16,"playtime":1242,"items_purged":[],"score":207,"play_id":"b90e1bee-e060-4dca-a804-a8aa89f8120e","local_time":"20190204202533","is_ascension_mode":true,"campfire_choices":[{"floor":10,"key":"REST"},{"data":"Shrug It Off","floor":15,"key":"SMITH"}],"neow_cost":"NONE","seed_source_timestamp":1187027520643537,"circlet_count":0,"master_deck":["AscendersBane","Strike_R","Strike_R","Strike_R","Strike_R","Defend_R","Defend_R","Defend_R","Defend_R","Bash","Shrug It Off","Burning Pact","Shrug It Off+1","Headbutt","Feel No Pain","Carnage","Disarm","Dropkick","Sentinel"],"relics":["Burning Blood","Charon\u0027s Ashes","Anchor","Ornamental Fan","Blood Vial","Strawberry"],"potions_floor_usage":[8,12,16,16],"damage_taken":[{"damage":11,"enemies":"Small Slimes","floor":1,"turns":5},{"damage":0,"enemies":"2 Louse","floor":4,"turns":4},{"damage":12,"enemies":"Cultist","floor":5,"turns":6},{"damage":48,"enemies":"Gremlin Nob","floor":6,"turns":6},{"damage":12,"enemies":"Exordium Wildlife","floor":8,"turns":5},{"damage":6,"enemies":"3 Sentries","floor":12,"turns":6},{"damage":7,"enemies":"Gremlin Gang","floor":13,"turns":6},{"damage":7,"enemies":"3 Louse","floor":14,"turns":4},{"damage":56,"enemies":"Slime Boss","floor":16,"turns":12}],"seed_played":"-2041672155268530633","potions_obtained":[{"floor":4,"key":"Regen Potion"},{"floor":12,"key":"Swift Potion"},{"floor":14,"key":"GamblersBrew"}],"is_trial":false,"path_per_floor":["M","?","?","M","M","E","$","M","T","R","T","E","M","M","R","B"],"character_chosen":"IRONCLAD","items_purchased":["Anchor","Fire Potion"],"campfire_rested":1,"item_purchase_floors":[7,7],"current_hp_per_floor":[63,52,52,58,52,10,10,18,18,40,40,49,50,51,51,0],"gold":306,"neow_bonus":"HUNDRED_GOLD","is_prod":false,"is_daily":false,"chose_seed":false,"campfire_upgraded":1,"win_rate":0,"timestamp":1549304733,"path_taken":["M","?","?","M","M","E","$","?","T","R","?","E","?","M","R","BOSS"],"build_version":"2019-01-23","purchased_purges":0,"victory":false,"max_hp_per_floor":[75,75,75,75,75,75,75,75,75,75,75,82,82,82,82,82],"card_choices":[{"not_picked":["Iron Wave","Perfected Strike"],"picked":"Shrug It Off","floor":1},{"not_picked":["Headbutt","Shockwave"],"picked":"Shrug It Off","floor":4},{"not_picked":["Heavy Blade","Clash"],"picked":"Headbutt","floor":5},{"not_picked":["Wild Strike","Reckless Charge"],"picked":"Feel No Pain","floor":6},{"not_picked":["Cleave","Body Slam"],"picked":"Carnage","floor":8},{"not_picked":["Double Tap","Anger"],"picked":"Disarm","floor":12},{"not_picked":["Perfected Strike","Entrench"],"picked":"Dropkick","floor":13},{"not_picked":["Flex","Dropkick"],"picked":"Sentinel","floor":14}],"player_experience":419152,"relics_obtained":[{"floor":6,"key":"Charon\u0027s Ashes"},{"floor":9,"key":"Ornamental Fan"},{"floor":11,"key":"Blood Vial"},{"floor":12,"key":"Strawberry"}],"event_choices":[{"damage_healed":0,"gold_gain":75,"player_choice":"Gather Gold","damage_taken":11,"max_hp_gain":0,"max_hp_loss":0,"event_name":"World of Goop","floor":2,"gold_loss":0},{"damage_healed":0,"gold_gain":0,"cards_transformed":["Strike_R"],"player_choice":"Transformed","damage_taken":0,"max_hp_gain":0,"max_hp_loss":0,"event_name":"Transmorgrifier","floor":3,"gold_loss":0,"cards_obtained":["Burning Pact"]}],"is_beta":true,"boss_relics":[],"items_purged_floors":[],"is_endless":false,"potions_floor_spawned":[4,12,14],"killed_by":"Slime Boss","ascension_level":17}