{"gold_per_floor":[213,228,244,199,52,78,78,3,3,33,33,47,47,59,59,161,161,178,191,191,106,106,106,106,106,133,15,15,15,15,31,31,131,131,151,161,13,30,48,48,0,13,38,38,38,38,58,69,69,69],"floor_reached":51,"playtime":2811,"items_purged":["Strike_G"],"score":993,"play_id":"70658415-dc40-4745-ba6d-ed7cb0a41c4f","local_time":"20190406130254","is_ascension_mode":true,"campfire_choices":[{"floor":7,"key":"REST"},{"floor":15,"key":"REST"},{"floor":23,"key":"REST"},{"floor":25,"key":"REST"},{"data":"Footwork","floor":30,"key":"SMITH"},{"floor":32,"key":"REST"},{"floor":40,"key":"REST"},{"data":"Envenom","floor":44,"key":"SMITH"},{"data":"Dodge and Roll","floor":49,"key":"SMITH"}],"neow_cost":"NONE","seed_source_timestamp":0,"circlet_count":0,"master_deck":["Defend_G","Defend_G","Defend_G","Defend_G","Defend_G","Strike_G","Survivor","Neutralize+1","Blur","Envenom+1","Noxious Fumes+1","Cloak And Dagger","Deflect","Backstab","Dash","Deflect","A Thousand Cuts","Dodge and Roll+1","Backflip","Ghostly","Ghostly","Ghostly","Ghostly","Ghostly","Blur","Footwork+1","Corpse Explosion","Blur+1","Caltrops+1","Die Die Die+1","Footwork+1","Leg Sweep+1","Blur+1","Setup+1"],"special_seed":0,"relics":["Ring of the Snake","Peace Pipe","Bottled Tornado","Centennial Puzzle","White Beast Statue","Enchiridion","Paper Crane","Art of War","Bag of Preparation","Astrolabe","Blood Vial","Red Mask","Snake Skull"],"potions_floor_usage":[14,16,16,16,33,33,33,38,39,42,42,50,50,50],"damage_taken":[{"damage":3.0,"enemies":"2 Louse","floor":1.0,"turns":4.0},{"damage":4.0,"enemies":"Small Slimes","floor":2.0,"turns":4.0},{"damage":0,"enemies":"Jaw Worm","floor":3,"turns":4},{"damage":3,"enemies":"Looter","floor":4,"turns":5},{"damage":36,"enemies":"Gremlin Nob","floor":6,"turns":5},{"damage":16,"enemies":"Lagavulin","floor":10,"turns":8},{"damage":0,"enemies":"3 Louse","floor":12,"turns":5},{"damage":0,"enemies":"Gremlin Gang","floor":14,"turns":5},{"damage":4,"enemies":"The Guardian","floor":16,"turns":10},{"damage":30,"enemies":"Spheric Guardian","floor":18,"turns":8},{"damage":4,"enemies":"Shell Parasite","floor":19,"turns":8},{"damage":15,"enemies":"Centurion and Healer","floor":31,"turns":11},{"damage":19,"enemies":"Collector","floor":33,"turns":13},{"damage":9,"enemies":"Orb Walker","floor":35,"turns":7},{"damage":0,"enemies":"3 Darklings","floor":36,"turns":4},{"damage":0,"enemies":"Sphere and 2 Shapes","floor":38,"turns":6},{"damage":4,"enemies":"Spire Growth","floor":39,"turns":8},{"damage":1,"enemies":"Writhing Mass","floor":42,"turns":8},{"damage":0,"enemies":"Transient","floor":47,"turns":5},{"damage":0,"enemies":"Jaw Worm Horde","floor":48,"turns":5},{"damage":0,"enemies":"Donu and Deca","floor":50,"turns":10}],"seed_played":"7057230752549412857","potions_obtained":[{"floor":6,"key":"EssenceOfSteel"},{"floor":10,"key":"Swift Potion"},{"floor":12,"key":"GhostInAJar"},{"floor":14,"key":"Energy Potion"},{"floor":18,"key":"FearPotion"},{"floor":19,"key":"SpeedPotion"},{"floor":31,"key":"Energy Potion"},{"floor":33,"key":"SpeedPotion"},{"floor":35,"key":"SteroidPotion"},{"floor":36,"key":"Poison Potion"},{"floor":38,"key":"LiquidBronze"},{"floor":39,"key":"Fire Potion"},{"floor":42,"key":"Poison Potion"},{"floor":47,"key":"SmokeBomb"},{"floor":48,"key":"Strength Potion"}],"is_trial":false,"path_per_floor":["M","M","M","M","$","E","R","$","T","E","?","M","?","M","R","B",null,"M","M","?","?","?","R","?","R","T","$","?","$","R","M","R","B",null,"M","M","$","M","M","R","?","M","T","R","?","?","M","M","R","B",null],"character_chosen":"THE_SILENT","items_purchased":["Noxious Fumes","Cloak And Dagger","Deflect","Blur","Dexterity Potion","Blood Vial"],"campfire_rested":6,"item_purchase_floors":[5,5,5,27,27,37],"current_hp_per_floor":[60,56,56,53,53,17,38,38,38,22,22,22,22,22,43,39,62,32,28,12,12,12,22,22,32,32,32,32,32,32,17,27,8,28,19,19,19,21,19,29,29,30,30,30,30,30,32,34,34,35],"gold":69,"neow_bonus":"HUNDRED_GOLD","is_prod":false,"is_daily":false,"chose_seed":false,"campfire_upgraded":3,"win_rate":0,"timestamp":1554580974,"path_taken":["M","M","M","M","$","E","R","$","T","E","?","M","?","M","R","BOSS","M","M","?","?","?","R","?","R","T","$","?","?","R","M","R","BOSS","M","?","$","M","M","R","?","M","T","R","?","?","M","?","R","BOSS"],"build_version":"2019-01-23","purchased_purges":1,"victory":true,"max_hp_per_floor":[70,70,70,70,70,70,70,70,70,70,70,70,70,70,70,70,70,70,70,70,70,35,35,35,35,35,35,35,35,35,35,35,35,35,35,35,35,35,35,35,35,35,35,35,35,35,35,35,35,35],"card_choices":[{"not_picked":["Outmaneuver","Quick Slash"],"picked":"Distraction","floor":1.0},{"not_picked":["Tactician","Acrobatics"],"picked":"Blur","floor":2.0},{"not_picked":["Finisher","Quick Slash","Deadly Poison"],"picked":"SKIP","floor":3},{"not_picked":["Eviscerate","Dodge and Roll"],"picked":"Envenom","floor":4},{"not_picked":["Dagger Spray","Finisher"],"picked":"Backstab","floor":6},{"not_picked":["Bane","Poisoned Stab"],"picked":"Dash","floor":10},{"not_picked":["Underhanded Strike","Phantasmal Killer","Sucker Punch"],"picked":"SKIP","floor":12},{"not_picked":["Terror","Underhanded Strike"],"picked":"Deflect","floor":14},{"not_picked":["Phantasmal Killer","Unload"],"picked":"A Thousand Cuts","floor":16},{"not_picked":["Dagger Spray+1","Crippling Poison"],"picked":"Dodge and Roll","floor":18},{"not_picked":["Blade Dance","Quick Slash"],"picked":"Backflip","floor":19},{"not_picked":["Dagger Spray","Accuracy","Poisoned Stab"],"picked":"SKIP","floor":31},{"not_picked":["Burst","Unload"],"picked":"Corpse Explosion","floor":33},{"not_picked":["Prepared+1","Dagger Throw","Accuracy+1"],"picked":"SKIP","floor":35},{"not_picked":["Dagger Throw","Noxious Fumes+1"],"picked":"Footwork+1","floor":36},{"not_picked":["Reflex","Heel Hook+1","Quick Slash"],"picked":"SKIP","floor":38},{"not_picked":["Deadly Poison","Endless Agony+1"],"picked":"Leg Sweep+1","floor":39},{"not_picked":["Quick Slash+1","Poisoned Stab+1"],"picked":"Blur+1","floor":42},{"not_picked":["Accuracy","Acrobatics"],"picked":"Setup+1","floor":47},{"not_picked":["Poisoned Stab","Eviscerate","Noxious Fumes"],"picked":"SKIP","floor":48}],"player_experience":273101,"relics_obtained":[{"floor":6,"key":"Peace Pipe"},{"floor":9,"key":"Bottled Tornado"},{"floor":10,"key":"Centennial Puzzle"},{"floor":20,"key":"Enchiridion"},{"floor":26,"key":"Bag of Preparation"},{"floor":43,"key":"Snake Skull"}],"event_choices":[{"damage_healed":0,"gold_gain":0,"player_choice":"Ignored","damage_taken":0,"max_hp_gain":0,"max_hp_loss":0,"event_name":"Liars Game","floor":11,"gold_loss":0},{"damage_healed":0,"gold_gain":0,"player_choice":"Grow","damage_taken":0,"max_hp_gain":0,"max_hp_loss":0,"event_name":"Living Wall","floor":13,"gold_loss":0,"cards_upgraded":["Noxious Fumes"]},{"damage_healed":0,"gold_gain":0,"player_choice":"Obtained Book","damage_taken":16,"max_hp_gain":0,"max_hp_loss":0,"event_name":"Cursed Tome","floor":20,"gold_loss":0},{"damage_healed":0,"gold_gain":0,"player_choice":"Obtained Relic","damage_taken":0,"relics_obtained":["Paper Crane"],"max_hp_gain":0,"max_hp_loss":0,"event_name":"Addict","floor":21,"gold_loss":85},{"damage_healed":0,"gold_gain":0,"player_choice":"Became a Ghost","damage_taken":0,"max_hp_gain":0,"max_hp_loss":35,"event_name":"Ghosts","floor":22,"gold_loss":0,"cards_obtained":["Ghostly","Ghostly","Ghostly","Ghostly","Ghostly"]},{"damage_healed":0,"gold_gain":0,"player_choice":"Opened","damage_taken":0,"relics_obtained":["Art of War"],"max_hp_gain":0,"max_hp_loss":0,"event_name":"The Mausoleum","floor":24,"gold_loss":0},{"damage_healed":0,"gold_gain":0,"player_choice":"Read","damage_taken":0,"max_hp_gain":0,"max_hp_loss":0,"event_name":"The Library","floor":28,"gold_loss":0,"cards_obtained":["Footwork"]},{"damage_healed":0,"gold_gain":0,"player_choice":"Paid","damage_taken":0,"relics_obtained":["Red Mask"],"max_hp_gain":0,"max_hp_loss":0,"event_name":"Tomb of Lord Red Mask","floor":41,"gold_loss":48},{"cards_removed":["Strike_G"],"damage_healed":0,"gold_gain":0,"player_choice":"Removed Attack","damage_taken":0,"max_hp_gain":0,"max_hp_loss":0,"event_name":"Falling","floor":45,"gold_loss":0},{"damage_healed":0,"gold_gain":0,"player_choice":"Forge","damage_taken":0,"max_hp_gain":0,"max_hp_loss":0,"event_name":"Accursed Blacksmith","floor":46,"gold_loss":0,"cards_upgraded":["Neutralize"]}],"is_beta":false,"boss_relics":[{"not_picked":["Eternal Feather","Calling Bell"],"picked":"White Beast Statue"},{"not_picked":["WristBlade","Philosopher\u0027s Stone"],"picked":"Astrolabe"}],"items_purged_floors":[8],"is_endless":false,"potions_floor_spawned":[6,10,12,14,18,19,31,33,35,36,38,39,42,47,48],"ascension_level":7}