{"gold_per_floor":[111,111,10,28,42,72,72,72,155,155,170,170],"floor_reached":12,"playtime":503,"items_purged":["Strike_G"],"score":156,"play_id":"c7d3e1dd-93b9-421c-ae0d-833da193d669","local_time":"20190525173330","is_ascension_mode":true,"campfire_choices":[{"floor":7,"key":"REST"},{"floor":10,"key":"REST"}],"neow_cost":"NONE","seed_source_timestamp":31351789790700,"circlet_count":0,"master_deck":["AscendersBane","Defend_G","Defend_G","Defend_G","Defend_G","Defend_G","Strike_G","Strike_G+1","Strike_G","Strike_G","Survivor","Neutralize","Deadly Poison","Flying Knee","Deadly Poison","Flying Knee+1","Crippling Poison","Poisoned Stab"],"relics":["Ring of the Snake","Bag of Preparation","Tiny Chest"],"potions_floor_usage":[6],"damage_taken":[{"damage":4,"enemies":"Jaw Worm","floor":1,"turns":9},{"damage":1,"enemies":"Cultist","floor":4,"turns":3},{"damage":0,"enemies":"2 Louse","floor":5,"turns":2},{"damage":47,"enemies":"Gremlin Nob","floor":6,"turns":5},{"damage":16,"enemies":"Exordium Wildlife","floor":11,"turns":5},{"damage":17,"enemies":"Lagavulin","floor":12,"turns":3}],"seed_played":"-6413000471518190923","potions_obtained":[{"floor":4,"key":"EssenceOfSteel"},{"floor":6,"key":"GamblersBrew"}],"is_trial":false,"path_per_floor":["M","?","$","M","M","E","R","?","T","R","M","E"],"character_chosen":"THE_SILENT","items_purchased":["Flying Knee"],"campfire_rested":2,"item_purchase_floors":[3],"current_hp_per_floor":[61,61,61,60,60,13,34,12,12,33,17,0],"gold":170,"neow_bonus":"TEN_PERCENT_HP_BONUS","is_prod":false,"is_daily":false,"chose_seed":false,"campfire_upgraded":0,"win_rate":0,"timestamp":1558830810,"path_taken":["M","?","$","?","M","E","R","?","T","R","M","E"],"build_version":"2019-01-23","purchased_purges":1,"victory":false,"max_hp_per_floor":[72,72,72,72,72,72,72,72,72,72,72,72],"card_choices":[{"not_picked":["Dodge and Roll","Underhanded Strike"],"picked":"Deadly Poison","floor":1},{"not_picked":["PiercingWail","Grand Finale"],"picked":"Deadly Poison","floor":4},{"not_picked":["Endless Agony","Noxious Fumes"],"picked":"Flying Knee","floor":5},{"not_picked":["Choke","Masterful Stab"],"picked":"Crippling Poison","floor":6},{"not_picked":["Sucker Punch","Dagger Spray"],"picked":"Poisoned Stab","floor":11}],"player_experience":1469502,"relics_obtained":[{"floor":6,"key":"Bag of Preparation"},{"floor":9,"key":"Tiny Chest"}],"event_choices":[{"damage_healed":0,"gold_gain":0,"player_choice":"Leave","damage_taken":0,"max_hp_gain":0,"max_hp_loss":0,"event_name":"FaceTrader","floor":2,"gold_loss":0},{"damage_healed":0,"gold_gain":0,"player_choice":"Entered Light","damage_taken":22,"max_hp_gain":0,"max_hp_loss":0,"event_name":"Shining Light","floor":8,"gold_loss":0,"cards_upgraded":["Flying Knee","Strike_G"]}],"is_beta":false,"boss_relics":[],"items_purged_floors":[3],"is_endless":false,"potions_floor_spawned":[4,6],"killed_by":"Lagavulin","ascension_level":20}