{"gold_per_floor":[116,116,132,82,92,110,110,138,163,163,183,197,21,34,34,137,137,156,175,30,47,47,62,62,95,147,147,167,167,183,200,200,304,334,349,349,58,70,86,116,116,136,136,136,166,184,184,194,194,294,294,311,282,85,100,100,133,153,153,221,232,232,242,269,282,282,379,379,399,192,204,204,119,153,166,184,216,226,253,273,273,283,283,378,378,398,417,417,435,455,455,487,487,521,521,536,547,567,585,585,685,685,702,717,130,130,140,140,157,6,41,41,68,68,68,88,88,187,187,198,198,57,57,72,103,122,135,162,180,193,218,237,248,248,348,348,364,364,364,115,130,156,156,169,203,46,46,46],"floor_reached":148,"playtime":3521,"items_purged":[],"score":5574,"play_id":"df451016-362a-485c-8891-98b8caa6fbae","local_time":"20180708194537","daily_mods":["Hoarder"],"is_ascension_mode":false,"campfire_choices":[{"floor":7,"key":"REST"},{"floor":15,"key":"REST"},{"floor":27,"key":"REST"},{"floor":29,"key":"REST"},{"data":"Mind Blast","floor":32,"key":"SMITH"},{"data":"Enlightenment","floor":41,"key":"SMITH"},{"data":"Enlightenment","floor":44,"key":"SMITH"},{"floor":47,"key":"REST"},{"floor":49,"key":"REST"},{"data":"Mind Blast","floor":59,"key":"SMITH"},{"data":"Mind Blast","floor":62,"key":"SMITH"},{"data":"Enlightenment","floor":66,"key":"SMITH"},{"data":"Adrenaline","floor":81,"key":"SMITH"},{"data":"Adrenaline","floor":83,"key":"SMITH"},{"data":"Adrenaline","floor":91,"key":"SMITH"},{"data":"Bullet Time","floor":95,"key":"SMITH"},{"data":"Bullet Time","floor":100,"key":"SMITH"},{"data":"1","floor":108,"key":"LIFT"},{"data":"2","floor":112,"key":"LIFT"},{"data":"3","floor":115,"key":"LIFT"},{"data":"Adrenaline","floor":117,"key":"SMITH"},{"floor":134,"key":"REST"},{"data":"Poisoned Stab","floor":143,"key":"SMITH"}],"neow_cost":"","seed_source_timestamp":0,"circlet_count":0,"master_deck":["Defend_G","Defend_G","Defend_G","Defend_G","Defend_G","Strike_G","Strike_G","Strike_G","Strike_G","Strike_G","Survivor","Neutralize","All Out Attack","All Out Attack","All Out Attack","Regret","Regret","Prepared","Prepared","Prepared","Deadly Poison","Deadly Poison","Deadly Poison","Infinite Blades","Infinite Blades","Infinite Blades","Underhanded Strike","Underhanded Strike","Underhanded Strike","Dagger Spray","Dagger Spray","Dagger Spray","Infinite Blades","Infinite Blades","Infinite Blades","Mind Blast+1","Mind Blast+1","Mind Blast+1","Eviscerate","Eviscerate","Eviscerate","Sucker Punch","Sucker Punch","Sucker Punch","Dash","Dash","Dash","Tactician+1","Tactician","Tactician","Cloak And Dagger","Cloak And Dagger+1","Burst","Burst","Choke","Choke","Choke","Distraction","Distraction","Distraction","Backflip+1","Backflip+1","Backflip+1","Flechettes","Flechettes","Flechettes","PiercingWail","PiercingWail","PiercingWail","Setup","Setup","Setup","Corpse Explosion","Corpse Explosion","Corpse Explosion","Bane","Bane","Bane","Cloak And Dagger+1","Cloak And Dagger+1","Cloak And Dagger+1","Enlightenment+1","Enlightenment+1","Enlightenment+1","Dark Shackles","Dark Shackles","Dark Shackles","Calculated Gamble+1","Calculated Gamble+1","Calculated Gamble+1","Dodge and Roll+1","Dodge and Roll+1","Dodge and Roll+1","Quick Slash","Quick Slash","Quick Slash","Dagger Throw","Dagger Throw","Dagger Throw","Dagger Throw+1","Dagger Throw+1","Dagger Throw+1","Backflip+1","Backflip+1","Backflip+1","Envenom","Envenom","Envenom","Caltrops","Caltrops","Caltrops","Terror+1","Terror+1","Terror+1","Catalyst","Catalyst","Catalyst","Quick Slash+1","Quick Slash+1","Quick Slash+1","Backstab+1","Backstab+1","Backstab+1","Die Die Die","Die Die Die","Die Die Die","Secret Weapon+1","Secret Weapon","Secret Weapon","Caltrops","Caltrops","Caltrops","Envenom","Envenom","Envenom","Poisoned Stab","Poisoned Stab","Poisoned Stab","Footwork","Footwork","Footwork","Outmaneuver","Outmaneuver","Outmaneuver","Backflip","Backflip","Backflip","Adrenaline+1","Adrenaline+1","Adrenaline+1","Slice+1","Slice+1","Slice+1","Prepared","Prepared","Prepared","Distraction+1","Distraction+1","Distraction+1","Prepared+1","Prepared+1","Prepared+1","Storm of Steel","Storm of Steel","Storm of Steel","Tools of the Trade","Tools of the Trade","Tools of the Trade","Deadly Poison","Deadly Poison","Deadly Poison","Noxious Fumes+1","Noxious Fumes+1","Noxious Fumes+1","Acrobatics+1","Acrobatics+1","Acrobatics+1","Concentrate","Concentrate","Concentrate","Bullet Time","Bullet Time","Bullet Time+1","Footwork","Footwork","Footwork","Calculated Gamble+1","Calculated Gamble+1","Calculated Gamble+1","Quick Slash+1","Quick Slash+1","Quick Slash+1","Prepared","Prepared","Prepared","Unload","Unload","Unload","Writhe","Writhe","Writhe","Well Laid Plans","Well Laid Plans","Well Laid Plans","Dagger Spray","Dagger Spray","Dagger Spray","Flying Knee+1","Flying Knee+1","Flying Knee+1","Bullet Time","Bullet Time","Bullet Time+1","Calculated Gamble+1","Calculated Gamble+1","Calculated Gamble+1","Adrenaline+1","Adrenaline","Adrenaline","Dagger Throw","Dagger Throw","Dagger Throw","Poisoned Stab+1","Poisoned Stab","Poisoned Stab","Dagger Throw","Dagger Throw","Dagger Throw","Heel Hook","Heel Hook","Heel Hook","All Out Attack","All Out Attack","All Out Attack","Deflect","Deflect","Deflect","Endless Agony","Endless Agony","Endless Agony","Bullet Time","Bullet Time","Bullet Time","Quick Slash","Quick Slash","Quick Slash","Necronomicurse","Necronomicurse","Necronomicurse","Dagger Spray","Dagger Spray","Dagger Spray","Sucker Punch","Sucker Punch","Sucker Punch","Deadly Poison","Deadly Poison","Deadly Poison","Backflip","Backflip","Backflip","Quick Slash","Quick Slash","Quick Slash","Terror","Terror","Terror","Well Laid Plans+1","Well Laid Plans+1","Well Laid Plans+1","Doppelganger","Doppelganger","Doppelganger","Cloak And Dagger","Cloak And Dagger","Cloak And Dagger","Dagger Spray","Dagger Spray","Dagger Spray","Noxious Fumes","Noxious Fumes","Noxious Fumes","Outmaneuver+1","Outmaneuver+1","Outmaneuver+1","Backstab+1","Backstab+1","Backstab+1","Clumsy","Clumsy","Clumsy","Clumsy","Clumsy","Clumsy","Bullet Time","Bullet Time","Bullet Time","Acrobatics+1","Acrobatics+1","Acrobatics+1","Pain","Pain","Pain","Regret","Regret","Regret","Footwork+1","Footwork+1","Footwork+1","Finisher","Finisher","Finisher","Leg Sweep+1","Leg Sweep+1","Leg Sweep+1","Dagger Spray","Dagger Spray","Dagger Spray","Phantasmal Killer","Phantasmal Killer","Phantasmal Killer","Madness","Madness","Madness","Madness","Madness","Madness"],"relics":["Ring of the Snake","Strawberry","Vajra","Happy Flower","Ice Cream","Runic Pyramid","Bag of Marbles","Tough Bandages","Snake Skull","Tiny House","Letter Opener","Singing Bowl","Sundial","Orrery","War Paint","Pear","MealTicket","Dead Branch","Boot","Meat on the Bone","TwistedFunnel","Girya","Juzu Bracelet","Necronomicon","The Specimen","Bottled Flame","Potion Belt"],"potions_floor_usage":[8,8,16,16,21,33,33,45,46,46,50,57,101,101,101,148,148,148],"damage_taken":[{"damage":2,"enemies":"2 Louse","floor":1,"turns":3},{"damage":5,"enemies":"Jaw Worm","floor":3,"turns":3},{"damage":4,"enemies":"Cultist","floor":5,"turns":4},{"damage":12,"enemies":"Looter","floor":6,"turns":2},{"damage":20,"enemies":"3 Sentries","floor":8,"turns":4},{"damage":11,"enemies":"Exordium Wildlife","floor":11,"turns":3},{"damage":0,"enemies":"Lots of Slimes","floor":12,"turns":1},{"damage":12,"enemies":"Blue Slaver","floor":14,"turns":2},{"damage":25,"enemies":"Hexaghost","floor":16,"turns":7},{"damage":10,"enemies":"2 Thieves","floor":18,"turns":2},{"damage":19,"enemies":"Shell Parasite","floor":19,"turns":3},{"damage":15,"enemies":"Centurion and Healer","floor":21,"turns":3},{"damage":10,"enemies":"Cultist and Chosen","floor":23,"turns":3},{"damage":20,"enemies":"Slavers","floor":25,"turns":4},{"damage":0,"enemies":"3 Cultists","floor":28,"turns":2},{"damage":0,"enemies":"Chosen and Byrds","floor":30,"turns":3},{"damage":0,"enemies":"Snake Plant","floor":31,"turns":1},{"damage":71,"enemies":"Automaton","floor":33,"turns":11},{"damage":3,"enemies":"3 Shapes","floor":35,"turns":2},{"damage":0,"enemies":"3 Darklings","floor":38,"turns":1},{"damage":0,"enemies":"Spire Growth","floor":39,"turns":1},{"damage":0,"enemies":"Nemesis","floor":40,"turns":1},{"damage":0,"enemies":"Maw","floor":42,"turns":2},{"damage":0,"enemies":"2 Orb Walkers","floor":45,"turns":1},{"damage":58,"enemies":"Transient","floor":46,"turns":5},{"damage":0,"enemies":"4 Shapes","floor":48,"turns":1},{"damage":38,"enemies":"Donu and Deca","floor":50,"turns":9},{"damage":0,"enemies":"Small Slimes","floor":52,"turns":1},{"damage":0,"enemies":"Jaw Worm","floor":55,"turns":1},{"damage":0,"enemies":"Gremlin Nob","floor":57,"turns":1},{"damage":0,"enemies":"2 Louse","floor":58,"turns":1},{"damage":0,"enemies":"2 Fungi Beasts","floor":61,"turns":1},{"damage":0,"enemies":"Looter","floor":63,"turns":1},{"damage":0,"enemies":"3 Sentries","floor":64,"turns":1},{"damage":0,"enemies":"Exordium Wildlife","floor":65,"turns":1},{"damage":0,"enemies":"Slime Boss","floor":67,"turns":1},{"damage":0,"enemies":"2 Thieves","floor":69,"turns":1},{"damage":0,"enemies":"Chosen","floor":71,"turns":1},{"damage":0,"enemies":"Book of Stabbing","floor":74,"turns":1},{"damage":0,"enemies":"Snecko","floor":75,"turns":1},{"damage":0,"enemies":"Cultist and Chosen","floor":76,"turns":1},{"damage":0,"enemies":"Slavers","floor":77,"turns":1},{"damage":0,"enemies":"Slaver and Parasite","floor":78,"turns":1},{"damage":0,"enemies":"Gremlin Leader","floor":79,"turns":1},{"damage":0,"enemies":"Snake Plant","floor":80,"turns":1},{"damage":0,"enemies":"Snecko","floor":82,"turns":1},{"damage":0,"enemies":"Collector","floor":84,"turns":1},{"damage":0,"enemies":"Orb Walker","floor":86,"turns":1},{"damage":0,"enemies":"3 Darklings","floor":87,"turns":1},{"damage":0,"enemies":"Spire Growth","floor":89,"turns":1},{"damage":6,"enemies":"4 Shapes","floor":90,"turns":1},{"damage":0,"enemies":"Nemesis","floor":92,"turns":1},{"damage":0,"enemies":"2 Orb Walkers","floor":94,"turns":1},{"damage":0,"enemies":"Maw","floor":96,"turns":1},{"damage":0,"enemies":"Spire Growth","floor":97,"turns":1},{"damage":9,"enemies":"4 Shapes","floor":98,"turns":1},{"damage":0,"enemies":"Maw","floor":99,"turns":1},{"damage":0,"enemies":"Donu and Deca","floor":101,"turns":6},{"damage":0,"enemies":"Jaw Worm","floor":103,"turns":1},{"damage":0,"enemies":"Small Slimes","floor":104,"turns":1},{"damage":0,"enemies":"Cultist","floor":107,"turns":1},{"damage":0,"enemies":"Red Slaver","floor":109,"turns":1},{"damage":0,"enemies":"3 Sentries","floor":111,"turns":1},{"damage":0,"enemies":"Lagavulin","floor":113,"turns":1},{"damage":0,"enemies":"3 Louse","floor":116,"turns":1},{"damage":0,"enemies":"The Guardian","floor":118,"turns":1},{"damage":0,"enemies":"Chosen","floor":120,"turns":1},{"damage":0,"enemies":"Spheric Guardian","floor":124,"turns":1},{"damage":0,"enemies":"Slavers","floor":125,"turns":1},{"damage":0,"enemies":"Snecko","floor":126,"turns":1},{"damage":0,"enemies":"Slaver and Parasite","floor":127,"turns":1},{"damage":0,"enemies":"Gremlin Leader","floor":128,"turns":1},{"damage":0,"enemies":"3 Cultists","floor":129,"turns":1},{"damage":0,"enemies":"Centurion and Healer","floor":130,"turns":1},{"damage":0,"enemies":"Book of Stabbing","floor":131,"turns":1},{"damage":0,"enemies":"Snecko","floor":132,"turns":1},{"damage":0,"enemies":"Snake Plant","floor":133,"turns":1},{"damage":0,"enemies":"Collector","floor":135,"turns":1},{"damage":0,"enemies":"Orb Walker","floor":137,"turns":1},{"damage":0,"floor":139,"turns":1},{"damage":3,"enemies":"3 Shapes","floor":141,"turns":1},{"damage":0,"enemies":"Nemesis","floor":142,"turns":1},{"damage":0,"enemies":"3 Darklings","floor":144,"turns":1},{"damage":0,"enemies":"Giant Head","floor":145,"turns":1},{"damage":154,"enemies":"Transient","floor":148,"turns":4}],"seed_played":"-7514856667927857374","potions_obtained":[{"floor":3,"key":"Fire Potion"},{"floor":5,"key":"Strength Potion"},{"floor":12,"key":"AttackPotion"},{"floor":14,"key":"Fire Potion"},{"floor":19,"key":"Swift Potion"},{"floor":25,"key":"GamblersBrew"},{"floor":31,"key":"Fire Potion"},{"floor":33,"key":"SteroidPotion"},{"floor":34,"key":"Poison Potion"},{"floor":38,"key":"Energy Potion"},{"floor":42,"key":"SkillPotion"},{"floor":46,"key":"GhostInAJar"},{"floor":52,"key":"Strength Potion"},{"floor":58,"key":"SkillPotion"},{"floor":65,"key":"SkillPotion"},{"floor":69,"key":"Fire Potion"},{"floor":76,"key":"GhostInAJar"},{"floor":79,"key":"PowerPotion"},{"floor":90,"key":"GhostInAJar"},{"floor":101,"key":"Block Potion"},{"floor":103,"key":"AttackPotion"},{"floor":104,"key":"GhostInAJar"},{"floor":127,"key":"Regen Potion"}],"is_trial":true,"path_per_floor":["M","?","M","?","M","M","R","E","T","T","M","M","$","M","R","B",null,"M","M","$","M","?","M","?","E","T","R","M","R","M","M","R","B",null,"M","?","$","M","M","E","R","M","T","R","E","M","R","M","R","B",null,"M","?","$","M","?","E","M","R","T","M","R","M","E","M","R","B",null,"M","$","M","?","?","E","M","M","E","M","E","M","R","M","R","B",null,"M","M","?","M","M","R","E","?","E","R","M","M","M","M","R","B",null,"M","M","$","?","M","R","M","$","E","R","E","$","R","M","R","B",null,"M","?","$","?","M","E","M","M","E","M","M","E","M","M","R","B",null,"M","?","?","$","M","E","R","M","E","$","?"],"character_chosen":"THE_SILENT","items_purchased":["Mind Blast","Eviscerate","Sucker Punch","Bag of Marbles","Enlightenment","Dark Shackles","Secret Weapon","MealTicket","Boot","Meat on the Bone","TwistedFunnel","Juzu Bracelet","Dagger Spray","Sucker Punch","Deadly Poison","Bottled Flame","Potion Belt"],"campfire_rested":7,"item_purchase_floors":[13,13,13,20,37,37,54,70,105,105,105,110,122,122,122,140,146],"current_hp_per_floor":[68,75,70,70,66,54,77,57,57,57,46,46,46,34,57,32,77,67,48,48,33,33,23,48,28,28,51,51,74,74,74,74,3,82,79,79,79,79,79,79,79,79,79,79,79,23,48,48,73,35,84,84,84,84,84,72,72,72,72,82,84,84,84,84,84,84,84,96,96,96,96,96,96,96,96,96,96,96,96,96,96,96,96,96,96,96,96,96,96,90,90,90,96,96,96,96,96,87,87,87,87,96,96,96,96,93,93,93,93,96,96,96,96,96,96,96,96,96,96,96,80,87,87,87,87,87,87,87,87,87,87,87,87,96,96,96,96,96,96,96,93,93,93,93,93,96,84,0],"gold":46,"neow_bonus":"","is_prod":false,"is_daily":false,"chose_seed":false,"campfire_upgraded":13,"win_rate":0,"timestamp":1531071937,"path_taken":["M","?","M","?","M","M","R","E","T","?","M","M","$","M","R","BOSS","M","M","$","M","?","?","?","E","T","R","?","R","M","M","R","BOSS","M","?","$","M","M","E","R","?","T","R","E","M","R","M","R","BOSS","M","?","$","M","?","E","M","R","T","M","R","M","E","M","R","BOSS","M","$","M","?","?","E","?","M","E","M","E","M","R","M","R","BOSS","M","M","?","M","M","R","E","?","E","R","?","M","M","M","R","BOSS","M","M","$","?","M","R","M","$","E","R","E","$","R","M","R","BOSS","M","?","$","?","M","E","M","M","E","M","M","E","M","M","R","BOSS","M","?","?","$","M","E","R","M","E","$","?","M"],"build_version":"2018-07-05","purchased_purges":0,"victory":false,"max_hp_per_floor":[70,77,77,77,77,77,77,77,77,77,77,77,77,77,77,77,77,77,77,77,77,77,77,77,77,77,77,77,77,77,77,77,77,82,82,82,82,82,82,82,82,82,82,82,82,84,84,84,84,84,84,84,84,84,84,84,84,84,84,94,96,96,96,96,96,96,96,96,96,96,96,96,96,96,96,96,96,96,96,96,96,96,96,96,96,96,96,96,96,96,96,96,96,96,96,96,96,96,96,96,96,96,96,96,96,96,96,96,96,96,96,96,96,96,96,96,96,96,96,96,96,96,96,96,96,96,96,96,96,96,96,96,96,96,96,96,96,96,96,96,96,96,96,96,96,96,96,96],"card_choices":[{"not_picked":["Prepared","Flying Knee"],"picked":"All Out Attack","floor":1},{"not_picked":["Choke","Dodge and Roll"],"picked":"Prepared","floor":3},{"not_picked":["Sucker Punch","Distraction"],"picked":"Deadly Poison","floor":5},{"not_picked":["Escape Plan","Cloak And Dagger"],"picked":"Infinite Blades","floor":6},{"not_picked":["Outmaneuver","Acrobatics"],"picked":"Underhanded Strike","floor":8},{"not_picked":["Deflect","Bouncing Flask"],"picked":"Dagger Spray","floor":11},{"not_picked":["Leg Sweep","Dagger Spray"],"picked":"Infinite Blades","floor":12},{"not_picked":["Escape Plan","Acrobatics"],"picked":"Dash","floor":14},{"not_picked":["Burst","Die Die Die"],"picked":"Tactician","floor":16},{"not_picked":["Prepared","Acrobatics"],"picked":"Cloak And Dagger","floor":18},{"not_picked":["Deflect+1","PiercingWail+1"],"picked":"Burst","floor":19},{"not_picked":["Acrobatics","Crippling Poison"],"picked":"Choke","floor":21},{"not_picked":["Acrobatics","Leg Sweep"],"picked":"Distraction","floor":23},{"not_picked":["Crippling Poison+1","Dash+1"],"picked":"Backflip+1","floor":25},{"not_picked":["Sucker Punch+1","Underhanded Strike+1"],"picked":"Flechettes","floor":28},{"not_picked":["Eviscerate","Distraction"],"picked":"PiercingWail","floor":30},{"not_picked":["Acrobatics","Deflect"],"picked":"Setup","floor":31},{"not_picked":["Burst","Wraith Form v2"],"picked":"Corpse Explosion","floor":33},{"not_picked":["Poisoned Stab","Outmaneuver"],"picked":"Bane","floor":34},{"not_picked":["Flying Knee","Poisoned Stab+1"],"picked":"Cloak And Dagger+1","floor":35},{"not_picked":["Poisoned Stab+1","Riddle With Holes+1"],"picked":"Calculated Gamble+1","floor":38},{"not_picked":["Flying Knee+1","Bane"],"picked":"Dodge and Roll+1","floor":39},{"not_picked":["Dodge and Roll","Cloak And Dagger"],"picked":"Quick Slash","floor":40},{"not_picked":["Prepared","Burst"],"picked":"Dagger Throw","floor":42},{"not_picked":["Infinite Blades+1","Footwork+1"],"picked":"Dagger Throw+1","floor":45},{"not_picked":["Quick Slash","Slice","Malaise+1"],"picked":"Singing Bowl","floor":46},{"not_picked":["Cloak And Dagger+1","Bane"],"picked":"Backflip+1","floor":48},{"not_picked":["Grand Finale","Unload"],"picked":"Envenom","floor":50},{"not_picked":["Prepared","Dodge and Roll"],"picked":"Caltrops","floor":51},{"not_picked":["Deflect+1","Bane"],"picked":"Terror+1","floor":51},{"not_picked":["Masterful Stab+1","Eviscerate+1"],"picked":"Catalyst","floor":51},{"not_picked":["Flying Knee","Bane"],"picked":"Quick Slash+1","floor":51},{"not_picked":["Poisoned Stab+1","PiercingWail+1"],"picked":"Backstab+1","floor":51},{"not_picked":["Escape Plan","Deflect"],"picked":"Die Die Die","floor":52},{"not_picked":["Flying Knee","Setup"],"picked":"Caltrops","floor":55},{"not_picked":["All Out Attack","Sucker Punch"],"picked":"Envenom","floor":57},{"not_picked":["PiercingWail","Deadly Poison"],"picked":"Poisoned Stab","floor":58},{"not_picked":["Dagger Throw","Outmaneuver","Cloak And Dagger"],"picked":"Singing Bowl","floor":61},{"not_picked":["Skewer","Infinite Blades"],"picked":"Footwork","floor":63},{"not_picked":["Skewer","Blade Dance"],"picked":"Outmaneuver","floor":64},{"not_picked":["Cloak And Dagger","Acrobatics"],"picked":"Backflip","floor":65},{"not_picked":["Night Terror","Storm of Steel"],"picked":"Adrenaline","floor":67},{"not_picked":["Quick Slash+1","Masterful Stab"],"picked":"Slice+1","floor":69},{"not_picked":["Deadly Poison","Acrobatics"],"picked":"Prepared","floor":71},{"not_picked":["Finisher","Well Laid Plans"],"picked":"Distraction+1","floor":74},{"not_picked":["Dodge and Roll+1","Poisoned Stab+1"],"picked":"Prepared+1","floor":75},{"not_picked":["Underhanded Strike","PiercingWail"],"picked":"Storm of Steel","floor":76},{"not_picked":["Acrobatics","Poisoned Stab+1"],"picked":"Tools of the Trade","floor":77},{"not_picked":["Outmaneuver","Infinite Blades"],"picked":"Deadly Poison","floor":78},{"not_picked":["Deflect+1","Dash"],"picked":"Noxious Fumes+1","floor":79},{"not_picked":["Deflect","Deadly Poison"],"picked":"Acrobatics+1","floor":80},{"not_picked":["Deflect+1","Catalyst"],"picked":"Concentrate","floor":82},{"not_picked":["Venomology","Tactician"],"picked":"Bullet Time","floor":84},{"not_picked":["Caltrops","Bane+1"],"picked":"Footwork","floor":86},{"not_picked":["Backflip","Dagger Throw+1"],"picked":"Calculated Gamble+1","floor":87},{"not_picked":["PiercingWail+1","Sucker Punch+1"],"picked":"Quick Slash+1","floor":89},{"not_picked":["Heel Hook+1","Reflex+1"],"picked":"Prepared","floor":90},{"not_picked":["Riddle With Holes","Crippling Poison"],"picked":"Unload","floor":92},{"not_picked":["Prepared","Sucker Punch"],"picked":"Well Laid Plans","floor":94},{"not_picked":["Riddle With Holes+1","Slice+1"],"picked":"Dagger Spray","floor":96},{"not_picked":["PiercingWail","Deadly Poison"],"picked":"Flying Knee+1","floor":97},{"not_picked":["Backflip","Prepared"],"picked":"Bullet Time","floor":98},{"not_picked":["Slice+1","Cloak And Dagger"],"picked":"Calculated Gamble+1","floor":99},{"not_picked":["Die Die Die","After Image"],"picked":"Adrenaline","floor":101},{"not_picked":["Backflip","Sucker Punch"],"picked":"Dagger Throw","floor":103},{"not_picked":["Dagger Throw","Dagger Spray"],"picked":"Poisoned Stab","floor":104},{"not_picked":["Flying Knee","Bane"],"picked":"Dagger Throw","floor":107},{"not_picked":["Flechettes","PiercingWail"],"picked":"Heel Hook","floor":109},{"not_picked":["Tools of the Trade","Bane"],"picked":"All Out Attack","floor":111},{"not_picked":["All Out Attack","Choke"],"picked":"Deflect","floor":113},{"not_picked":["Choke","Dagger Spray"],"picked":"Endless Agony","floor":116},{"not_picked":["Unload","Burst"],"picked":"Bullet Time","floor":118},{"not_picked":["Masterful Stab","Bane"],"picked":"Quick Slash","floor":120},{"not_picked":["Choke","Riddle With Holes"],"picked":"Backflip","floor":124},{"not_picked":["Underhanded Strike","Setup"],"picked":"Quick Slash","floor":125},{"not_picked":["Caltrops","Blur"],"picked":"Terror","floor":126},{"not_picked":["Deadly Poison+1","Noxious Fumes"],"picked":"Well Laid Plans+1","floor":127},{"not_picked":["Caltrops","Prepared+1"],"picked":"Doppelganger","floor":128},{"not_picked":["Outmaneuver+1","Bane"],"picked":"Cloak And Dagger","floor":129},{"not_picked":["Prepared","Noxious Fumes"],"picked":"Dagger Spray","floor":130},{"not_picked":["Riddle With Holes","Unload"],"picked":"Noxious Fumes","floor":131},{"not_picked":["Flying Knee+1","Reflex"],"picked":"Outmaneuver+1","floor":132},{"not_picked":["Expertise","Quick Slash"],"picked":"Backstab+1","floor":133},{"not_picked":["Unload","Glass Knife"],"picked":"Bullet Time","floor":135},{"not_picked":["Well Laid Plans+1","Escape Plan+1"],"picked":"Acrobatics+1","floor":137},{"not_picked":["Underhanded Strike+1","Bouncing Flask"],"picked":"Footwork+1","floor":139},{"not_picked":["Bane+1","Slice"],"picked":"Finisher","floor":141},{"not_picked":["Outmaneuver+1","Escape Plan"],"picked":"Leg Sweep+1","floor":142},{"not_picked":["Quick Slash+1","Flying Knee"],"picked":"Dagger Spray","floor":144},{"not_picked":["Poisoned Stab","Finisher+1"],"picked":"Phantasmal Killer","floor":145}],"player_experience":144604,"relics_obtained":[{"floor":8,"key":"Vajra"},{"floor":9,"key":"Happy Flower"},{"floor":10,"key":"Ice Cream"},{"floor":25,"key":"Tough Bandages"},{"floor":26,"key":"Snake Skull"},{"floor":40,"key":"Letter Opener"},{"floor":43,"key":"Singing Bowl"},{"floor":45,"key":"Sundial"},{"floor":60,"key":"Pear"},{"floor":121,"key":"Necronomicon"},{"floor":139,"key":"The Specimen"}],"event_choices":[{"event_name":"Big Fish","player_choice":"Box","floor":2,"damage_taken":0},{"event_name":"The Cleric","player_choice":"Card Removal","floor":4,"damage_taken":0},{"event_name":"Vampires","player_choice":"Ignored","floor":22,"damage_taken":0},{"event_name":"The Library","player_choice":"Heal","floor":24,"damage_taken":0},{"event_name":"Falling","player_choice":"Removed Skill","floor":36,"damage_taken":0},{"event_name":"World of Goop","player_choice":"Left","floor":53,"damage_taken":0},{"event_name":"Scrap Ooze","player_choice":"success","floor":56,"damage_taken":12},{"event_name":"Vampires","player_choice":"Ignored","floor":72,"damage_taken":0},{"event_name":"Addict","player_choice":"Obtained Relic","floor":73,"damage_taken":0},{"event_name":"Falling","player_choice":"Removed Skill","floor":88,"damage_taken":0},{"event_name":"Winding Halls","player_choice":"Writhe","floor":93,"damage_taken":0},{"event_name":"Scrap Ooze","player_choice":"success","floor":106,"damage_taken":3},{"event_name":"Cursed Tome","player_choice":"Obtained Book","floor":121,"damage_taken":0},{"event_name":"Vampires","player_choice":"Ignored","floor":123,"damage_taken":0},{"event_name":"Tomb of Lord Red Mask","player_choice":"Ignored","floor":138,"damage_taken":0},{"event_name":"MindBloom","player_choice":"Fight","floor":139,"damage_taken":0},{"event_name":"Winding Halls","player_choice":"Embrace Madness","floor":147,"damage_taken":0}],"boss_relics":[{"not_picked":["Runic Dome","Calling Bell"],"picked":"Runic Pyramid"},{"not_picked":["Philosopher\u0027s Stone","Cursed Key"],"picked":"Tiny House"},{"not_picked":["Sozu","Empty Cage"],"picked":"Orrery"},{"not_picked":["VoidEssence"],"picked":"Scatterbrain"},{"not_picked":["GraspOfShadows"],"picked":"TwistingMind"},{"not_picked":["BlightedDurian"],"picked":"Scatterbrain"},{"not_picked":["GraspOfShadows"],"picked":"Accursed"},{"not_picked":["GraspOfShadows"],"picked":"Scatterbrain"}],"items_purged_floors":[],"is_endless":true,"potions_floor_spawned":[3,5,12,14,19,25,31,33,38,42,46,52,58,65,69,76,78,79,80,90,92,96,97,101,103,104,113,118,126,127,129,131,133,137,145],"killed_by":"Transient","ascension_level":0}