{"path_per_floor":["M","?","$","M","$","E","M","R","T","M","E","R","M","M","R","B",null,"M","?","T","M","M","R","E","R","T","R","M","?","R","E","R","B",null,"M","?","T","M","M","E","M","M","T"],"character_chosen":"IRONCLAD","items_purchased":["Double Tap"],"gold_per_floor":[117,67,67,80,2,27,43,43,43,61,89,89,100,110,110,213,213,233,233,233,243,257,257,284,284,284,284,298,298,298,325,325,426,426,446,446,446,462,477,503,523,533,563,563],"floor_reached":44,"campfire_rested":0,"playtime":1925,"current_hp_per_floor":[77,77,77,77,77,63,63,63,63,55,49,49,45,45,45,7,94,94,94,94,94,94,94,76,76,76,76,66,65,65,65,65,56,65,47,47,47,46,49,33,12,15,15,0],"items_purged":[],"gold":563,"score":541,"play_id":"3c9ac0c8-1082-475e-ac18-59c9181415ff","local_time":"20180322231354","is_prod":false,"is_daily":false,"is_ascension_mode":false,"campfire_upgraded":5,"timestamp":1521785634,"path_taken":["M","?","$","M","?","E","M","R","T","M","E","R","M","M","R","BOSS","M","?","?","M","M","R","E","R","T","R","?","?","R","E","R","BOSS","M","?","?","M","?","E","?","M","T","M"],"build_version":"2018-03-22","purchased_purges":0,"victory":false,"master_deck":["Defend_R","Defend_R","Bash+1","Flex+1","Dropkick+1","Thunderclap","Inflame","Double Tap+1","Thunderclap","Iron Wave","Ghostly Armor","Infernal Blade+1","Pommel Strike","Whirlwind+1","Battle Trance","Dropkick+1","Bloodletting+1","Flex+1","Bite","Bite","Bite+1","Bite+1","Bite","Infernal Blade+1","Demon Form","Twin Strike+1","Offering","Twin Strike+1","Clash","Flex+1","Pommel Strike+1"],"max_hp_per_floor":[80,80,80,80,80,94,94,94,94,94,94,94,94,94,94,94,94,94,94,94,94,94,94,94,94,94,94,94,65,65,65,65,65,65,65,65,65,65,65,65,65,65,65,65],"relics":["Mango","Girya","Lantern","Mark of Pain","Nloth\u0027s Gift","Ice Cream","Self Forming Clay","Shovel","Pen Nib","Velvet Choker","Happy Flower","Matryoshka","Whetstone","Tiny Chest"],"card_choices":[{"not_picked":["Intimidate","Wild Strike"],"picked":"Thunderclap","floor":1},{"not_picked":["Dual Wield","Rupture"],"picked":"Inflame","floor":4},{"not_picked":["Feed","Armaments"],"picked":"Thunderclap","floor":6},{"not_picked":["Warcry","Armaments"],"picked":"Iron Wave","floor":7},{"not_picked":["Perfected Strike","Rampage"],"picked":"Ghostly Armor","floor":10},{"not_picked":["Thunderclap","True Grit"],"picked":"Infernal Blade","floor":11},{"not_picked":["Shrug It Off","Warcry"],"picked":"Pommel Strike","floor":13},{"not_picked":["Flame Barrier","Second Wind"],"picked":"Whirlwind","floor":14},{"not_picked":["Clash","Cleave"],"picked":"Battle Trance","floor":18},{"not_picked":["Warcry","Rage"],"picked":"Dropkick","floor":21},{"not_picked":["Evolve","Iron Wave"],"picked":"Bloodletting","floor":22},{"not_picked":["Body Slam","Brutality"],"picked":"Flex","floor":24},{"not_picked":["Corruption","Wild Strike"],"picked":"Infernal Blade","floor":31},{"not_picked":["Dark Embrace","Berserk"],"picked":"Demon Form","floor":33},{"not_picked":["Body Slam","Pommel Strike"],"picked":"Twin Strike","floor":35},{"not_picked":["Clash","Iron Wave"],"picked":"Twin Strike","floor":38},{"not_picked":["Bloodletting","Juggernaut"],"picked":"Clash","floor":39},{"not_picked":["Seeing Red","Warcry"],"picked":"Flex","floor":40},{"not_picked":["Twin Strike","Brutality"],"picked":"Pommel Strike","floor":41}],"player_experience":21441,"potions_floor_usage":[11,13,16,22,24,31,31,40,42,44],"damage_taken":[{"damage":3,"enemies":"Small Slimes","floor":1,"turns":2},{"damage":0,"enemies":"2 Louse","floor":4,"turns":1},{"damage":28,"enemies":"Gremlin Nob","floor":6,"turns":4},{"damage":0,"enemies":"Cultist","floor":7,"turns":2},{"damage":8,"enemies":"Exordium Thugs","floor":10,"turns":3},{"damage":6,"enemies":"Lagavulin","floor":11,"turns":4},{"damage":4,"enemies":"3 Louse","floor":13,"turns":3},{"damage":0,"enemies":"Lots of Slimes","floor":14,"turns":3},{"damage":50,"enemies":"The Guardian","floor":16,"turns":6},{"damage":0,"enemies":"Chosen","floor":18,"turns":3},{"damage":0,"enemies":"Spheric Guardian","floor":21,"turns":2},{"damage":0,"enemies":"3 Cultists","floor":22,"turns":2},{"damage":18,"enemies":"Book of Stabbing","floor":24,"turns":3},{"damage":10,"enemies":"Slaver and Parasite","floor":28,"turns":3},{"damage":0,"enemies":"Slavers","floor":31,"turns":1},{"damage":12,"enemies":"Champ","floor":33,"turns":4},{"damage":18,"enemies":"3 Darklings","floor":35,"turns":2},{"damage":3,"enemies":"3 Shapes","floor":38,"turns":2},{"damage":9,"enemies":"Sphere and 2 Shapes","floor":39,"turns":3},{"damage":18,"enemies":"2 Orb Walkers","floor":40,"turns":2},{"damage":29,"enemies":"Maw","floor":41,"turns":5},{"damage":7,"enemies":"3 Darklings","floor":42,"turns":4},{"damage":34,"enemies":"4 Shapes","floor":44,"turns":5}],"event_choices":[{"event_name":"The Cleric","player_choice":"Card Removal","floor":2,"damage_taken":0},{"event_name":"N\u0027loth","player_choice":"Traded a Astrolabe","floor":19,"damage_taken":0},{"event_name":"Vampires","player_choice":"Became a vampire","floor":29,"damage_taken":0},{"event_name":"Transmorgrifier","player_choice":"Transform","floor":36,"damage_taken":0}],"boss_relics":[{"not_picked":["Lizard Tail","Calling Bell"],"picked":"Mark of Pain"},{"not_picked":["Philosopher\u0027s Stone","White Beast Statue"],"picked":"Velvet Choker"}],"potions_floor_spawned":[6,7,14,16,18,24,28,33,35,39,40,42],"seed_played":"-5750403054165575409","killed_by":"4 Shapes","ascension_level":0,"is_trial":false}