{"gold_per_floor":[111,111,111,128,146,175,175,238,238,251,251,251,266,282,282,381,381,395,413,338,351,369,398,413,413,413,413,423,423,437,226,226,226],"floor_reached":33,"playtime":2045,"items_purged":["Defend_B"],"score":271,"play_id":"6577e5f4-f965-4de5-b886-42ee98e181d4","local_time":"20181027100046","is_ascension_mode":false,"campfire_choices":[{"data":"Pain","floor":7,"key":"PURGE"},{"floor":11,"key":"REST"},{"data":"Strike_B","floor":15,"key":"PURGE"},{"floor":25,"key":"REST"},{"data":"Defend_B","floor":27,"key":"PURGE"},{"floor":32,"key":"REST"}],"neow_cost":"TEN_PERCENT_HP_LOSS","seed_source_timestamp":224651375874219,"circlet_count":0,"master_deck":["Strike_B","Defend_B","Zap","Dualcast","Storm","Conserve Battery","Ball Lightning","Defragment","Loop","Defragment","Chill","Force Field","Echo Form","Chaos","Rebound","Leap+1","Storm","Cold Snap","Ball Lightning","Redo","Creative AI"],"relics":["Cracked Core","WarpedTongs","Peace Pipe","Vajra","Mango","Cursed Key","Bag of Marbles"],"potions_floor_usage":[13,13,18,21,22,33,33,33],"damage_taken":[{"damage":6,"enemies":"2 Louse","floor":1,"turns":2},{"damage":5,"enemies":"Jaw Worm","floor":4,"turns":3},{"damage":8,"enemies":"Cultist","floor":5,"turns":4},{"damage":17,"enemies":"Gremlin Nob","floor":6,"turns":4},{"damage":16,"enemies":"3 Sentries","floor":8,"turns":5},{"damage":12,"enemies":"Looter","floor":10,"turns":3},{"damage":16,"enemies":"Exordium Thugs","floor":13,"turns":3},{"damage":0,"enemies":"2 Fungi Beasts","floor":14,"turns":3},{"damage":7,"enemies":"Hexaghost","floor":16,"turns":7},{"damage":9,"enemies":"Shell Parasite","floor":18,"turns":5},{"damage":12,"enemies":"Chosen","floor":19,"turns":4},{"damage":0,"enemies":"3 Cultists","floor":21,"turns":5},{"damage":4,"enemies":"Cultist and Chosen","floor":22,"turns":4},{"damage":33,"enemies":"Gremlin Leader","floor":23,"turns":6},{"damage":3,"enemies":"Centurion and Healer","floor":24,"turns":5},{"damage":21,"enemies":"Snake Plant","floor":28,"turns":3},{"damage":28,"enemies":"Shelled Parasite and Fungi","floor":30,"turns":4},{"damage":44,"enemies":"Collector","floor":33,"turns":6}],"seed_played":"-1646116636836079366","potions_obtained":[{"floor":1,"key":"PowerPotion"},{"floor":5,"key":"Poison Potion"},{"floor":6,"key":"GamblersBrew"},{"floor":13,"key":"Ancient Potion"},{"floor":18,"key":"Fire Potion"},{"floor":21,"key":"SkillPotion"},{"floor":23,"key":"EssenceOfSteel"},{"floor":28,"key":"Explosive Potion"}],"is_trial":false,"path_per_floor":["M","?","?","M","M","E","R","?","T","M","R","?","M","M","R","B",null,"M","M","?","M","M","E","M","R","T","R","M","T","M","$","R"],"character_chosen":"DEFECT","items_purchased":["Creative AI"],"campfire_rested":3,"item_purchase_floors":[31],"current_hp_per_floor":[62,67,67,62,54,37,37,21,35,23,49,49,33,33,33,26,87,78,66,66,66,62,29,26,52,52,52,31,31,3,3,29,0],"gold":226,"neow_bonus":"REMOVE_TWO","is_prod":false,"is_daily":false,"chose_seed":false,"campfire_upgraded":0,"win_rate":0,"timestamp":1540659646,"path_taken":["M","?","?","?","M","E","R","?","T","M","R","?","M","M","R","BOSS","M","M","?","M","M","E","?","R","T","R","?","?","M","?","R","BOSS"],"build_version":"2018-10-25v2","purchased_purges":1,"victory":false,"max_hp_per_floor":[68,73,73,73,73,73,73,73,87,87,87,87,87,87,87,87,87,87,87,87,87,87,87,87,87,87,87,87,87,87,87,87,87],"card_choices":[{"not_picked":["Sunder","Stack"],"picked":"Storm","floor":1},{"not_picked":["Reprogram","Undo"],"picked":"Conserve Battery","floor":4},{"not_picked":["Redo","Gash"],"picked":"Ball Lightning","floor":5},{"not_picked":["Force Field","Multi-Cast"],"picked":"Defragment","floor":6},{"not_picked":["Aggregate","Tempest"],"picked":"Loop","floor":8},{"not_picked":["Hologram","FTL"],"picked":"Defragment","floor":10},{"not_picked":["Auto Shields","BootSequence"],"picked":"Chill","floor":13},{"not_picked":["Recycle","Conserve Battery"],"picked":"Force Field","floor":14},{"not_picked":["Multi-Cast","Meteor Strike"],"picked":"Echo Form","floor":16},{"not_picked":["Consume+1","Coolheaded","Barrage"],"picked":"SKIP","floor":18},{"not_picked":["FTL","Coolheaded"],"picked":"Chaos","floor":19},{"not_picked":["Leap","Steam Power"],"picked":"Rebound","floor":21},{"not_picked":["Genetic Algorithm","Meteor Strike"],"picked":"Leap+1","floor":22},{"not_picked":["Coolheaded","Go for the Eyes"],"picked":"Storm","floor":23},{"not_picked":["Go for the Eyes+1","Rebound"],"picked":"Cold Snap","floor":24},{"not_picked":["Beam Cell+1","Skim"],"picked":"Ball Lightning","floor":28},{"not_picked":["Streamline","Self Repair"],"picked":"Redo","floor":30}],"player_experience":105511,"relics_obtained":[{"floor":6,"key":"Peace Pipe"},{"floor":8,"key":"Vajra"},{"floor":9,"key":"Mango"},{"floor":23,"key":"Bag of Marbles"}],"event_choices":[{"damage_healed":0,"gold_gain":0,"player_choice":"Donut","damage_taken":0,"max_hp_gain":5,"max_hp_loss":0,"event_name":"Big Fish","floor":2,"gold_loss":0},{"damage_healed":0,"gold_gain":0,"player_choice":"Rummage","damage_taken":0,"relics_obtained":["WarpedTongs"],"max_hp_gain":0,"max_hp_loss":0,"event_name":"Accursed Blacksmith","floor":3,"gold_loss":0,"cards_obtained":["Pain"]},{"damage_healed":0,"gold_gain":0,"player_choice":"Searched \u00271\u0027 times","damage_taken":0,"max_hp_gain":0,"max_hp_loss":0,"event_name":"Dead Adventurer","floor":8,"gold_loss":0},{"damage_healed":0,"gold_gain":0,"player_choice":"Bought 0 Potions","damage_taken":0,"max_hp_gain":0,"max_hp_loss":0,"event_name":"The Woman in Blue","floor":12,"gold_loss":0},{"cards_removed":["Strike_B"],"damage_healed":0,"gold_gain":0,"player_choice":"Gave Gold","damage_taken":0,"max_hp_gain":0,"max_hp_loss":0,"event_name":"Beggar","floor":20,"gold_loss":75}],"is_beta":false,"boss_relics":[{"not_picked":["Black Star","FrozenCore"],"picked":"Cursed Key"}],"items_purged_floors":[31],"is_endless":false,"potions_floor_spawned":[1,5,6,13,18,21,23,28],"killed_by":"Collector","ascension_level":0}