{"gold_per_floor":[111,111,124,140,160,192,210,223,223,236,236,246,246,22,22,122,122,134,134,104],"floor_reached":20,"playtime":952,"items_purged":[],"score":239,"play_id":"8cbeb5f7-8485-4e64-9283-7762d01c519f","local_time":"20190317190343","is_ascension_mode":true,"campfire_choices":[{"floor":11,"key":"REST"},{"floor":13,"key":"REST"},{"floor":15,"key":"REST"}],"neow_cost":"NONE","seed_source_timestamp":102256603899164,"circlet_count":0,"master_deck":["Zap+1","Dualcast","Ball Lightning","Decay","Blizzard","Loop","Cold Snap","Cold Snap","Storm","Compile Driver","Heatsinks","Cold Snap","Defragment","Amplify","Multi-Cast","Genetic Algorithm","Double Energy","Recycle","Seek","Hologram","Auto Shields","Streamline","Static Discharge","Defragment+1","Bite","Bite","Bite","Bite","Bite"],"relics":["Cracked Core","Vajra","Anchor","Dream Catcher","Pandora\u0027s Box"],"potions_floor_usage":[5,8,8],"damage_taken":[{"damage":1,"enemies":"2 Louse","floor":1,"turns":3},{"damage":1,"enemies":"Cultist","floor":3,"turns":3},{"damage":7,"enemies":"Jaw Worm","floor":4,"turns":3},{"damage":0,"enemies":"Blue Slaver","floor":5,"turns":1},{"damage":39,"enemies":"Gremlin Nob","floor":6,"turns":5},{"damage":3,"enemies":"Gremlin Gang","floor":7,"turns":5},{"damage":19,"enemies":"Exordium Thugs","floor":8,"turns":4},{"damage":8,"enemies":"Blue Slaver","floor":10,"turns":3},{"damage":18,"enemies":"Large Slime","floor":12,"turns":4},{"damage":52,"enemies":"The Guardian","floor":16,"turns":12},{"damage":31,"enemies":"3 Byrds","floor":18,"turns":4},{"damage":10,"enemies":"2 Thieves","floor":20,"turns":2}],"seed_played":"4716458788272231732","potions_obtained":[{"floor":1,"key":"Regen Potion"},{"floor":3,"key":"Fire Potion"},{"floor":5,"key":"FocusPotion"},{"floor":10,"key":"SmokeBomb"},{"floor":16,"key":"Dexterity Potion"}],"is_trial":false,"path_per_floor":["M","?","M","M","M","E","M","M","T","M","R","M","R","$","R","B",null,"M","?","M"],"character_chosen":"DEFECT","items_purchased":["Defragment","Dream Catcher"],"campfire_rested":3,"item_purchase_floors":[14,14],"current_hp_per_floor":[74,74,73,66,66,27,24,17,17,9,31,13,35,35,57,5,75,44,44,34],"gold":104,"neow_bonus":"UPGRADE_CARD","is_prod":false,"is_daily":false,"chose_seed":false,"campfire_upgraded":0,"win_rate":0,"timestamp":1552874623,"path_taken":["M","?","M","M","M","E","M","M","T","?","R","M","R","$","R","BOSS","M","?","M"],"build_version":"2019-01-23","purchased_purges":0,"victory":false,"max_hp_per_floor":[75,75,75,75,75,75,75,75,75,75,75,75,75,75,75,75,75,75,52,52],"card_choices":[{"not_picked":["Capacitor","Skim"],"picked":"Ball Lightning","floor":1},{"not_picked":["Coolheaded","Doom and Gloom"],"picked":"Blizzard","floor":3},{"not_picked":["Barrage","Sweeping Beam"],"picked":"Loop","floor":4},{"not_picked":["Barrage","Coolheaded"],"picked":"Cold Snap","floor":5},{"not_picked":["Coolheaded","Auto Shields"],"picked":"Cold Snap","floor":6},{"not_picked":["Streamline","Force Field"],"picked":"Storm","floor":7},{"not_picked":["Rip and Tear","Undo"],"picked":"Compile Driver","floor":8},{"not_picked":["Skim","Conserve Battery"],"picked":"Heatsinks","floor":10},{"not_picked":["Barrage","Coolheaded"],"picked":"Cold Snap","floor":12},{"not_picked":["Gash","Go for the Eyes"],"picked":"Amplify","floor":15},{"not_picked":["Seek","Core Surge"],"picked":"Multi-Cast","floor":16},{"not_picked":["Redo+1","Capacitor"],"picked":"Defragment+1","floor":18}],"player_experience":193970,"relics_obtained":[{"floor":6,"key":"Vajra"},{"floor":9,"key":"Anchor"}],"event_choices":[{"damage_healed":0,"gold_gain":0,"player_choice":"Cursed","damage_taken":0,"max_hp_gain":0,"max_hp_loss":0,"event_name":"Wheel of Change","floor":2,"gold_loss":0,"cards_obtained":["Decay"]},{"damage_healed":0,"gold_gain":0,"player_choice":"Became a vampire","damage_taken":0,"max_hp_gain":0,"max_hp_loss":23,"event_name":"Vampires","floor":19,"gold_loss":0,"cards_obtained":["Bite","Bite","Bite","Bite","Bite"]}],"is_beta":false,"boss_relics":[{"not_picked":["White Beast Statue","Coffee Dripper"],"picked":"Pandora\u0027s Box"}],"items_purged_floors":[],"is_endless":false,"potions_floor_spawned":[1,3,5,10,16],"killed_by":"2 Thieves","ascension_level":4}