{"gold_per_floor":[116,134,148,148,148,148,178,178],"floor_reached":8,"playtime":501,"items_purged":[],"score":90,"play_id":"63b8c7c1-50c9-41f8-b849-08a52aa9cc23","local_time":"20190526050747","is_ascension_mode":true,"campfire_choices":[{"data":"Zap","floor":6,"key":"SMITH"}],"neow_cost":"CURSE","seed_source_timestamp":306800722913232,"circlet_count":0,"master_deck":["AscendersBane","Strike_B","Strike_B","Strike_B","Strike_B","Defend_B","Defend_B","Defend_B","Defend_B","Zap+1","Dualcast","Writhe","Leap","Compile Driver","Regret","Pain","Undo"],"relics":["Cracked Core","Nunchaku","PreservedInsect","WarpedTongs","Pocketwatch"],"potions_floor_usage":[8],"damage_taken":[{"damage":1,"enemies":"Cultist","floor":1,"turns":4},{"damage":0,"enemies":"2 Louse","floor":2,"turns":3},{"damage":0,"enemies":"Small Slimes","floor":3,"turns":4},{"damage":35,"enemies":"Gremlin Nob","floor":7,"turns":4},{"damage":34,"enemies":"Exordium Thugs","floor":8,"turns":6}],"seed_played":"-6952281834406797544","potions_obtained":[{"floor":3,"key":"Swift Potion"}],"is_trial":false,"path_per_floor":["M","M","M","?","?","R","E","M"],"character_chosen":"DEFECT","items_purchased":[],"campfire_rested":0,"item_purchase_floors":[],"current_hp_per_floor":[67,67,67,67,67,67,32,0],"gold":178,"neow_bonus":"ONE_RARE_RELIC","is_prod":false,"is_daily":false,"chose_seed":false,"campfire_upgraded":1,"win_rate":0,"timestamp":1558836467,"path_taken":["M","M","?","?","?","R","E","?"],"build_version":"2019-01-23","purchased_purges":0,"victory":false,"max_hp_per_floor":[75,75,75,75,75,75,75,75],"card_choices":[{"not_picked":["Beam Cell","Barrage"],"picked":"Leap","floor":1},{"not_picked":["Fusion","Stack","Reprogram"],"picked":"SKIP","floor":2},{"not_picked":["Stack","Go for the Eyes"],"picked":"Compile Driver","floor":3},{"not_picked":["Steam","Scrape"],"picked":"Undo","floor":7}],"player_experience":530778,"relics_obtained":[{"floor":7,"key":"Pocketwatch"}],"event_choices":[{"damage_healed":0,"gold_gain":0,"player_choice":"Box","damage_taken":0,"relics_obtained":["PreservedInsect"],"max_hp_gain":0,"max_hp_loss":0,"event_name":"Big Fish","floor":4,"gold_loss":0,"cards_obtained":["Regret"]},{"damage_healed":0,"gold_gain":0,"player_choice":"Rummage","damage_taken":0,"relics_obtained":["WarpedTongs"],"max_hp_gain":0,"max_hp_loss":0,"event_name":"Accursed Blacksmith","floor":5,"gold_loss":0,"cards_obtained":["Pain"]}],"is_beta":false,"boss_relics":[],"items_purged_floors":[],"is_endless":false,"potions_floor_spawned":[3],"killed_by":"Exordium Thugs","ascension_level":12}