{"gold_per_floor":[16,32,32,32,32,32,52,382,408,438,458,486,501,223,223,327,327,338,10,10,30,30,43,43,43,70,36,49,65,65,100,100,100],"floor_reached":33,"playtime":2135,"items_purged":[],"score":400,"play_id":"bebd336a-beee-4c3f-90ef-4c7e5d9850cf","local_time":"20181007233548","is_ascension_mode":true,"campfire_choices":[{"floor":6,"key":"REST"},{"floor":15,"key":"REST"},{"data":"Caltrops","floor":24,"key":"SMITH"},{"floor":30,"key":"REST"},{"data":"Caltrops","floor":32,"key":"SMITH"}],"neow_cost":"NO_GOLD","seed_source_timestamp":2612896649200,"circlet_count":0,"master_deck":["Defend_G","Defend_G","Defend_G","Defend_G","Defend_G","Strike_G","Strike_G","Strike_G","Strike_G","Strike_G","Survivor","Neutralize","Infinite Blades","Sucker Punch","Caltrops+1","Choke","Backstab","Prepared","Cloak And Dagger","PiercingWail","PiercingWail","Deflect","Caltrops+1","Storm of Steel","Dagger Spray","Terror+1","Backstab","Blade Dance","Underhanded Strike+1","RitualDagger","Calculated Gamble","Dagger Spray","Escape Plan","Dagger Spray","Dagger Spray+1","Slice+1","Sucker Punch","Cloak And Dagger+1"],"relics":["Ring of the Snake","Tough Bandages","Blood Vial","Potion Belt","Spirit Poop","Old Coin","Strawberry","Bag of Preparation","Prayer Wheel","Boot","White Beast Statue","Dead Branch","Pear","Vajra","Omamori"],"potions_floor_usage":[12,12,12,16,21,28,29,31,31,33],"damage_taken":[{"damage":0,"enemies":"Small Slimes","floor":1,"turns":4},{"damage":3,"enemies":"2 Louse","floor":2,"turns":3},{"damage":5,"enemies":"Jaw Worm","floor":7,"turns":4},{"damage":17,"enemies":"Gremlin Nob","floor":8,"turns":5},{"damage":31,"enemies":"3 Sentries","floor":10,"turns":7},{"damage":6,"enemies":"3 Louse","floor":11,"turns":4},{"damage":9,"enemies":"Gremlin Nob","floor":12,"turns":5},{"damage":5,"enemies":"Gremlin Gang","floor":13,"turns":5},{"damage":34,"enemies":"The Guardian","floor":16,"turns":13},{"damage":2,"enemies":"3 Byrds","floor":18,"turns":1},{"damage":6,"enemies":"Chosen","floor":21,"turns":2},{"damage":20,"enemies":"Centurion and Healer","floor":23,"turns":5},{"damage":0,"enemies":"Cultist and Chosen","floor":28,"turns":2},{"damage":3,"enemies":"Snake Plant","floor":29,"turns":3},{"damage":0,"enemies":"Gremlin Leader","floor":31,"turns":4},{"damage":76,"enemies":"Collector","floor":33,"turns":6}],"seed_played":"-7927916068103980130","potions_obtained":[{"floor":1,"key":"Block Potion"},{"floor":2,"key":"Dexterity Potion"},{"floor":7,"key":"SmokeBomb"},{"floor":11,"key":"Dexterity Potion"},{"floor":12,"key":"Weak Potion"},{"floor":18,"key":"PowerPotion"},{"floor":21,"key":"Fire Potion"},{"floor":23,"key":"Swift Potion"},{"floor":28,"key":"GhostInAJar"},{"floor":29,"key":"Energy Potion"},{"floor":31,"key":"FearPotion"}],"is_trial":false,"path_per_floor":["M","M","?","?","?","R","M","E","T","E","M","E","M","$","R","B",null,"M","$","?","M","?","M","R","?","T","$","M","M","R","E","R"],"character_chosen":"THE_SILENT","items_purchased":["Boot","Deflect","Caltrops","Dead Branch","Backstab","Escape Plan"],"campfire_rested":3,"item_purchase_floors":[14,14,14,19,19,27],"current_hp_per_floor":[70,67,67,49,49,70,65,50,57,28,24,17,14,14,37,5,77,75,75,85,81,75,57,57,40,40,40,42,41,68,70,70,0],"gold":100,"neow_bonus":"ONE_RARE_RELIC","is_prod":false,"is_daily":false,"chose_seed":false,"campfire_upgraded":2,"win_rate":0,"timestamp":1538948148,"path_taken":["M","M","?","?","?","R","M","E","T","E","M","E","M","$","R","BOSS","M","$","?","M","?","M","R","?","T","$","M","M","R","E","R","BOSS"],"build_version":"2018-10-04v2","purchased_purges":0,"victory":false,"max_hp_per_floor":[70,70,70,70,70,70,70,70,77,77,77,77,77,77,77,77,77,77,77,87,87,87,87,87,92,92,92,92,92,92,92,92,92],"card_choices":[{"not_picked":["Caltrops","Masterful Stab"],"picked":"Infinite Blades","floor":1},{"not_picked":["Bane","Dagger Spray"],"picked":"Sucker Punch","floor":2},{"not_picked":["Predator","Acrobatics"],"picked":"Caltrops","floor":7},{"not_picked":["Escape Plan","Catalyst"],"picked":"Choke","floor":8},{"not_picked":["Poisoned Stab","Flying Knee"],"picked":"Backstab","floor":10},{"not_picked":["Envenom","Acrobatics"],"picked":"Prepared","floor":11},{"not_picked":["Choke","Caltrops"],"picked":"Cloak And Dagger","floor":12},{"not_picked":["Dodge and Roll","Endless Agony"],"picked":"PiercingWail","floor":13},{"not_picked":["Dagger Throw","Bane"],"picked":"PiercingWail","floor":13},{"not_picked":["Die Die Die","Doppelganger"],"picked":"Storm of Steel","floor":16},{"not_picked":["Noxious Fumes","Acrobatics"],"picked":"Dagger Spray","floor":18},{"not_picked":["Backstab+1","Escape Plan"],"picked":"Terror+1","floor":18},{"not_picked":["Bane","Underhanded Strike"],"picked":"Blade Dance","floor":21},{"not_picked":["Quick Slash","Outmaneuver"],"picked":"Underhanded Strike+1","floor":21},{"not_picked":["Deadly Poison","Dagger Spray"],"picked":"Calculated Gamble","floor":23},{"not_picked":["Bane","Glass Knife"],"picked":"Dagger Spray","floor":23},{"not_picked":["Expertise","Poisoned Stab+1"],"picked":"Dagger Spray","floor":28},{"not_picked":["Poisoned Stab","Reflex"],"picked":"Dagger Spray+1","floor":28},{"not_picked":["Calculated Gamble+1","Flechettes"],"picked":"Slice+1","floor":29},{"not_picked":["Crippling Poison","Outmaneuver"],"picked":"Sucker Punch","floor":29},{"not_picked":["All Out Attack","Skewer+1"],"picked":"Cloak And Dagger+1","floor":31}],"player_experience":241708,"relics_obtained":[{"floor":8,"key":"Old Coin"},{"floor":9,"key":"Strawberry"},{"floor":10,"key":"Bag of Preparation"},{"floor":12,"key":"Prayer Wheel"},{"floor":26,"key":"Vajra"},{"floor":31,"key":"Omamori"}],"event_choices":[{"event_name":"Big Fish","player_choice":"Box","floor":3,"damage_taken":0},{"event_name":"Scrap Ooze","player_choice":"success","floor":4,"damage_taken":18},{"event_name":"Bonfire Elementals","player_choice":"CURSE","floor":5,"damage_taken":0},{"event_name":"The Mausoleum","player_choice":"Yes","floor":20,"damage_taken":0},{"event_name":"Nest","player_choice":"Joined the Cult","floor":22,"damage_taken":0},{"event_name":"Forgotten Altar","player_choice":"Shed Blood","floor":25,"damage_taken":0}],"is_beta":false,"boss_relics":[{"not_picked":["Philosopher\u0027s Stone","Snecko Eye"],"picked":"White Beast Statue"}],"items_purged_floors":[],"is_endless":false,"potions_floor_spawned":[1,2,7,11,12,18,21,23,28,29,31],"killed_by":"Collector","ascension_level":1}