{"path_per_floor":["M","?","?","$","M","E","R","E","T","M","M","M","E","$","R","B",null,"M","M","?","?","M","R","E","R","T","E","M","$","?","M","R"],"character_chosen":"IRONCLAD","items_purchased":["Flex","Sever Soul","Panache","Membership Card","Pen Nib"],"gold_per_floor":[115,115,115,29,48,73,73,105,150,162,175,187,212,33,33,132,132,145,155,155,186,201,201,266,266,289,314,330,17,17,31,31],"floor_reached":33,"campfire_rested":3,"playtime":2697,"current_hp_per_floor":[96,106,99,99,93,73,73,51,51,57,52,51,43,43,43,34,106,92,73,51,18,17,50,36,69,76,53,14,14,14,19,54],"items_purged":[],"gold":31,"score":355,"play_id":"445b904b-4e2e-49fb-821a-18ca1d0e25fd","is_prod":false,"is_daily":false,"is_ascension_mode":false,"campfire_upgraded":1,"path_taken":["M","?","?","$","M","E","R","E","T","?","M","M","E","$","R","BOSS","M","M","?","?","M","R","E","R","T","E","M","$","?","M","R","BOSS"],"build_version":"2018-02-08-BETA1","purchased_purges":0,"victory":false,"master_deck":["Strike_R","Strike_R","Strike_R","Strike_R","Strike_R","Defend_R","Defend_R","Defend_R","Defend_R","Bash","Thunderclap","Flex+1","Sever Soul","Dropkick","Anger","Juggernaut","Warcry","Pommel Strike","Iron Wave","Inflame","Panache","Bludgeon","Clumsy","Decay","Clumsy","Reckless Charge+1","Heavy Blade","Berserk","Flame Barrier","Headbutt+1","Reckless Charge+1","Barricade+1","Second Wind+1"],"max_hp_per_floor":[96,106,106,106,106,106,106,106,106,106,106,106,106,106,106,106,106,106,106,111,111,111,111,111,111,118,118,118,118,118,118,118],"relics":["Burning Blood","Pear","Gremlin Horn","Torii","Lantern","Girya","Calling Bell","Bronze Scales","Juzu Bracelet","Prayer Wheel","Red Mask","Tiny Chest","Strawberry","Frozen Egg 2","Membership Card","Pen Nib","Mercury Hourglass"],"card_choices":[{"not_picked":["Pommel Strike","Whirlwind"],"picked":"Thunderclap"},{"not_picked":["Body Slam","Uppercut"],"picked":"Dropkick"},{"not_picked":["Corruption","Heavy Blade"],"picked":"Anger"},{"not_picked":["Flex","Warcry"],"picked":"Juggernaut"},{"not_picked":["Body Slam","Perfected Strike"],"picked":"Warcry"},{"not_picked":["Thunderclap","Brutality"],"picked":"Pommel Strike"},{"not_picked":["Cleave","Perfected Strike"],"picked":"Iron Wave"},{"not_picked":["Sword Boomerang","Body Slam"],"picked":"Inflame"},{"not_picked":["Offering","Brutality"],"picked":"Bludgeon"},{"not_picked":["Heavy Blade","Flex"],"picked":"Reckless Charge"},{"not_picked":["Dual Wield","Armaments"],"picked":"Heavy Blade"},{"not_picked":["Uppercut","Rupture"],"picked":"Berserk"},{"not_picked":["Body Slam","Rupture"],"picked":"Flame Barrier"},{"not_picked":["Rupture","Corruption"],"picked":"Headbutt"},{"not_picked":["Rupture","Sever Soul"],"picked":"Reckless Charge"},{"not_picked":["Perfected Strike","Corruption"],"picked":"Barricade"},{"not_picked":["Anger","Heavy Blade"],"picked":"Second Wind"}],"player_experience":51179,"potions_floor_usage":[13,13,18,21,22,27,31,33],"damage_taken":[{"damage":2,"enemies":"2 Louse","floor":1,"turns":3},{"damage":12,"enemies":"Blue Slaver","floor":5,"turns":2},{"damage":26,"enemies":"Lagavulin","floor":6,"turns":5},{"damage":28,"enemies":"3 Sentries","floor":8,"turns":8},{"damage":0,"enemies":"Small Slimes","floor":10,"turns":2},{"damage":11,"enemies":"Looter","floor":11,"turns":3},{"damage":7,"enemies":"3 Louse","floor":12,"turns":2},{"damage":14,"enemies":"Gremlin Nob","floor":13,"turns":3},{"damage":15,"enemies":"Hexaghost","floor":16,"turns":8},{"damage":20,"enemies":"3 Byrds","floor":18,"turns":3},{"damage":25,"enemies":"Chosen","floor":19,"turns":4},{"damage":39,"enemies":"Masked Bandits","floor":21,"turns":4},{"damage":16,"enemies":"Snecko","floor":22,"turns":5},{"damage":20,"enemies":"Gremlin Leader","floor":24,"turns":6},{"damage":29,"enemies":"Slavers","floor":27,"turns":6},{"damage":45,"enemies":"Centurion and Healer","floor":28,"turns":5},{"damage":1,"enemies":"Snake Plant","floor":31,"turns":4},{"damage":55,"enemies":"Collector","floor":33,"turns":5}],"event_choices":[{"event_name":"Accursed Blacksmith","player_choice":"Rummage","floor":2,"damage_taken":0},{"event_name":"Golden Wing","player_choice":"Card Removal","floor":3,"damage_taken":0},{"event_name":"Forgotten Altar","player_choice":"Shed Blood","floor":20,"damage_taken":0},{"event_name":"Masked Bandits","player_choice":"Fought over 155 gold","floor":21,"damage_taken":0},{"event_name":"The Mausoleum","player_choice":"Yes","floor":30,"damage_taken":0}],"boss_relics":[{"not_picked":["Velvet Choker","Tiny House"],"picked":"Calling Bell"}],"potions_floor_spawned":[8,11,12,16,18,21,22,31],"seed_played":"-6556405198112014187","killed_by":"Collector","ascension_level":0,"is_trial":false}