{"path_per_floor":["M","M","?","?","M","E","?","R","T","R","$","E","M","?","R","B",null,"M","M","?","M","?","E","?","M","T","E","$","?","$","M","R"],"character_chosen":"THE_SILENT","items_purchased":["Regen Potion","Bouncing Flask","Slice","Madness","Footwork","Pear"],"gold_per_floor":[117,128,128,128,138,464,464,464,464,464,145,180,195,195,195,294,294,308,325,325,337,262,287,287,306,331,364,42,42,42,58,58],"floor_reached":33,"campfire_rested":2,"playtime":4449,"current_hp_per_floor":[70,69,69,55,55,28,28,49,49,49,49,47,58,63,63,46,75,59,52,36,27,27,37,37,1,1,10,20,20,20,6,31],"items_purged":["Strike_G"],"gold":58,"score":318,"play_id":"c632324f-763d-4cc1-a7a9-3355d5a9e556","is_prod":false,"is_daily":false,"is_ascension_mode":false,"campfire_upgraded":2,"path_taken":["M","M","?","?","M","E","?","R","T","R","$","E","?","?","R","BOSS","M","M","?","M","?","E","?","M","T","E","$","?","$","?","R","BOSS"],"build_version":"2018-02-15-PROD1","purchased_purges":2,"victory":false,"master_deck":["Defend_G","Defend_G","Defend_G+1","Defend_G+1","Strike_G","Strike_G","Strike_G","Strike_G","Survivor","Neutralize","Prepared","Well Laid Plans","Venomology+1","Sucker Punch+1","Bouncing Flask","Slice","Madness+1","Leg Sweep","Slice","Bullet Time","Outmaneuver+1","Acrobatics","Night Terror","Backflip+1","Noxious Fumes","Escape Plan","Bouncing Flask+1","Footwork","Slice"],"max_hp_per_floor":[70,70,70,70,70,70,70,70,70,70,70,70,70,75,75,75,75,75,75,75,75,75,75,75,75,75,75,85,85,85,85,85],"relics":["Ring of the Snake","Old Coin","Toolbox","Bird Faced Urn","Lizard Tail","Enchiridion","Ninja Scroll","Blood Vial","Peace Pipe","Pear"],"card_choices":[{"not_picked":["Cloak And Dagger","Skewer"],"picked":"Prepared"},{"not_picked":["Acrobatics","Eviscerate"],"picked":"Well Laid Plans"},{"not_picked":["Escape Plan","Expertise"],"picked":"Venomology"},{"not_picked":["Quick Slash","Dodge and Roll"],"picked":"Sucker Punch"},{"not_picked":["Poisoned Stab","Distraction"],"picked":"Leg Sweep"},{"not_picked":["Leg Sweep","Bane"],"picked":"Slice"},{"not_picked":["Unload","Doppelganger"],"picked":"Bullet Time"},{"not_picked":["Dodge and Roll","Escape Plan"],"picked":"Outmaneuver"},{"not_picked":["Dodge and Roll","Prepared"],"picked":"Acrobatics"},{"not_picked":["Endless Agony","Dodge and Roll"],"picked":"Night Terror"},{"not_picked":["Caltrops","Choke"],"picked":"Backflip"},{"not_picked":["Calculated Gamble","PiercingWail"],"picked":"Escape Plan"},{"not_picked":["Reflex","Quick Slash"],"picked":"Bouncing Flask"},{"not_picked":["Dagger Spray","Deadly Poison"],"picked":"Slice"}],"player_experience":69600,"potions_floor_usage":[33,33],"damage_taken":[{"damage":0.0,"enemies":"Small Slimes","floor":1.0,"turns":4.0},{"damage":1.0,"enemies":"Cultist","floor":2.0,"turns":4.0},{"damage":0.0,"enemies":"2 Louse","floor":5.0,"turns":4.0},{"damage":27.0,"enemies":"3 Sentries","floor":6.0,"turns":14.0},{"damage":14.0,"enemies":"Gremlin Nob","floor":12.0,"turns":4.0},{"damage":0.0,"enemies":"Looter","floor":13.0,"turns":4.0},{"damage":19.0,"enemies":"Hexaghost","floor":16.0,"turns":15.0},{"damage":17.0,"enemies":"Chosen","floor":18.0,"turns":6.0},{"damage":9.0,"enemies":"Shell Parasite","floor":19.0,"turns":11.0},{"damage":11.0,"enemies":"Snecko","floor":21.0,"turns":6.0},{"damage":35.0,"enemies":"Slavers","floor":23.0,"turns":10.0},{"damage":42.0,"enemies":"3 Cultists","floor":25.0,"turns":9.0},{"damage":14.0,"enemies":"Book of Stabbing","floor":27.0,"turns":9.0},{"damage":26.0,"enemies":"Snake Plant","floor":31.0,"turns":6.0},{"damage":58,"enemies":"Automaton","floor":33,"turns":6}],"event_choices":[{"event_name":"The Lab","player_choice":"Got Potions","floor":3.0,"damage_taken":0.0},{"event_name":"Shining Light","player_choice":"Entered Light","floor":4.0,"damage_taken":0.0},{"event_name":"Living Wall","player_choice":"Grow","floor":7.0,"damage_taken":0.0},{"event_name":"Big Fish","player_choice":"Donut","floor":14.0,"damage_taken":0.0},{"event_name":"Cursed Tome","player_choice":"Obtained Book","floor":20.0,"damage_taken":0.0},{"event_name":"Beggar","player_choice":"Gave Gold","floor":22.0,"damage_taken":0.0},{"event_name":"The Library","player_choice":"Read","floor":24.0,"damage_taken":0.0},{"event_name":"Addict","player_choice":"Ignored","floor":29.0,"damage_taken":0.0}],"boss_relics":[],"potions_floor_spawned":[13,16,18,19,31],"seed_played":"4353390126365148706","killed_by":"Automaton","ascension_level":0,"is_trial":false}