{"path_per_floor":["M","M","?","M","M","E","R","M","T","E","?","M","E","M","R","B",null,"M","M","?","?","$","R","M","R","T","E","M","R","$","M","R","B",null,"M","M","?","?","M","R","E","R","T","M","?","M","M","$","R","B"],"character_chosen":"DEFECT","items_purchased":["Regal Pillow","Cables","FocusPotion"],"gold_per_floor":[110,130,130,143,161,193,193,209,209,243,243,253,279,295,295,400,400,413,433,433,356,133,133,144,144,144,173,187,187,87,97,97,195,195,209,228,228,228,247,247,282,282,282,302,302,318,335,20,20,20],"floor_reached":51,"campfire_rested":6,"playtime":3830,"item_purchase_floors":[],"current_hp_per_floor":[73,73,73,72,63,44,66,56,56,37,62,62,50,36,58,32,75,59,30,30,30,30,67,47,75,75,42,22,59,59,21,21,22,75,53,29,66,60,12,60,34,48,48,16,16,12,12,12,26,20],"items_purged":["Writhe","Writhe"],"gold":20,"score":788,"play_id":"3c4420ff-d663-4705-a1dc-cb009e8625fb","local_time":"20180526152632","is_prod":false,"is_daily":false,"chose_seed":false,"is_ascension_mode":true,"campfire_upgraded":0,"win_rate":0,"timestamp":1527337592,"campfire_choices":[{"floor":7.0,"key":"REST"},{"floor":15.0,"key":"REST"},{"floor":23.0,"key":"REST"},{"floor":25.0,"key":"REST"},{"floor":29.0,"key":"REST"},{"data":"1","floor":32.0,"key":"LIFT"},{"floor":40.0,"key":"REST"},{"data":"2","floor":42.0,"key":"LIFT"},{"data":"3","floor":49,"key":"LIFT"}],"path_taken":["M","M","?","M","M","E","R","M","T","E","?","M","E","?","R","BOSS","M","M","?","?","?","R","M","R","T","E","?","R","$","M","R","BOSS","M","M","?","?","M","R","E","R","T","M","?","M","M","$","R","BOSS"],"build_version":"2018-05-25","seed_source_timestamp":0,"purchased_purges":2,"victory":true,"master_deck":["Strike_B","Strike_B","Strike_B","Strike_B","Defend_B","Defend_B","Defend_B","Defend_B","Zap","Barrage","Cold Snap+1","Compile Driver","Loop","Compile Driver+1","Coolheaded","Double Energy","FTL","Capacitor","Sweeping Beam","Core Surge","Clumsy","Barrage","Consume+1","Cold Snap","J.A.X.","Go for the Eyes","Glacier","Hello World+1","Barrage+1","Barrage+1","Barrage+1","Leap+1","Machine Learning","Ball Lightning+1","Beam Cell+1","Stack+1","Double Energy+1","Sweeping Beam+1","Stack"],"max_hp_per_floor":[75,75,75,75,75,75,75,75,75,75,75,75,75,75,75,75,75,75,75,75,75,75,75,75,75,75,75,75,75,75,75,75,75,75,75,75,66,66,66,66,66,66,66,66,66,66,66,66,66,66],"relics":["Cracked Core","Orichalcum","Gremlin Horn","Girya","Bottled Tornado","Calling Bell","Dream Catcher","Kunai","Ice Cream","Regal Pillow","Pantograph","Whetstone","Eternal Feather","Dodecahedron","Bag of Preparation","Cables"],"card_choices":[{"not_picked":["Sunder","Aggregate"],"picked":"Barrage","floor":1.0},{"not_picked":["Hologram","Compile Driver"],"picked":"Cold Snap","floor":2.0},{"not_picked":["Blizzard","Coolheaded"],"picked":"Compile Driver","floor":4.0},{"not_picked":["Melter","Genetic Algorithm"],"picked":"Loop","floor":5.0},{"not_picked":["Turbo","Force Field"],"picked":"Compile Driver","floor":6.0},{"not_picked":["Stack","Conserve Battery"],"picked":"Coolheaded","floor":8.0},{"not_picked":["Turbo","Heatsinks"],"picked":"Double Energy","floor":10.0},{"not_picked":["Go for the Eyes","Redo"],"picked":"FTL","floor":12.0},{"not_picked":["Conserve Battery","Steam"],"picked":"Capacitor","floor":13.0},{"not_picked":["Coolheaded","Auto Shields"],"picked":"Sweeping Beam","floor":14.0},{"not_picked":["Reboot","Buffer"],"picked":"Core Surge","floor":16.0},{"not_picked":["Storm","Leap+1"],"picked":"Barrage","floor":18.0},{"not_picked":["Barrage","Coolheaded+1"],"picked":"Consume+1","floor":19.0},{"not_picked":["Steam","Steam Power+1"],"picked":"Go for the Eyes","floor":23.0},{"not_picked":["Redo+1","Cold Snap"],"picked":"Glacier","floor":24.0},{"not_picked":["Electrodynamics","Cold Snap"],"picked":"Hello World+1","floor":25.0},{"not_picked":["Genetic Algorithm","Hello World"],"picked":"Barrage+1","floor":27.0},{"not_picked":["Hologram","Leap"],"picked":"Barrage+1","floor":28.0},{"not_picked":["Reprogram+1","Darkness+1"],"picked":"Barrage+1","floor":29.0},{"not_picked":["Consume","Steam Power"],"picked":"Leap+1","floor":31.0},{"not_picked":["Core Surge","Echo Form"],"picked":"Machine Learning","floor":33.0},{"not_picked":["Streamline+1","Genetic Algorithm"],"picked":"Ball Lightning+1","floor":35.0},{"not_picked":["Stack","Hologram+1"],"picked":"Beam Cell+1","floor":36.0},{"not_picked":["Redo+1","Sweeping Beam"],"picked":"Stack+1","floor":39.0},{"not_picked":["Hyperbeam","Turbo"],"picked":"Double Energy+1","floor":40.0},{"not_picked":["Sunder+1","Sweeping Beam","Barrage"],"picked":"SKIP","floor":41.0},{"not_picked":["Stack+1","Ball Lightning+1"],"picked":"Sweeping Beam+1","floor":44.0},{"not_picked":["Coolheaded","Redo","Reinforced Body"],"picked":"SKIP","floor":46.0},{"not_picked":["Rebound","Coolheaded"],"picked":"Stack","floor":47}],"player_experience":226397,"potions_floor_usage":[47,50,50],"damage_taken":[{"damage":2.0,"enemies":"Jaw Worm","floor":1.0,"turns":3.0},{"damage":0.0,"enemies":"Small Slimes","floor":2.0,"turns":3.0},{"damage":1.0,"enemies":"Cultist","floor":4.0,"turns":3.0},{"damage":9.0,"enemies":"2 Fungi Beasts","floor":5.0,"turns":3.0},{"damage":19.0,"enemies":"3 Sentries","floor":6.0,"turns":6.0},{"damage":10.0,"enemies":"Lots of Slimes","floor":8.0,"turns":4.0},{"damage":19.0,"enemies":"Gremlin Nob","floor":10.0,"turns":5.0},{"damage":0.0,"enemies":"Exordium Wildlife","floor":12.0,"turns":2.0},{"damage":12.0,"enemies":"Lagavulin","floor":13.0,"turns":6.0},{"damage":14.0,"enemies":"3 Louse","floor":14.0,"turns":2.0},{"damage":26.0,"enemies":"Hexaghost","floor":16.0,"turns":9.0},{"damage":16.0,"enemies":"3 Byrds","floor":18.0,"turns":5.0},{"damage":29.0,"enemies":"Shell Parasite","floor":19.0,"turns":7.0},{"damage":20.0,"enemies":"Chosen and Byrds","floor":24.0,"turns":4.0},{"damage":33.0,"enemies":"Slavers","floor":27.0,"turns":4.0},{"damage":20.0,"enemies":"Snake Plant","floor":28.0,"turns":5.0},{"damage":38.0,"enemies":"Slaver and Parasite","floor":31.0,"turns":6.0},{"damage":24.0,"enemies":"Automaton","floor":33.0,"turns":10.0},{"damage":22.0,"enemies":"Flame Bruiser 1 Orb","floor":35.0,"turns":5.0},{"damage":24.0,"enemies":"3 Shapes","floor":36.0,"turns":5.0},{"damage":48.0,"enemies":"Transient","floor":39.0,"turns":5.0},{"damage":26.0,"enemies":"Nemesis","floor":41.0,"turns":7.0},{"damage":32.0,"enemies":"3 Darklings","floor":44.0,"turns":6.0},{"damage":4.0,"enemies":"Maw","floor":46.0,"turns":6.0},{"damage":0,"enemies":"Sphere and 2 Shapes","floor":47,"turns":3},{"damage":31,"enemies":"Time Eater","floor":50,"turns":9}],"relics_obtained":[{"floor":6.0,"key":"Orichalcum"},{"floor":9.0,"key":"Gremlin Horn"},{"floor":10.0,"key":"Girya"},{"floor":13.0,"key":"Bottled Tornado"},{"floor":17.0,"key":"Dream Catcher"},{"floor":17.0,"key":"Kunai"},{"floor":17.0,"key":"Ice Cream"},{"floor":26.0,"key":"Pantograph"},{"floor":27.0,"key":"Whetstone"},{"floor":41.0,"key":"Dodecahedron"},{"floor":43.0,"key":"Bag of Preparation"}],"event_choices":[{"event_name":"The Cleric","player_choice":"Leave","floor":3.0,"damage_taken":0.0},{"event_name":"Big Fish","player_choice":"Banana","floor":11.0,"damage_taken":0.0},{"event_name":"Transmorgrifier","player_choice":"Transform","floor":20.0,"damage_taken":0.0},{"event_name":"Drug Dealer","player_choice":"Got JAXXED","floor":21.0,"damage_taken":0.0},{"event_name":"The Moai Head","player_choice":"Heal","floor":37.0,"damage_taken":0.0},{"event_name":"Wheel of Change","player_choice":"Damage","floor":38.0,"damage_taken":0.0},{"event_name":"SecretPortal","player_choice":"Rejected Portal.","floor":45.0,"damage_taken":0.0}],"boss_relics":[],"items_purged_floors":[],"potions_floor_spawned":[1,6,8,14,18,19,24,36,41,46,47],"seed_played":"1066107942357014283","ascension_level":2,"potions_obtained":[{"floor":1.0,"key":"Fruit Juice"},{"floor":6.0,"key":"Swift Potion"},{"floor":8.0,"key":"Fire Potion"},{"floor":14.0,"key":"AttackPotion"},{"floor":18.0,"key":"Energy Potion"},{"floor":19.0,"key":"GamblersBrew"},{"floor":24.0,"key":"Energy Potion"},{"floor":36.0,"key":"FocusPotion"},{"floor":41.0,"key":"Dexterity Potion"},{"floor":46.0,"key":"Strength Potion"},{"floor":47,"key":"AttackPotion"}],"is_trial":false}