{"path_per_floor":["M","?","?","T","?","R","E","R","T","?","M","M","M","M","R","B",null,"M","$","M","M","M","R","?","M","T","?","R","?","M","$","R"],"character_chosen":"THE_SILENT","items_purchased":["Mummified Hand","Finesse"],"gold_per_floor":[115,115,115,115,290,290,316,316,316,286,300,312,326,343,343,447,447,459,144,157,176,192,192,192,209,209,209,209,209,221,32,32,32],"floor_reached":33,"campfire_rested":4,"playtime":1835,"current_hp_per_floor":[70,70,67,67,67,67,24,45,45,45,43,43,43,39,39,39,62,24,24,24,14,14,35,19,15,15,15,36,36,19,19,40,0],"items_purged":["Pain","Regret"],"gold":32,"score":496,"play_id":"f1559c77-bec8-4a8e-98aa-374c723e21ca","local_time":"20180405040359","is_prod":false,"is_daily":false,"is_ascension_mode":true,"campfire_upgraded":0,"timestamp":1522890239,"path_taken":["M","?","?","?","?","R","E","R","T","?","?","M","M","M","R","BOSS","M","$","M","M","M","R","?","?","T","?","R","?","M","$","R","BOSS"],"build_version":"2018-04-03","purchased_purges":2,"victory":false,"master_deck":["Defend_G+1","Defend_G+1","Defend_G","Defend_G","Defend_G","Strike_G","Strike_G","Strike_G","Strike_G","Strike_G","Survivor","Neutralize","Prepared","Infinite Blades","Backstab","Backflip","Choke","Reflex","Doubt","Predator","Footwork","Infinite Blades","Dagger Throw","Cloak And Dagger","A Thousand Cuts","Clumsy","Doubt","Terror","Backstab","Slice+1","Cloak And Dagger+1","Necronomicurse","Cloak And Dagger","Writhe","Dash","Finesse"],"max_hp_per_floor":[70,70,70,70,70,70,70,70,70,70,70,70,70,70,70,70,70,70,70,70,70,70,70,70,70,70,70,70,70,70,70,70,70],"relics":["Orrery","Shovel","Toolbox","Dead Branch","War Paint","Vajra","Peace Pipe","Bag of Preparation","Calling Bell","Centennial Puzzle","Anchor","Mummified Hand","Necronomicon","The Specimen","Juzu Bracelet","Nloth\u0027s Gift"],"card_choices":[{"not_picked":["Sucker Punch","Acrobatics"],"picked":"Prepared","floor":0},{"not_picked":["Prepared","All Out Attack"],"picked":"Infinite Blades","floor":0},{"not_picked":["Quick Slash","Deadly Poison"],"picked":"Backstab","floor":0},{"not_picked":["Acrobatics","Quick Slash"],"picked":"Backflip","floor":0},{"not_picked":["Flying Knee","Underhanded Strike"],"picked":"Choke","floor":0},{"not_picked":["Endless Agony","Acrobatics"],"picked":"Reflex","floor":1},{"not_picked":["Catalyst","Concentrate"],"picked":"Predator","floor":7},{"not_picked":["Sucker Punch","Poisoned Stab"],"picked":"Footwork","floor":11},{"not_picked":["Dagger Throw","Bane"],"picked":"Infinite Blades","floor":12},{"not_picked":["Quick Slash","Bane"],"picked":"Dagger Throw","floor":13},{"not_picked":["Poisoned Stab","Backflip"],"picked":"Cloak And Dagger","floor":14},{"not_picked":["Doppelganger","Tools of the Trade"],"picked":"A Thousand Cuts","floor":16},{"not_picked":["Noxious Fumes","Eviscerate"],"picked":"Terror","floor":18},{"not_picked":["Prepared","Sucker Punch"],"picked":"Backstab","floor":20},{"not_picked":["Heel Hook","Bullet Time"],"picked":"Slice","floor":21},{"not_picked":["All Out Attack","Setup"],"picked":"Cloak And Dagger","floor":22},{"not_picked":["Distraction","Catalyst"],"picked":"Cloak And Dagger","floor":25},{"not_picked":["Leg Sweep","Sucker Punch"],"picked":"Dash","floor":30}],"player_experience":184709,"potions_floor_usage":[14,16,21,21,22,33,33,33,33],"damage_taken":[{"damage":0,"enemies":"Small Slimes","floor":1,"turns":2},{"damage":43,"enemies":"Gremlin Nob","floor":7,"turns":5},{"damage":2,"enemies":"Jaw Worm","floor":11,"turns":3},{"damage":0,"enemies":"2 Louse","floor":12,"turns":3},{"damage":0,"enemies":"Looter","floor":13,"turns":2},{"damage":4,"enemies":"Exordium Thugs","floor":14,"turns":4},{"damage":0,"enemies":"Slime Boss","floor":16,"turns":8},{"damage":38,"enemies":"Spheric Guardian","floor":18,"turns":6},{"damage":0,"enemies":"Chosen","floor":20,"turns":3},{"damage":10,"enemies":"Slaver and Parasite","floor":21,"turns":7},{"damage":0,"enemies":"Snecko","floor":22,"turns":2},{"damage":4,"enemies":"Sentry and Sphere","floor":25,"turns":3},{"damage":17,"enemies":"Cultist and Chosen","floor":30,"turns":3},{"damage":61,"enemies":"Automaton","floor":33,"turns":6}],"event_choices":[{"event_name":"Big Fish","player_choice":"Box","floor":2,"damage_taken":0},{"event_name":"Scrap Ooze","player_choice":"success","floor":3,"damage_taken":3},{"event_name":"Liars Game","player_choice":"agreed","floor":5,"damage_taken":0},{"event_name":"The Woman in Blue","player_choice":"Bought 2 Potions","floor":10,"damage_taken":0},{"event_name":"Cursed Tome","player_choice":"Obtained Book","floor":24,"damage_taken":0},{"event_name":"The Mausoleum","player_choice":"Yes","floor":27,"damage_taken":0},{"event_name":"N\u0027loth","player_choice":"Traded a Dodecahedron","floor":29,"damage_taken":0}],"boss_relics":[{"not_picked":["Tiny House","Astrolabe"],"picked":"Calling Bell"}],"potions_floor_spawned":[14,16,20,21,22,30],"seed_played":"1494122639271223839","killed_by":"Automaton","ascension_level":5,"is_trial":false}