{"gold_per_floor":[114,114,114,137,5,43,62,62,62,62,77,108,108,139,139,258,258,273,289,308,32,57,57],"floor_reached":23,"playtime":1326,"items_purged":[],"score":243,"play_id":"206dfff1-5a34-45cb-894a-fdb97488f094","local_time":"20190524233643","is_ascension_mode":true,"campfire_choices":[{"data":"Spot Weakness","floor":8,"key":"SMITH"},{"floor":10,"key":"DIG"},{"floor":15,"key":"REST"}],"neow_cost":"NONE","seed_source_timestamp":389067885600,"circlet_count":0,"master_deck":["Strike_R","Strike_R","Strike_R","Strike_R","Strike_R","Defend_R","Defend_R","Defend_R","Defend_R","Bash","Clothesline","Spot Weakness+1","Injury","Thunderclap","Headbutt","Inflame+1","Iron Wave","Dropkick","Headbutt","Exhume","Anger","Barricade","Inflame+1","Iron Wave","Flame Barrier","Heavy Blade","Armaments+1"],"relics":["Burning Blood","Golden Idol","Mummified Hand","Shovel","Red Skull","Ginger","Matryoshka","Eternal Feather","Kunai"],"potions_floor_usage":[12,12,16,18,23,23],"damage_taken":[{"damage":5,"enemies":"Small Slimes","floor":1,"turns":3},{"damage":9,"enemies":"2 Louse","floor":4,"turns":2},{"damage":28,"enemies":"Gremlin Nob","floor":6,"turns":4},{"damage":4,"enemies":"Cultist","floor":7,"turns":3},{"damage":1,"enemies":"Exordium Wildlife","floor":11,"turns":2},{"damage":15,"enemies":"Lagavulin","floor":12,"turns":5},{"damage":25,"enemies":"3 Sentries","floor":14,"turns":6},{"damage":33,"enemies":"Hexaghost","floor":16,"turns":8},{"damage":26,"enemies":"Shell Parasite","floor":18,"turns":4},{"damage":31,"enemies":"Spheric Guardian","floor":19,"turns":5},{"damage":16,"enemies":"Chosen and Byrds","floor":20,"turns":4},{"damage":24,"enemies":"Cultist and Chosen","floor":22,"turns":5},{"damage":12,"enemies":"Centurion and Healer","floor":23,"turns":2}],"seed_played":"2934964868342469212","potions_obtained":[{"floor":4,"key":"SteroidPotion"},{"floor":6,"key":"LiquidBronze"},{"floor":14,"key":"Fire Potion"},{"floor":16,"key":"Poison Potion"},{"floor":20,"key":"AttackPotion"},{"floor":22,"key":"Fire Potion"}],"is_trial":false,"path_per_floor":["M","?","?","M","$","E","M","R","T","R","M","E","?","E","R","B",null,"M","M","M","$","M","M"],"character_chosen":"IRONCLAD","items_purchased":["Headbutt","Inflame","Kunai","Heavy Blade"],"campfire_rested":1,"item_purchase_floors":[5,5,21,21],"current_hp_per_floor":[80,80,85,82,82,60,62,62,62,62,67,58,58,39,64,37,85,65,40,30,30,12,0],"gold":57,"neow_bonus":"THREE_CARDS","is_prod":false,"is_daily":false,"chose_seed":false,"campfire_upgraded":1,"win_rate":0,"timestamp":1558733803,"path_taken":["M","?","?","M","$","E","M","R","T","R","M","E","?","E","R","BOSS","M","M","M","$","M","M"],"build_version":"2019-01-23","purchased_purges":0,"victory":false,"max_hp_per_floor":[80,80,85,85,85,85,85,85,85,85,85,85,85,85,85,85,85,85,85,85,85,85,85],"card_choices":[{"not_picked":["Twin Strike","Whirlwind"],"picked":"Clothesline","floor":0},{"not_picked":["Anger","Wild Strike"],"picked":"Spot Weakness","floor":1},{"not_picked":["Fire Breathing","True Grit"],"picked":"Thunderclap","floor":4},{"not_picked":["Perfected Strike","Intimidate"],"picked":"Iron Wave","floor":6},{"not_picked":["Heavy Blade","Bloodletting"],"picked":"Dropkick","floor":7},{"not_picked":["Perfected Strike","Flex"],"picked":"Headbutt","floor":11},{"not_picked":["Intimidate","Anger"],"picked":"Exhume","floor":12},{"not_picked":["Headbutt","Bloodletting"],"picked":"Anger","floor":14},{"not_picked":["Berserk","Feed"],"picked":"Barricade","floor":16},{"not_picked":["Dual Wield","Body Slam"],"picked":"Inflame+1","floor":18},{"not_picked":["Perfected Strike","Thunderclap"],"picked":"Iron Wave","floor":19},{"not_picked":["Blood for Blood","Dropkick+1"],"picked":"Flame Barrier","floor":20},{"not_picked":["Infernal Blade","Dropkick"],"picked":"Armaments+1","floor":22}],"player_experience":336392,"relics_obtained":[{"floor":6,"key":"Mummified Hand"},{"floor":9,"key":"Shovel"},{"floor":10,"key":"Red Skull"},{"floor":12,"key":"Ginger"},{"floor":14,"key":"Matryoshka"}],"event_choices":[{"damage_healed":0,"gold_gain":0,"player_choice":"Take Wound","damage_taken":0,"relics_obtained":["Golden Idol"],"max_hp_gain":0,"max_hp_loss":0,"event_name":"Golden Idol","floor":2,"gold_loss":0,"cards_obtained":["Injury"]},{"damage_healed":0,"gold_gain":0,"player_choice":"Donut","damage_taken":0,"max_hp_gain":5,"max_hp_loss":0,"event_name":"Big Fish","floor":3,"gold_loss":0},{"damage_healed":0,"gold_gain":0,"player_choice":"Grow","damage_taken":0,"max_hp_gain":0,"max_hp_loss":0,"event_name":"Living Wall","floor":13,"gold_loss":0,"cards_upgraded":["Inflame"]}],"is_beta":false,"boss_relics":[{"not_picked":["Fusion Hammer","Orrery"],"picked":"Eternal Feather"}],"items_purged_floors":[],"is_endless":false,"potions_floor_spawned":[4,6,14,16,20,22],"killed_by":"Centurion and Healer","ascension_level":3}