{"gold_per_floor":[119,138,138,103,122,151,8,8,35,53,85,101,113,113,113,210,210,222,222,222,237,255,255],"floor_reached":23,"playtime":1290,"items_purged":[],"score":330,"play_id":"06b4912e-f4fd-40c8-bde7-5ad02fbe3b73","local_time":"20190105230824","is_ascension_mode":true,"campfire_choices":[{"floor":15,"key":"REST"}],"neow_cost":"NONE","seed_source_timestamp":1456984028514938,"circlet_count":0,"master_deck":["AscendersBane","Strike_R","Strike_R","Strike_R","Strike_R","Defend_R","Defend_R","Defend_R","Defend_R","Bash","Seeing Red","Thunderclap","Flex","Rampage","Dropkick","Iron Wave","Thunderclap","Disarm","Impervious","Body Slam","True Grit","Uppercut","Anger","Barricade","Headbutt","Blood for Blood+1","Shrug It Off"],"relics":["Burning Blood","Oddly Smooth Stone","Vajra","Potion Belt","FaceOfCleric","Pen Nib","Orrery"],"potions_floor_usage":[11,13,16,16],"damage_taken":[{"damage":7,"enemies":"Jaw Worm","floor":1,"turns":3},{"damage":4,"enemies":"Small Slimes","floor":2,"turns":3},{"damage":0,"enemies":"Cultist","floor":5,"turns":4},{"damage":40,"enemies":"3 Sentries","floor":6,"turns":10},{"damage":20,"enemies":"Exordium Wildlife","floor":10,"turns":3},{"damage":40,"enemies":"Lagavulin","floor":11,"turns":6},{"damage":0,"enemies":"Large Slime","floor":12,"turns":4},{"damage":0,"enemies":"3 Louse","floor":13,"turns":1},{"damage":30,"enemies":"The Guardian","floor":16,"turns":9},{"damage":22,"enemies":"Chosen","floor":18,"turns":6},{"damage":24,"enemies":"Shell Parasite","floor":21,"turns":6},{"damage":40,"enemies":"Shelled Parasite and Fungi","floor":22,"turns":5},{"damage":53,"enemies":"Slavers","floor":23,"turns":3}],"seed_played":"5865785235339432417","potions_obtained":[{"floor":6,"key":"Dexterity Potion"},{"floor":10,"key":"Explosive Potion"},{"floor":11,"key":"Block Potion"},{"floor":13,"key":"SteroidPotion"}],"is_trial":false,"path_per_floor":["M","M","?","?","M","E","$","?","T","M","E","M","M","?","R","B",null,"M","?","?","M","M","E"],"character_chosen":"IRONCLAD","items_purchased":["Potion Belt"],"campfire_rested":1,"item_purchase_floors":[7],"current_hp_per_floor":[79,81,74,88,88,54,54,54,54,41,8,15,22,27,56,33,82,67,99,99,82,49,0],"gold":255,"neow_bonus":"TEN_PERCENT_HP_BONUS","is_prod":false,"is_daily":false,"chose_seed":false,"campfire_upgraded":0,"win_rate":0,"timestamp":1546722504,"path_taken":["M","M","?","?","M","E","$","?","T","M","E","?","M","?","R","BOSS","M","?","?","?","M","E"],"build_version":"2019-01-03v4","purchased_purges":0,"victory":false,"max_hp_per_floor":[88,88,88,88,88,88,88,88,88,89,90,91,92,97,97,98,98,99,99,99,100,101,101],"card_choices":[{"not_picked":["Thunderclap","Iron Wave"],"picked":"Seeing Red","floor":1},{"not_picked":["Searing Blow","Blood for Blood"],"picked":"Thunderclap","floor":2},{"not_picked":["Rupture","Sword Boomerang"],"picked":"Flex","floor":5},{"not_picked":["Spot Weakness","Combust"],"picked":"Rampage","floor":6},{"not_picked":["Dual Wield","Reckless Charge"],"picked":"Dropkick","floor":10},{"not_picked":["Sword Boomerang","Ghostly Armor"],"picked":"Iron Wave","floor":11},{"not_picked":["Cleave","Anger"],"picked":"Thunderclap","floor":12},{"not_picked":["Shockwave","Perfected Strike"],"picked":"Disarm","floor":13},{"not_picked":["Dark Embrace","Fiend Fire"],"picked":"Impervious","floor":16},{"not_picked":["Clash","Anger"],"picked":"Body Slam","floor":17},{"not_picked":["Havoc","Burning Pact"],"picked":"True Grit","floor":17},{"not_picked":["Shockwave","Havoc"],"picked":"Uppercut","floor":17},{"not_picked":["Sever Soul","Clothesline"],"picked":"Anger","floor":17},{"not_picked":["Heavy Blade","Wild Strike"],"picked":"Barricade","floor":17},{"not_picked":["Heavy Blade","Sword Boomerang"],"picked":"Headbutt","floor":18},{"not_picked":["Entrench+1","Rampage"],"picked":"Blood for Blood+1","floor":21},{"not_picked":["Burning Pact","Wild Strike"],"picked":"Shrug It Off","floor":22}],"player_experience":355998,"relics_obtained":[{"floor":6,"key":"Vajra"},{"floor":11,"key":"Pen Nib"}],"event_choices":[{"damage_healed":0,"gold_gain":0,"player_choice":"Success","damage_taken":7,"relics_obtained":["Oddly Smooth Stone"],"max_hp_gain":0,"max_hp_loss":0,"event_name":"Scrap Ooze","floor":3,"gold_loss":0},{"damage_healed":22,"gold_gain":0,"player_choice":"Healed","damage_taken":0,"max_hp_gain":0,"max_hp_loss":0,"event_name":"The Cleric","floor":4,"gold_loss":35},{"damage_healed":0,"gold_gain":0,"player_choice":"Trade","damage_taken":0,"relics_obtained":["FaceOfCleric"],"max_hp_gain":0,"max_hp_loss":0,"event_name":"FaceTrader","floor":8,"gold_loss":0},{"damage_healed":0,"gold_gain":0,"player_choice":"Donut","damage_taken":0,"max_hp_gain":5,"max_hp_loss":0,"event_name":"Big Fish","floor":14,"gold_loss":0},{"damage_healed":33,"gold_gain":0,"player_choice":"Heal","damage_taken":0,"max_hp_gain":0,"max_hp_loss":0,"event_name":"The Library","floor":19,"gold_loss":0},{"cards_removed":["Strike_R"],"damage_healed":0,"gold_gain":0,"player_choice":"Purged","damage_taken":0,"max_hp_gain":0,"max_hp_loss":0,"event_name":"Purifier","floor":20,"gold_loss":0}],"is_beta":true,"boss_relics":[{"not_picked":["Mark of Pain","Ectoplasm"],"picked":"Orrery"}],"items_purged_floors":[],"is_endless":false,"potions_floor_spawned":[6,10,11,13],"killed_by":"Slavers","ascension_level":10}