{"gold_per_floor":[110,110,110,70,80,108,108,143,166,166,341,341,341],"floor_reached":13,"playtime":716,"items_purged":[],"score":102,"play_id":"18a876c8-6b6b-4c96-8a99-2d4b03c92991","local_time":"20181009222836","is_ascension_mode":true,"campfire_choices":[{"floor":7,"key":"REST"},{"floor":10,"key":"REST"}],"neow_cost":"","seed_source_timestamp":1421969259855086,"circlet_count":0,"master_deck":["Strike_R","Strike_R","Strike_R","Strike_R","Defend_R","Defend_R+1","Defend_R","Defend_R","Bash","Body Slam","Burning Pact","Intimidate","Havoc","Shrug It Off+1","Armaments","Doubt"],"relics":["Burning Blood","Juzu Bracelet","Smiling Mask","War Paint","The Courier"],"potions_floor_usage":[8,8],"damage_taken":[{"damage":9,"enemies":"Jaw Worm","floor":1,"turns":3},{"damage":6,"enemies":"Cultist","floor":5,"turns":4},{"damage":66,"enemies":"Lagavulin","floor":6,"turns":8},{"damage":26,"enemies":"3 Sentries","floor":8,"turns":10},{"damage":47,"enemies":"Gremlin Nob","floor":13,"turns":4}],"seed_played":"1842492668662737918","potions_obtained":[{"floor":1,"key":"Dexterity Potion"},{"floor":5,"key":"LiquidBronze"}],"is_trial":false,"path_per_floor":["M","?","?","$","M","E","R","E","T","R","?","T"],"character_chosen":"IRONCLAD","items_purchased":["Intimidate"],"campfire_rested":2,"item_purchase_floors":[4],"current_hp_per_floor":[77,77,77,77,77,17,41,21,21,45,45,45,0],"gold":341,"neow_bonus":"","is_prod":false,"is_daily":false,"chose_seed":false,"campfire_upgraded":0,"win_rate":0,"timestamp":1539113316,"path_taken":["M","?","?","$","?","E","R","E","T","R","?","?","E"],"build_version":"2018-10-08","purchased_purges":0,"victory":false,"max_hp_per_floor":[80,80,80,80,80,80,80,80,80,80,80,80,80],"card_choices":[{"not_picked":["Evolve","Armaments"],"picked":"Body Slam","floor":1},{"not_picked":["Dual Wield","Headbutt"],"picked":"Havoc","floor":5},{"not_picked":["Thunderclap","Clash"],"picked":"Shrug It Off","floor":6},{"not_picked":["Flex","Anger"],"picked":"Armaments","floor":8}],"player_experience":246944,"relics_obtained":[{"floor":6,"key":"Juzu Bracelet"},{"floor":8,"key":"Smiling Mask"},{"floor":9,"key":"War Paint"},{"floor":12,"key":"The Courier"}],"event_choices":[{"event_name":"Transmorgrifier","player_choice":"Transform","floor":2,"damage_taken":0},{"event_name":"The Cleric","player_choice":"Leave","floor":3,"damage_taken":0},{"event_name":"Liars Game","player_choice":"agreed","floor":11,"damage_taken":0}],"is_beta":true,"boss_relics":[],"items_purged_floors":[],"is_endless":false,"potions_floor_spawned":[1,5],"killed_by":"Gremlin Nob","ascension_level":3}