{"gold_per_floor":[118,118,135,135,135,135,146,157,184,207,222,16,30,30,30,30],"floor_reached":16,"playtime":480,"items_purged":[],"score":101,"play_id":"8b9edfe4-b431-4bd4-a8c0-f28dace2723c","local_time":"20180818222256","is_ascension_mode":true,"campfire_choices":[{"data":"Zap","floor":6,"key":"SMITH"},{"floor":15,"key":"REST"}],"neow_cost":"NONE","seed_source_timestamp":8719990583352,"circlet_count":0,"master_deck":["Strike_B","Strike_B","Strike_B","Defend_B","Defend_B","Defend_B","Defend_B","Zap+1","Dualcast","Multi-Cast","Gash+1","Beam Cell","Conserve Battery","Loop","Gash"],"relics":["Cracked Core","Potion Belt","Boot","Ancient Tea Set","Strange Spoon"],"potions_floor_usage":[11,16,16],"damage_taken":[{"damage":1,"enemies":"Cultist","floor":1,"turns":3},{"damage":14,"enemies":"2 Louse","floor":3,"turns":3},{"damage":4,"enemies":"Jaw Worm","floor":7,"turns":3},{"damage":7,"enemies":"3 Louse","floor":8,"turns":3},{"damage":3,"enemies":"2 Fungi Beasts","floor":11,"turns":4},{"damage":5,"enemies":"Looter","floor":13,"turns":3},{"damage":48,"enemies":"Slime Boss","floor":16,"turns":8}],"seed_played":"-641551563958787533","potions_obtained":[{"floor":1,"key":"Strength Potion"},{"floor":7,"key":"SkillPotion"},{"floor":8,"key":"Poison Potion"}],"is_trial":false,"path_per_floor":["M","?","M","?","?","R","M","M","T","T","M","$","M","$","R"],"character_chosen":"DEFECT","items_purchased":["Strange Spoon"],"campfire_rested":1,"item_purchase_floors":[12],"current_hp_per_floor":[74,74,60,53,41,41,37,30,30,30,27,27,22,22,44,0],"gold":30,"neow_bonus":"ONE_RANDOM_RARE_CARD","is_prod":false,"is_daily":false,"chose_seed":false,"campfire_upgraded":1,"win_rate":0,"timestamp":1534623776,"path_taken":["M","?","M","?","?","R","?","M","T","?","M","$","M","$","R","BOSS"],"build_version":"2018-08-16","purchased_purges":0,"victory":false,"max_hp_per_floor":[75,75,75,75,75,75,75,75,75,75,75,75,75,75,75,75],"card_choices":[{"not_picked":["Sweeping Beam","Recycle"],"picked":"Gash","floor":1},{"not_picked":["Tempest","Conserve Battery"],"picked":"Beam Cell","floor":3},{"not_picked":["Steam","Rebound"],"picked":"Conserve Battery","floor":7},{"not_picked":["Beam Cell","Streamline"],"picked":"Loop","floor":8},{"not_picked":["Rip and Tear","Glacier","Steam"],"picked":"SKIP","floor":11},{"not_picked":["Force Field","BootSequence"],"picked":"Gash","floor":13}],"player_experience":159126,"relics_obtained":[{"floor":9,"key":"Boot"},{"floor":10,"key":"Ancient Tea Set"}],"event_choices":[{"event_name":"Upgrade Shrine","player_choice":"Upgraded","floor":2,"damage_taken":0},{"event_name":"Golden Wing","player_choice":"Card Removal","floor":4,"damage_taken":0},{"event_name":"Scrap Ooze","player_choice":"success","floor":5,"damage_taken":12}],"is_beta":false,"boss_relics":[],"items_purged_floors":[],"is_endless":false,"potions_floor_spawned":[1,7,8],"killed_by":"Slime Boss","ascension_level":2}