{"gold_per_floor":[113,125,200,47,47,82,97,122,146,146,157,168,184,247,247,352,352,367,367,386,486,501,501,514,514],"floor_reached":25,"playtime":1628,"items_purged":[],"score":304,"play_id":"d16c1768-8227-4db2-8ccd-8144a995b69f","local_time":"20190329215401","is_ascension_mode":true,"campfire_choices":[{"floor":10,"key":"REST"},{"data":"Footwork","floor":15,"key":"SMITH"},{"floor":23,"key":"REST"}],"neow_cost":"NONE","seed_source_timestamp":606486882949431,"circlet_count":0,"master_deck":["Defend_G","Defend_G","Defend_G","Defend_G","Defend_G","Strike_G","Strike_G","Strike_G","Strike_G","Strike_G","Survivor","Neutralize","Footwork+1","Backflip","Noxious Fumes","Dash","Backstab","Crippling Poison","Backflip","Cloak And Dagger","Corpse Explosion","Blur","Backflip+1","Deflect","Leg Sweep"],"relics":["Ring of the Snake","Blood Vial","Potion Belt","Omamori","Snake Skull","Bag of Preparation","Tiny Chest","Runic Pyramid","NlothsMask","Nunchaku","Darkstone Periapt"],"potions_floor_usage":[6,6,6,6,6,8,18,18,21,21,21,24],"damage_taken":[{"damage":0,"enemies":"Jaw Worm","floor":1,"turns":7},{"damage":0,"enemies":"Small Slimes","floor":2,"turns":4},{"damage":16,"enemies":"Lagavulin","floor":6,"turns":13},{"damage":0,"enemies":"Cultist","floor":7,"turns":5},{"damage":17,"enemies":"Gremlin Nob","floor":8,"turns":5},{"damage":4,"enemies":"Blue Slaver","floor":11,"turns":5},{"damage":3,"enemies":"2 Fungi Beasts","floor":12,"turns":3},{"damage":0,"enemies":"Exordium Thugs","floor":13,"turns":5},{"damage":8,"enemies":"3 Sentries","floor":14,"turns":7},{"damage":11,"enemies":"The Guardian","floor":16,"turns":12},{"damage":5,"enemies":"2 Thieves","floor":18,"turns":3},{"damage":19,"enemies":"Shell Parasite","floor":20,"turns":7},{"damage":23,"enemies":"Colosseum Slavers","floor":21,"turns":4},{"damage":6,"enemies":"Colosseum Nobs","floor":21,"turns":5},{"damage":19,"enemies":"Sentry and Sphere","floor":22,"turns":8},{"damage":15,"enemies":"3 Cultists","floor":24,"turns":5},{"damage":19,"enemies":"Book of Stabbing","floor":25,"turns":7}],"seed_played":"6528257491286302857","potions_obtained":[{"floor":2,"key":"EntropicBrew"},{"floor":6,"key":"Explosive Potion"},{"floor":7,"key":"LiquidBronze"},{"floor":11,"key":"Ancient Potion"},{"floor":13,"key":"GhostInAJar"},{"floor":16,"key":"SkillPotion"},{"floor":20,"key":"EssenceOfSteel"},{"floor":21,"key":"Strength Potion"}],"is_trial":false,"path_per_floor":["M","M","?","$","?","E","M","E","T","R","M","M","M","E","R","B",null,"M","?","M","?","M","R","M","E"],"character_chosen":"THE_SILENT","items_purchased":["Potion Belt"],"campfire_rested":2,"item_purchase_floors":[4],"current_hp_per_floor":[65,67,56,56,56,42,44,29,29,50,48,47,49,43,43,34,61,58,58,41,16,7,28,15,0],"gold":514,"neow_bonus":"RANDOM_COMMON_RELIC","is_prod":false,"is_daily":false,"chose_seed":false,"campfire_upgraded":1,"win_rate":0,"timestamp":1553921641,"path_taken":["M","M","?","$","?","E","M","E","T","R","M","M","M","E","R","BOSS","M","?","?","?","M","R","M","E"],"build_version":"2019-01-23","purchased_purges":0,"victory":false,"max_hp_per_floor":[70,70,70,70,70,70,70,70,70,70,70,70,70,70,70,70,70,70,70,70,70,70,70,70,70],"card_choices":[{"not_picked":["Prepared","Dagger Spray"],"picked":"Footwork","floor":1},{"not_picked":["Deadly Poison","Flying Knee"],"picked":"Backflip","floor":2},{"not_picked":["Finisher","Eviscerate"],"picked":"Noxious Fumes","floor":6},{"not_picked":["Setup","Dagger Spray"],"picked":"Dash","floor":7},{"not_picked":["Sucker Punch","Tactician","Heel Hook"],"picked":"SKIP","floor":8},{"not_picked":["Noxious Fumes","Prepared"],"picked":"Backstab","floor":11},{"not_picked":["Terror","Dagger Spray"],"picked":"Crippling Poison","floor":12},{"not_picked":["Outmaneuver","Blade Dance"],"picked":"Backflip","floor":13},{"not_picked":["Bane","Bullet Time"],"picked":"Cloak And Dagger","floor":14},{"not_picked":["Burst","Glass Knife"],"picked":"Corpse Explosion","floor":16},{"not_picked":["Quick Slash","Deflect+1"],"picked":"Blur","floor":18},{"not_picked":["Slice","Quick Slash","Bouncing Flask"],"picked":"SKIP","floor":20},{"not_picked":["Dagger Spray","Prepared"],"picked":"Backflip+1","floor":21},{"not_picked":["Dagger Spray","Bouncing Flask"],"picked":"Deflect","floor":22},{"not_picked":["Deadly Poison+1","Calculated Gamble+1"],"picked":"Leg Sweep","floor":24}],"player_experience":269379,"relics_obtained":[{"floor":6,"key":"Omamori"},{"floor":8,"key":"Snake Skull"},{"floor":9,"key":"Bag of Preparation"},{"floor":14,"key":"Tiny Chest"},{"floor":21,"key":"Nunchaku"},{"floor":21,"key":"Darkstone Periapt"}],"event_choices":[{"damage_healed":0,"gold_gain":75,"player_choice":"Gather Gold","damage_taken":11,"max_hp_gain":0,"max_hp_loss":0,"event_name":"World of Goop","floor":3,"gold_loss":0},{"damage_healed":0,"gold_gain":0,"player_choice":"Fled","damage_taken":0,"max_hp_gain":0,"max_hp_loss":0,"event_name":"Scrap Ooze","floor":5,"gold_loss":0},{"damage_healed":0,"gold_gain":0,"player_choice":"Trade","damage_taken":0,"relics_obtained":["NlothsMask"],"max_hp_gain":0,"max_hp_loss":0,"event_name":"FaceTrader","floor":19,"gold_loss":0},{"damage_healed":0,"gold_gain":0,"player_choice":"Fight","damage_taken":0,"max_hp_gain":0,"max_hp_loss":0,"event_name":"Colosseum","floor":21,"gold_loss":0},{"damage_healed":0,"gold_gain":0,"player_choice":"Fought Nobs","damage_taken":0,"max_hp_gain":0,"max_hp_loss":0,"event_name":"Colosseum","floor":21,"gold_loss":0}],"is_beta":false,"boss_relics":[{"not_picked":["Fusion Hammer","White Beast Statue"],"picked":"Runic Pyramid"}],"items_purged_floors":[],"is_endless":false,"potions_floor_spawned":[2,6,7,11,13,16,20,21,21],"killed_by":"Book of Stabbing","ascension_level":7}