{"path_per_floor":["M","$","?","?","?","R","M","R","T","M","R","M","M","$","R","B",null,"M","M","?","M","$","E","R","M","T","M","M","M","$","?","R","B",null,"M","?","?","M","M","E","R","$","T","?","$","E","M","M","R","B"],"character_chosen":"IRONCLAD","items_purchased":["Metallicize","Body Slam","Iron Wave"],"gold_per_floor":[115,34,34,34,34,34,48,48,48,62,62,76,101,54,54,177,177,198,214,129,147,72,106,106,121,121,146,166,184,33,33,33,138,138,149,149,149,169,185,210,210,85,85,85,85,112,132,148,148,148],"floor_reached":51,"campfire_rested":1,"playtime":3437,"current_hp_per_floor":[71,71,71,76,55,55,60,60,60,66,66,68,69,69,69,72,85,85,80,80,85,85,63,63,60,60,66,28,20,20,20,45,47,85,85,85,74,80,85,80,80,80,80,80,80,58,59,52,52,41],"items_purged":["Strike_R","Strike_R","Strike_R"],"gold":148,"score":796,"play_id":"ac1f341b-a198-434a-8f9c-162b7dc1efc7","local_time":"20180323230844","is_prod":false,"is_daily":false,"is_ascension_mode":false,"campfire_upgraded":7,"timestamp":1521871724,"path_taken":["M","$","?","?","?","R","M","R","T","?","R","M","M","$","R","BOSS","M","M","?","M","$","E","R","M","T","M","M","M","$","?","R","BOSS","M","?","?","M","M","E","R","$","T","?","$","E","?","M","R","BOSS"],"build_version":"2018-03-22v2","purchased_purges":3,"victory":true,"master_deck":["Strike_R","Defend_R","Defend_R","Defend_R","Defend_R","Metallicize+1","Barricade+1","Iron Wave+1","Sentinel","Shrug It Off","Body Slam+1","Offering","Shrug It Off","Shrug It Off","Headbutt","Shockwave+1","Pommel Strike+1","Rage","Entrench+1","Body Slam+1","Iron Wave","Iron Wave","Offering","Iron Wave+1","Madness","Madness+1","Shrug It Off+1","Warcry+1","Armaments+1","Metallicize"],"max_hp_per_floor":[80,80,80,85,85,85,85,85,85,85,85,85,85,85,85,85,85,85,85,85,85,85,85,85,85,85,85,85,85,85,85,85,85,85,85,85,85,85,85,85,85,85,85,85,85,85,85,85,85,85],"relics":["Burning Blood","Toolbox","Orrery","Happy Flower","Omamori","Gambling Chip","Nloth\u0027s Gift","Cursed Key","Bottled Flame","Red Skull"],"card_choices":[{"not_picked":["Inflame","Anger"],"picked":"Barricade","floor":7.0},{"not_picked":["Cleave","Shockwave"],"picked":"Iron Wave","floor":10.0},{"not_picked":["Sword Boomerang","Rampage"],"picked":"Sentinel","floor":12.0},{"not_picked":["Iron Wave","Shockwave"],"picked":"Shrug It Off","floor":13.0},{"not_picked":["Feed","Brutality"],"picked":"Offering","floor":16.0},{"not_picked":["Fire Breathing","Flex"],"picked":"Shrug It Off","floor":17.0},{"not_picked":["Sentinel","Warcry"],"picked":"Shrug It Off","floor":17.0},{"not_picked":["Spot Weakness","Rampage"],"picked":"Headbutt","floor":17.0},{"not_picked":["Burning Pact","Uppercut"],"picked":"Shockwave","floor":19.0},{"not_picked":["Bludgeon","Whirlwind"],"picked":"Pommel Strike","floor":21.0},{"not_picked":["Sever Soul","Warcry"],"picked":"Rage","floor":23.0},{"not_picked":["Searing Blow","Armaments"],"picked":"Entrench","floor":27.0},{"not_picked":["Sword Boomerang","Rupture"],"picked":"Body Slam","floor":28.0},{"not_picked":["Perfected Strike","Dropkick"],"picked":"Iron Wave","floor":29.0},{"not_picked":["Limit Break","Fiend Fire"],"picked":"Offering","floor":33},{"not_picked":["Uppercut","True Grit"],"picked":"Iron Wave","floor":35},{"not_picked":["Ghostly Armor","Disarm"],"picked":"Shrug It Off","floor":38},{"not_picked":["Reckless Charge","Thunderclap"],"picked":"Warcry","floor":39},{"not_picked":["Whirlwind","Inflame"],"picked":"Armaments","floor":47},{"not_picked":["Twin Strike","Warcry"],"picked":"Metallicize","floor":48}],"player_experience":28441,"potions_floor_usage":[46,46,46,50],"damage_taken":[{"damage":15.0,"enemies":"Jaw Worm","floor":1.0,"turns":6.0},{"damage":1.0,"enemies":"Small Slimes","floor":7.0,"turns":4.0},{"damage":0.0,"enemies":"2 Louse","floor":10.0,"turns":3.0},{"damage":4.0,"enemies":"Looter","floor":12.0,"turns":4.0},{"damage":5.0,"enemies":"3 Louse","floor":13.0,"turns":5.0},{"damage":3.0,"enemies":"The Guardian","floor":16.0,"turns":13.0},{"damage":1.0,"enemies":"Shell Parasite","floor":18.0,"turns":7.0},{"damage":11.0,"enemies":"Chosen","floor":19.0,"turns":8.0},{"damage":0.0,"enemies":"Centurion and Healer","floor":21.0,"turns":13.0},{"damage":28.0,"enemies":"Slavers","floor":23.0,"turns":8.0},{"damage":9.0,"enemies":"Snake Plant","floor":25.0,"turns":5.0},{"damage":0.0,"enemies":"Snecko","floor":27.0,"turns":7.0},{"damage":59.0,"enemies":"Chosen and Byrds","floor":28.0,"turns":11.0},{"damage":14.0,"enemies":"Cultist and Chosen","floor":29.0,"turns":5.0},{"damage":4,"enemies":"Automaton","floor":33,"turns":9},{"damage":3,"enemies":"3 Darklings","floor":35,"turns":10},{"damage":0,"enemies":"3 Shapes","floor":38,"turns":4},{"damage":0,"enemies":"Maw","floor":39,"turns":5},{"damage":11,"enemies":"Nemesis","floor":40,"turns":7},{"damage":40,"enemies":"2 Orb Walkers","floor":46,"turns":9},{"damage":5,"enemies":"4 Shapes","floor":47,"turns":5},{"damage":13,"enemies":"Sphere and 2 Shapes","floor":48,"turns":8},{"damage":17,"enemies":"Awakened One","floor":50,"turns":12}],"event_choices":[{"event_name":"Living Wall","player_choice":"Forget","floor":3.0,"damage_taken":0.0},{"event_name":"Big Fish","player_choice":"Donut","floor":4.0,"damage_taken":0.0},{"event_name":"Golden Idol","player_choice":"Take Damage","floor":5.0,"damage_taken":0.0},{"event_name":"Addict","player_choice":"Obtained Relic","floor":20.0,"damage_taken":0.0},{"event_name":"N\u0027loth","player_choice":"Traded a Golden Idol","floor":31.0,"damage_taken":0.0},{"event_name":"Tomb of Lord Red Mask","player_choice":"Ignored","floor":36,"damage_taken":0},{"event_name":"Winding Halls","player_choice":"Embrace Madness","floor":37,"damage_taken":0},{"event_name":"The Woman in Blue","player_choice":"Bought 0 Potions","floor":44,"damage_taken":0}],"boss_relics":[{"not_picked":["Question Card","Black Blood"],"picked":"Cursed Key"}],"potions_floor_spawned":[7,10,13,16,19,21,25,29,33,38,39,48],"seed_played":"1028914088179766301","ascension_level":0,"is_trial":false}