{"gold_per_floor":[113,113,66,77,77,107,107,122,145,179,199,199,213,246,246,350,350,361,361,381,400,325,325,340,371,371,401,45,73,172,11,11,11],"floor_reached":33,"playtime":2027,"items_purged":[],"score":460,"play_id":"aac8f48d-a916-4c2c-b1f8-a4842775ad75","local_time":"20181117224851","is_ascension_mode":true,"campfire_choices":[{"floor":7,"key":"REST"},{"floor":15,"key":"REST"},{"floor":23,"key":"REST"},{"floor":32,"key":"REST"}],"neow_cost":"NONE","seed_source_timestamp":235734462260665,"circlet_count":0,"master_deck":["Strike_B","Strike_B","Strike_B","Strike_B","Defend_B","Defend_B+1","Defend_B","Defend_B","Zap","Dualcast","Go for the Eyes","Ball Lightning","White Noise","Recycle","Doom and Gloom","Aggregate","Hologram","Coolheaded","All For One","Stack","Glacier+1","Rip and Tear","Amplify","Compile Driver","Panache","Darkness","Magnetism","Barrage","Leap","Ball Lightning"],"relics":["Busted Crown","Smiling Mask","Boot","Potion Belt","Lantern","Inserter","Vajra","Ornamental Fan","War Paint","Membership Card","Pen Nib"],"potions_floor_usage":[10,10,10,13,14,14,14,16,16,16,16,25,25,25,29,29,29,29],"damage_taken":[{"damage":0,"enemies":"Small Slimes","floor":1,"turns":3},{"damage":0,"enemies":"Cultist","floor":4,"turns":3},{"damage":42,"enemies":"3 Sentries","floor":6,"turns":8},{"damage":0,"enemies":"Jaw Worm","floor":8,"turns":3},{"damage":25,"enemies":"Gremlin Nob","floor":10,"turns":4},{"damage":7,"enemies":"Looter","floor":11,"turns":3},{"damage":0,"enemies":"Lots of Slimes","floor":13,"turns":1},{"damage":12,"enemies":"Lagavulin","floor":14,"turns":5},{"damage":50,"enemies":"The Guardian","floor":16,"turns":11},{"damage":34,"enemies":"2 Thieves","floor":18,"turns":3},{"damage":14,"enemies":"Shell Parasite","floor":20,"turns":5},{"damage":34,"enemies":"Snecko","floor":21,"turns":7},{"damage":26,"enemies":"Centurion and Healer","floor":24,"turns":6},{"damage":20,"enemies":"Slavers","floor":25,"turns":4},{"damage":22,"enemies":"Gremlin Leader","floor":27,"turns":9},{"damage":0,"enemies":"Slavers","floor":29,"turns":4},{"damage":18,"enemies":"Collector","floor":33,"turns":3}],"seed_played":"5060421349578445382","potions_obtained":[{"floor":4,"key":"Ancient Potion"},{"floor":5,"key":"FocusPotion"},{"floor":5,"key":"Strength Potion"},{"floor":10,"key":"EntropicBrew"},{"floor":11,"key":"Explosive Potion"},{"floor":14,"key":"FocusPotion"},{"floor":16,"key":"FocusPotion"},{"floor":20,"key":"LiquidBronze"},{"floor":21,"key":"Block Potion"},{"floor":27,"key":"EssenceOfSteel"}],"is_trial":false,"path_per_floor":["M","?","$","M","?","E","R","M","T","E","M","?","M","E","R","B",null,"M","?","M","M","?","R","M","E","T","E","$","E","?","$","R","B"],"character_chosen":"DEFECT","items_purchased":["Ball Lightning","Membership Card","Panache","Block Potion","SpeedPotion","SkillPotion","Magnetism","Barrage","Leap","Ball Lightning"],"campfire_rested":4,"item_purchase_floors":[3,28,28,28,28,28,31,31,31,31],"current_hp_per_floor":[75,75,75,75,75,33,55,55,55,30,23,28,28,28,52,2,61,27,90,76,42,42,69,43,23,23,1,1,1,1,1,28,10],"gold":11,"neow_bonus":"BOSS_RELIC","is_prod":false,"is_daily":false,"chose_seed":false,"campfire_upgraded":0,"win_rate":0,"timestamp":1542487731,"path_taken":["M","?","?","M","?","E","R","?","T","E","M","?","M","E","R","BOSS","M","?","?","M","?","R","M","E","T","E","$","E","?","$","R","BOSS"],"build_version":"2018-11-15","purchased_purges":0,"victory":false,"max_hp_per_floor":[75,75,75,75,75,75,75,75,75,75,75,80,80,80,80,80,80,80,90,90,90,90,90,90,90,90,90,90,90,90,90,90,90],"card_choices":[{"not_picked":[],"picked":"Go for the Eyes","floor":1},{"not_picked":[],"picked":"Steam Power","floor":4},{"not_picked":[],"picked":"White Noise","floor":6},{"not_picked":[],"picked":"Recycle","floor":8},{"not_picked":[],"picked":"Doom and Gloom","floor":10},{"not_picked":[],"picked":"Aggregate","floor":11},{"not_picked":[],"picked":"Hologram","floor":13},{"not_picked":[],"picked":"Coolheaded","floor":14},{"not_picked":[],"picked":"All For One","floor":16},{"not_picked":[],"picked":"Stack","floor":18},{"not_picked":[],"picked":"Glacier","floor":20},{"not_picked":["Genetic Algorithm"],"picked":"SKIP","floor":21},{"not_picked":[],"picked":"Rip and Tear","floor":24},{"not_picked":[],"picked":"Amplify","floor":25},{"not_picked":[],"picked":"Compile Driver","floor":27},{"not_picked":[],"picked":"Darkness","floor":29}],"player_experience":319539,"relics_obtained":[{"floor":6,"key":"Smiling Mask"},{"floor":9,"key":"Boot"},{"floor":10,"key":"Potion Belt"},{"floor":14,"key":"Lantern"},{"floor":25,"key":"Vajra"},{"floor":26,"key":"Ornamental Fan"},{"floor":27,"key":"War Paint"},{"floor":29,"key":"Pen Nib"}],"event_choices":[{"damage_healed":0,"gold_gain":0,"player_choice":"1 cards matched","damage_taken":0,"max_hp_gain":0,"max_hp_loss":0,"event_name":"Match and Keep!","floor":2,"gold_loss":0,"cards_obtained":["Thunder Strike"]},{"damage_healed":0,"gold_gain":0,"player_choice":"Got Potions","damage_taken":0,"max_hp_gain":0,"max_hp_loss":0,"event_name":"Lab","floor":5,"gold_loss":0},{"damage_healed":0,"gold_gain":0,"player_choice":"Donut","damage_taken":0,"max_hp_gain":5,"max_hp_loss":0,"event_name":"Big Fish","floor":12,"gold_loss":0},{"cards_removed":["Thunder Strike"],"damage_healed":53,"gold_gain":0,"player_choice":"Offered Rare","damage_taken":0,"max_hp_gain":10,"max_hp_loss":0,"event_name":"Bonfire Elementals","floor":19,"gold_loss":0},{"cards_removed":["Steam Power"],"damage_healed":0,"gold_gain":0,"player_choice":"Gave Gold","damage_taken":0,"max_hp_gain":0,"max_hp_loss":0,"event_name":"Beggar","floor":22,"gold_loss":75},{"damage_healed":0,"gold_gain":99,"player_choice":"Stole From Cult","damage_taken":0,"max_hp_gain":0,"max_hp_loss":0,"event_name":"Nest","floor":30,"gold_loss":0}],"is_beta":true,"boss_relics":[{"not_picked":["Runic Dome","Pandora\u0027s Box"],"picked":"Inserter"}],"items_purged_floors":[],"is_endless":false,"potions_floor_spawned":[4,10,11,14,16,20,21,27],"killed_by":"Collector","ascension_level":5}