{"gold_per_floor":[12,12,12,30,42,42,142,174,197,213,213,213,213,227,227,322,322,341,341,37,54,70,70,87,104,104,120,120,154,154,174,174,277,277,294,77,95,105,0,0,26,26,26,46,46,63,163,180,180,180],"floor_reached":51,"playtime":3335,"items_purged":["Strike_R","Strike_R"],"score":1137,"play_id":"4cdc3d83-b82e-43ec-9d6a-82d0ce05fbfc","local_time":"20190509211849","is_ascension_mode":true,"campfire_choices":[{"data":"Infernal Blade","floor":6,"key":"SMITH"},{"data":"Corruption","floor":11,"key":"SMITH"},{"data":"Battle Trance","floor":13,"key":"SMITH"},{"data":"Pommel Strike","floor":15,"key":"SMITH"},{"data":"Barricade","floor":23,"key":"SMITH"},{"floor":32,"key":"REST"},{"data":"Armaments","floor":40,"key":"SMITH"},{"data":"Entrench","floor":45,"key":"SMITH"},{"data":"Demon Form","floor":49,"key":"SMITH"}],"neow_cost":"NO_GOLD","seed_source_timestamp":1048630588654656,"circlet_count":0,"master_deck":["AscendersBane","Defend_R","Defend_R","Defend_R","Defend_R","Bash","Dark Embrace+1","Battle Trance+1","Infernal Blade+1","Shrug It Off","Pommel Strike+1","Corruption+1","Headbutt","Barricade+1","Shrug It Off","Whirlwind","Shrug It Off","Ghostly Armor","Rampage","Feel No Pain+1","Metallicize+1","Entrench+1","Exhume","Shockwave+1","Sentinel","Feel No Pain","Armaments+1","Dual Wield+1","Demon Form+1"],"relics":["Burning Blood","Oddly Smooth Stone","Bag of Marbles","Philosopher\u0027s Stone","Lantern","Red Skull","Pen Nib","Sozu","Red Mask","Smiling Mask","Sundial"],"potions_floor_usage":[8,8,16,21,29,33,35,41],"damage_taken":[{"damage":8,"enemies":"Jaw Worm","floor":1,"turns":4},{"damage":0,"enemies":"Small Slimes","floor":4,"turns":3},{"damage":0,"enemies":"2 Louse","floor":5,"turns":3},{"damage":6,"enemies":"3 Sentries","floor":8,"turns":10},{"damage":0,"enemies":"Red Slaver","floor":10,"turns":2},{"damage":0,"enemies":"Looter","floor":14,"turns":3},{"damage":15,"enemies":"The Guardian","floor":16,"turns":11},{"damage":0,"enemies":"Chosen","floor":18,"turns":3},{"damage":4,"enemies":"Spheric Guardian","floor":21,"turns":5},{"damage":12,"enemies":"Centurion and Healer","floor":22,"turns":6},{"damage":2,"enemies":"Shelled Parasite and Fungi","floor":24,"turns":6},{"damage":9,"enemies":"Snake Plant","floor":25,"turns":5},{"damage":24,"enemies":"Chosen and Byrds","floor":27,"turns":6},{"damage":39,"enemies":"Book of Stabbing","floor":29,"turns":6},{"damage":0,"enemies":"Shelled Parasite and Fungi","floor":31,"turns":5},{"damage":19,"enemies":"Automaton","floor":33,"turns":13},{"damage":8,"enemies":"3 Darklings","floor":35,"turns":4},{"damage":0,"enemies":"Orb Walker","floor":37,"turns":6},{"damage":4,"enemies":"Writhing Mass","floor":38,"turns":9},{"damage":0,"enemies":"Giant Head","floor":41,"turns":10},{"damage":0,"enemies":"4 Shapes","floor":44,"turns":5},{"damage":1,"enemies":"Sphere and 2 Shapes","floor":46,"turns":5},{"damage":10,"enemies":"3 Darklings","floor":48,"turns":4},{"damage":13,"enemies":"Donu and Deca","floor":50,"turns":7}],"seed_played":"-8211973927121743634","potions_obtained":[{"floor":1,"key":"Block Potion"},{"floor":5,"key":"Strength Potion"},{"floor":10,"key":"FearPotion"},{"floor":16,"key":"GamblersBrew"},{"floor":27,"key":"Weak Potion"},{"floor":29,"key":"Ancient Potion"},{"floor":31,"key":"Swift Potion"},{"floor":33,"key":"Energy Potion"}],"is_trial":false,"path_per_floor":["M","?","?","M","M","R","?","E","T","M","R","?","R","M","R","B",null,"M","?","$","M","M","R","M","M","T","M","?","E","?","M","R","B",null,"M","$","M","M","?","R","E","?","T","M","R","M","?","M","R","B",null],"character_chosen":"IRONCLAD","items_purchased":["Whirlwind","Shrug It Off","Lantern","Sentinel","Feel No Pain"],"campfire_rested":1,"item_purchase_floors":[20,20,20,36,36],"current_hp_per_floor":[70,70,75,81,85,85,85,85,85,85,85,78,78,84,84,75,83,85,85,85,85,79,79,83,80,80,62,62,29,29,35,60,47,76,74,74,80,82,82,82,85,85,85,85,85,85,85,81,81,74],"gold":180,"neow_bonus":"TRANSFORM_TWO_CARDS","is_prod":false,"is_daily":false,"chose_seed":false,"campfire_upgraded":8,"win_rate":0,"timestamp":1557461929,"path_taken":["M","?","?","M","M","R","?","E","T","?","R","?","R","M","R","BOSS","M","?","$","M","M","R","?","M","T","?","?","E","?","?","R","BOSS","M","$","M","M","?","R","E","?","T","M","R","?","?","M","R","BOSS"],"build_version":"2019-01-23","purchased_purges":2,"victory":true,"max_hp_per_floor":[80,80,85,85,85,85,85,85,85,85,85,85,85,85,85,85,85,85,85,85,85,85,85,85,85,85,85,85,85,85,85,85,85,85,85,85,85,85,85,85,85,85,85,85,85,85,85,85,85,85],"card_choices":[{"not_picked":["Sever Soul","Flex"],"picked":"Infernal Blade","floor":1},{"not_picked":["Spot Weakness","Twin Strike"],"picked":"Shrug It Off","floor":4},{"not_picked":["Anger","Wild Strike","Flex"],"picked":"SKIP","floor":5},{"not_picked":["Twin Strike","Havoc"],"picked":"Pommel Strike","floor":8},{"not_picked":["Brutality","Perfected Strike"],"picked":"Corruption","floor":10},{"not_picked":["Fire Breathing","Intimidate"],"picked":"Headbutt","floor":14},{"not_picked":["Berserk","Brutality"],"picked":"Barricade","floor":16},{"not_picked":["Warcry","Sword Boomerang","Clothesline"],"picked":"SKIP","floor":18},{"not_picked":["Twin Strike+1","Hemokinesis","Dropkick"],"picked":"SKIP","floor":21},{"not_picked":["Flex","Warcry+1"],"picked":"Ghostly Armor","floor":22},{"not_picked":["Whirlwind+1","Headbutt+1","Perfected Strike"],"picked":"SKIP","floor":24},{"not_picked":["Flex","Iron Wave"],"picked":"Rampage","floor":25},{"not_picked":["Anger+1","Cleave","Wild Strike"],"picked":"SKIP","floor":27},{"not_picked":["Blood for Blood","Bloodletting+1"],"picked":"Metallicize+1","floor":29},{"not_picked":["Corruption","Havoc"],"picked":"Entrench","floor":31},{"not_picked":["Berserk","Demon Form"],"picked":"Exhume","floor":33},{"not_picked":["Warcry","Metallicize+1"],"picked":"Shockwave+1","floor":35},{"not_picked":["Headbutt","Battle Trance"],"picked":"Armaments","floor":37},{"not_picked":["Warcry","Blood for Blood"],"picked":"Dual Wield","floor":38},{"not_picked":["Clash","Evolve","Havoc"],"picked":"SKIP","floor":41},{"not_picked":["Thunderclap","Havoc","Heavy Blade"],"picked":"SKIP","floor":44},{"not_picked":["Cleave","Wild Strike+1","Havoc"],"picked":"SKIP","floor":46},{"not_picked":["Clash+1","Reckless Charge"],"picked":"Demon Form","floor":48}],"player_experience":348065,"relics_obtained":[{"floor":8,"key":"Oddly Smooth Stone"},{"floor":9,"key":"Bag of Marbles"},{"floor":26,"key":"Red Skull"},{"floor":29,"key":"Pen Nib"},{"floor":41,"key":"Smiling Mask"},{"floor":43,"key":"Sundial"}],"event_choices":[{"damage_healed":0,"gold_gain":0,"player_choice":"Grow","damage_taken":0,"max_hp_gain":0,"max_hp_loss":0,"event_name":"Living Wall","floor":2,"gold_loss":0,"cards_upgraded":["Dark Embrace"]},{"damage_healed":0,"gold_gain":0,"player_choice":"Donut","damage_taken":0,"max_hp_gain":5,"max_hp_loss":0,"event_name":"Big Fish","floor":3,"gold_loss":0},{"damage_healed":0,"gold_gain":100,"player_choice":"Pray","damage_taken":0,"max_hp_gain":0,"max_hp_loss":0,"event_name":"Golden Shrine","floor":7,"gold_loss":0},{"cards_removed":["Strike_R"],"damage_healed":0,"gold_gain":0,"player_choice":"Card Removal","damage_taken":7,"max_hp_gain":0,"max_hp_loss":0,"event_name":"Golden Wing","floor":12,"gold_loss":0},{"damage_healed":0,"gold_gain":0,"player_choice":"1 cards matched","damage_taken":0,"max_hp_gain":0,"max_hp_loss":0,"event_name":"Match and Keep!","floor":19,"gold_loss":0,"cards_obtained":["Shrug It Off"]},{"damage_healed":0,"gold_gain":0,"player_choice":"Read","damage_taken":0,"max_hp_gain":0,"max_hp_loss":0,"event_name":"The Library","floor":28,"gold_loss":0,"cards_obtained":["Feel No Pain"]},{"damage_healed":0,"gold_gain":0,"player_choice":"Upgraded","damage_taken":0,"max_hp_gain":0,"max_hp_loss":0,"event_name":"Upgrade Shrine","floor":30,"gold_loss":0,"cards_upgraded":["Feel No Pain"]},{"damage_healed":0,"gold_gain":0,"player_choice":"Paid","damage_taken":0,"relics_obtained":["Red Mask"],"max_hp_gain":0,"max_hp_loss":0,"event_name":"Tomb of Lord Red Mask","floor":39,"gold_loss":105},{"damage_healed":0,"gold_gain":0,"player_choice":"Forge","damage_taken":0,"max_hp_gain":0,"max_hp_loss":0,"event_name":"Accursed Blacksmith","floor":42,"gold_loss":0,"cards_upgraded":["Dual Wield"]},{"damage_healed":0,"gold_gain":100,"player_choice":"Pray","damage_taken":0,"max_hp_gain":0,"max_hp_loss":0,"event_name":"Golden Shrine","floor":47,"gold_loss":0}],"is_beta":false,"boss_relics":[{"not_picked":["Astrolabe","Snecko Eye"],"picked":"Philosopher\u0027s Stone"},{"not_picked":["Black Blood","Empty Cage"],"picked":"Sozu"}],"items_purged_floors":[20,36],"is_endless":false,"potions_floor_spawned":[1,5,10,16,27,29,31,33,37,38,48],"ascension_level":11}