{"gold_per_floor":[364,364,364,0,14,57,57,76,130,154,1,14,45,59,59,178,178,198,119,119,41,41,41,82,82,82,82,82],"floor_reached":28,"playtime":1482,"items_purged":["Writhe","Injury"],"score":268,"play_id":"0e31d0b1-9942-44d1-a2f7-9a359e424afc","local_time":"20181215140711","is_ascension_mode":true,"campfire_choices":[{"floor":7,"key":"REST"},{"floor":15,"key":"REST"},{"data":"Noxious Fumes","floor":23,"key":"SMITH"},{"floor":25,"key":"REST"},{"data":"Well Laid Plans","floor":27,"key":"SMITH"}],"neow_cost":"CURSE","seed_source_timestamp":278653360600,"circlet_count":0,"master_deck":["Defend_G","Defend_G","Defend_G","Defend_G","Defend_G","Strike_G","Strike_G","Strike_G","Strike_G","Strike_G","Survivor","Neutralize","Dagger Spray","Noxious Fumes","Footwork","Flying Knee","Footwork","Cloak And Dagger","Cloak And Dagger","Catalyst","Flying Knee","Quick Slash","After Image","Poisoned Stab","Well Laid Plans+1","Skewer","Noxious Fumes+1","Deadly Poison"],"relics":["Ring of the Snake","Golden Idol","Ice Cream","Bronze Scales","Dream Catcher","Dodecahedron","HoveringKite","Paper Crane"],"potions_floor_usage":[6,12,28],"damage_taken":[{"damage":2,"enemies":"Jaw Worm","floor":1,"turns":6},{"damage":4,"enemies":"Small Slimes","floor":5,"turns":5},{"damage":31,"enemies":"Lagavulin","floor":6,"turns":7},{"damage":3,"enemies":"Cultist","floor":8,"turns":4},{"damage":3,"enemies":"Blue Slaver","floor":10,"turns":5},{"damage":8,"enemies":"Large Slime","floor":12,"turns":5},{"damage":4,"enemies":"3 Sentries","floor":13,"turns":9},{"damage":11,"enemies":"3 Louse","floor":14,"turns":2},{"damage":13,"enemies":"Hexaghost","floor":16,"turns":9},{"damage":24,"enemies":"Spheric Guardian","floor":18,"turns":8},{"damage":17,"enemies":"Gremlin Leader","floor":24,"turns":8},{"damage":61,"enemies":"Slavers","floor":28,"turns":5}],"seed_played":"2896318416680206271","potions_obtained":[{"floor":1,"key":"Fire Potion"},{"floor":8,"key":"Strength Potion"},{"floor":14,"key":"Energy Potion"},{"floor":16,"key":"GamblersBrew"},{"floor":24,"key":"FairyPotion"}],"is_trial":false,"path_per_floor":["M","?","?","$","M","E","R","M","T","M","$","M","E","M","R","B",null,"M","$","?","$","?","R","E","R","T","R","E"],"character_chosen":"THE_SILENT","items_purchased":["Ice Cream","Cloak And Dagger","Well Laid Plans","Noxious Fumes"],"campfire_rested":3,"item_purchase_floors":[4,11,19,21],"current_hp_per_floor":[68,68,70,70,66,35,56,53,53,50,50,42,38,27,48,35,70,46,46,46,46,46,46,29,50,50,50,0],"gold":82,"neow_bonus":"TWO_FIFTY_GOLD","is_prod":false,"is_daily":false,"chose_seed":false,"campfire_upgraded":2,"win_rate":0,"timestamp":1544879231,"path_taken":["M","?","?","$","M","E","R","?","T","M","$","M","E","M","R","BOSS","M","$","?","$","?","R","E","R","T","R","E"],"build_version":"2018-12-13","purchased_purges":2,"victory":false,"max_hp_per_floor":[70,70,70,70,70,70,70,70,70,70,70,70,70,70,70,70,70,70,70,70,70,70,70,70,70,70,70,70],"card_choices":[{"not_picked":["Deflect","Riddle With Holes"],"picked":"Dagger Spray","floor":1},{"not_picked":["Dagger Spray","Underhanded Strike"],"picked":"Noxious Fumes","floor":5},{"not_picked":["Tools of the Trade","All Out Attack"],"picked":"Footwork","floor":6},{"not_picked":["Flechettes","Skewer"],"picked":"Flying Knee","floor":8},{"not_picked":["Noxious Fumes","Slice"],"picked":"Footwork","floor":10},{"not_picked":["Leg Sweep","Underhanded Strike"],"picked":"Cloak And Dagger","floor":12},{"not_picked":["Blur","PiercingWail"],"picked":"Catalyst","floor":13},{"not_picked":["Dagger Throw","Acrobatics"],"picked":"Flying Knee","floor":14},{"not_picked":["Infinite Blades","Prepared"],"picked":"Quick Slash","floor":15},{"not_picked":["Phantasmal Killer","Storm of Steel"],"picked":"After Image","floor":16},{"not_picked":["Outmaneuver","Bane"],"picked":"Poisoned Stab","floor":18},{"not_picked":["Skewer+1","Outmaneuver+1"],"picked":"Deadly Poison","floor":24}],"player_experience":282333,"relics_obtained":[{"floor":6,"key":"Bronze Scales"},{"floor":9,"key":"Dream Catcher"},{"floor":13,"key":"Dodecahedron"},{"floor":24,"key":"Paper Crane"}],"event_choices":[{"damage_healed":0,"gold_gain":0,"player_choice":"Take Wound","damage_taken":0,"relics_obtained":["Golden Idol"],"max_hp_gain":0,"max_hp_loss":0,"event_name":"Golden Idol","floor":2,"gold_loss":0,"cards_obtained":["Injury"]},{"damage_healed":2,"gold_gain":0,"player_choice":"Full Heal","damage_taken":0,"max_hp_gain":0,"max_hp_loss":0,"event_name":"Wheel of Change","floor":3,"gold_loss":0},{"damage_healed":0,"gold_gain":0,"player_choice":"Read","damage_taken":0,"max_hp_gain":0,"max_hp_loss":0,"event_name":"The Library","floor":20,"gold_loss":0,"cards_obtained":["Skewer"]},{"damage_healed":0,"gold_gain":0,"player_choice":"Ignored","damage_taken":0,"max_hp_gain":0,"max_hp_loss":0,"event_name":"Ghosts","floor":22,"gold_loss":0}],"is_beta":false,"boss_relics":[{"not_picked":["Fusion Hammer","Ectoplasm"],"picked":"HoveringKite"}],"items_purged_floors":[4,11],"is_endless":false,"potions_floor_spawned":[1,8,14,16,24],"killed_by":"Slavers","ascension_level":2}