{"gold_per_floor":[115,290,240,259,206,234,234,249,249,279,339,349,349,374,374,504,504,474,494,513,20,34,34,59,59,86,129,47,78,78,78],"floor_reached":31,"playtime":1651,"items_purged":["Injury"],"score":382,"play_id":"490a28e6-e99e-4c17-8bb0-c446819cfd00","local_time":"20181214165159","is_ascension_mode":true,"campfire_choices":[{"floor":7,"key":"RECALL"},{"data":"Dual Wield","floor":15,"key":"SMITH"},{"floor":23,"key":"REST"},{"floor":25,"key":"REST"}],"neow_cost":"NONE","seed_source_timestamp":582776732000,"circlet_count":0,"master_deck":["Defend_R","Defend_R","Defend_R","Defend_R","Bash","Armaments","Twin Strike","Shrug It Off","True Grit","Inflame+1","Intimidate","Dual Wield+1","Warcry","Headbutt","Demon Form+1","Shockwave","Whirlwind+1","Uppercut","Mayhem+1","Dual Wield+1","Spot Weakness","Clothesline","Metallicize+1","Warcry+1","Bite","Bite","Bite","Bite","Bite"],"relics":["Burning Blood","NeowsBlessing","Frozen Egg 2","Art of War","Happy Flower","Golden Idol","Snecko Eye","Mummified Hand","Centennial Puzzle","PreservedInsect","Sundial"],"potions_floor_usage":[10,11,12,16,18,24],"damage_taken":[{"damage":0,"enemies":"Jaw Worm","floor":1,"turns":1},{"damage":0,"enemies":"Small Slimes","floor":4,"turns":1},{"damage":0,"enemies":"Gremlin Nob","floor":6,"turns":1},{"damage":3,"enemies":"2 Louse","floor":8,"turns":3},{"damage":28,"enemies":"3 Sentries","floor":10,"turns":9},{"damage":17,"enemies":"Lagavulin Event","floor":11,"turns":5},{"damage":11,"enemies":"Exordium Thugs","floor":12,"turns":3},{"damage":7,"enemies":"Looter","floor":14,"turns":3},{"damage":40,"enemies":"The Guardian","floor":16,"turns":12},{"damage":40,"enemies":"2 Thieves","floor":18,"turns":5},{"damage":2,"enemies":"Chosen","floor":19,"turns":3},{"damage":26,"enemies":"Snake Plant","floor":20,"turns":7},{"damage":0,"enemies":"3 Cultists","floor":22,"turns":3},{"damage":31,"enemies":"Centurion and Healer","floor":24,"turns":5},{"damage":30,"enemies":"Slavers","floor":27,"turns":3},{"damage":32,"enemies":"Gremlin Leader","floor":29,"turns":5},{"damage":14,"enemies":"Slavers","floor":31,"turns":1}],"seed_played":"-2214496778815067750","potions_obtained":[{"floor":1,"key":"Regen Potion"},{"floor":6,"key":"FearPotion"},{"floor":11,"key":"Strength Potion"},{"floor":12,"key":"GamblersBrew"},{"floor":16,"key":"SpeedPotion"},{"floor":22,"key":"FearPotion"},{"floor":29,"key":"SneckoOil"}],"is_trial":false,"path_per_floor":["M","?","?","M","$","E","R","M","T","E","?","M","?","M","R","B",null,"M","M","M","$","M","R","M","R","T","E","$","E","?","E"],"character_chosen":"IRONCLAD","items_purchased":["Shrug It Off","Mummified Hand","Mayhem+1","Metallicize+1"],"campfire_rested":2,"item_purchase_floors":[5,21,21,28],"current_hp_per_floor":[80,80,80,80,80,80,80,80,80,73,62,57,57,56,56,22,80,46,50,30,30,36,60,35,59,59,35,35,9,9,0],"gold":78,"neow_bonus":"THREE_ENEMY_KILL","is_prod":false,"is_daily":false,"chose_seed":false,"campfire_upgraded":1,"win_rate":0,"timestamp":1544802719,"path_taken":["M","?","?","M","$","E","R","M","T","E","?","M","?","M","R","BOSS","M","M","M","$","M","R","M","R","T","E","$","E","?","E"],"build_version":"2018-12-13","purchased_purges":1,"victory":false,"max_hp_per_floor":[80,80,80,80,80,80,80,80,80,80,80,80,80,80,80,80,80,80,80,80,80,80,80,80,80,80,80,80,80,56,56],"card_choices":[{"not_picked":["Carnage","Combust"],"picked":"Armaments","floor":1},{"not_picked":["Anger","Flex"],"picked":"Twin Strike","floor":4},{"not_picked":["Sever Soul","Sword Boomerang"],"picked":"True Grit","floor":6},{"not_picked":["Sword Boomerang","Burning Pact"],"picked":"Inflame+1","floor":8},{"not_picked":["Clash","Rage"],"picked":"Intimidate","floor":10},{"not_picked":["Uppercut","Pommel Strike"],"picked":"Dual Wield","floor":11},{"not_picked":["Twin Strike","Cleave"],"picked":"Warcry","floor":12},{"not_picked":["Twin Strike","Body Slam"],"picked":"Headbutt","floor":14},{"not_picked":["Bludgeon","Feed"],"picked":"Demon Form+1","floor":16},{"not_picked":["Iron Wave","Rage"],"picked":"Shockwave","floor":18},{"not_picked":["Infernal Blade","Pummel+1"],"picked":"Whirlwind+1","floor":19},{"not_picked":["True Grit+1","Flame Barrier"],"picked":"Uppercut","floor":20},{"not_picked":["Sentinel","Pommel Strike+1"],"picked":"Dual Wield+1","floor":22},{"not_picked":["Clash","Power Through"],"picked":"Spot Weakness","floor":24},{"not_picked":["Havoc","Flex"],"picked":"Clothesline","floor":27},{"not_picked":["Uppercut+1","Hemokinesis+1"],"picked":"Warcry+1","floor":29}],"player_experience":280682,"relics_obtained":[{"floor":6,"key":"Frozen Egg 2"},{"floor":10,"key":"Art of War"},{"floor":26,"key":"Centennial Puzzle"},{"floor":27,"key":"PreservedInsect"},{"floor":29,"key":"Sundial"}],"event_choices":[{"damage_healed":0,"gold_gain":175,"player_choice":"AGREE","damage_taken":0,"max_hp_gain":0,"max_hp_loss":0,"event_name":"Liars Game","floor":2,"gold_loss":0,"cards_obtained":["Doubt"]},{"cards_removed":["Doubt"],"damage_healed":0,"gold_gain":0,"player_choice":"Card Removal","damage_taken":0,"max_hp_gain":0,"max_hp_loss":0,"event_name":"The Cleric","floor":3,"gold_loss":50},{"damage_healed":0,"gold_gain":30,"player_choice":"Searched \u00273\u0027 times","damage_taken":0,"relics_obtained":["Happy Flower"],"max_hp_gain":0,"max_hp_loss":0,"event_name":"Dead Adventurer","floor":11,"gold_loss":0},{"damage_healed":0,"gold_gain":0,"player_choice":"Take Wound","damage_taken":0,"relics_obtained":["Golden Idol"],"max_hp_gain":0,"max_hp_loss":0,"event_name":"Golden Idol","floor":13,"gold_loss":0,"cards_obtained":["Injury"]},{"damage_healed":0,"gold_gain":0,"player_choice":"Became a vampire","damage_taken":0,"max_hp_gain":0,"max_hp_loss":24,"event_name":"Vampires","floor":30,"gold_loss":0,"cards_obtained":["Bite","Bite","Bite","Bite","Bite"]}],"is_beta":false,"boss_relics":[{"not_picked":["Runic Pyramid","Runic Dome"],"picked":"Snecko Eye"}],"items_purged_floors":[21],"is_endless":false,"potions_floor_spawned":[1,6,11,12,16,22,29],"killed_by":"Slavers","ascension_level":3}