{"path_per_floor":["M","M","$","M","M","R","E","M","T","$","M","?","R","M","R","B",null,"M","?","M","?"],"character_chosen":"THE_SILENT","items_purchased":["Poisoned Stab","Bane","Slice","Noxious Fumes","Bane"],"gold_per_floor":[114,125,57,75,85,85,115,127,201,52,70,70,70,89,89,188,188,203,203,219,134],"floor_reached":22,"campfire_rested":2,"playtime":991,"current_hp_per_floor":[70,70,70,70,52,52,46,44,44,44,44,30,51,50,70,40,70,44,31,21,21],"items_purged":[],"gold":134,"score":214,"play_id":"75328010-eb4a-40bc-a236-1f0deaf893eb","is_prod":false,"is_daily":false,"is_ascension_mode":false,"campfire_upgraded":1,"path_taken":["M","?","?","M","M","R","E","M","T","$","M","?","R","M","R","BOSS","M","?","M","?","M"],"build_version":"2018-02-15-PROD1","purchased_purges":0,"victory":false,"master_deck":["Defend_G","Defend_G","Defend_G","Defend_G","Defend_G","Strike_G","Strike_G","Strike_G","Strike_G","Strike_G","Survivor","Neutralize","PiercingWail","Bouncing Flask+1","Poisoned Stab","Bane+1","Flying Knee","Slice","Endless Agony","Bane","Slice+1","Noxious Fumes","Bane","Bane","Dodge and Roll","Venomology","Poisoned Stab+1","Slice"],"max_hp_per_floor":[70,70,70,70,70,70,70,70,70,70,70,70,70,70,70,70,70,70,75,75,75],"relics":["Ring of the Snake","NeowsBlessing","Bag of Marbles","Letter Opener","Black Star","Pen Nib"],"card_choices":[{"not_picked":["Leg Sweep","Sucker Punch"],"picked":"PiercingWail"},{"not_picked":["Deadly Poison","Dash"],"picked":"Bouncing Flask"},{"not_picked":["Dodge and Roll","Doppelganger"],"picked":"Flying Knee"},{"not_picked":["Escape Plan","Dagger Throw"],"picked":"Slice"},{"not_picked":["Flying Knee","Prepared"],"picked":"Endless Agony"},{"not_picked":["Predator","Acrobatics"],"picked":"Bane"},{"not_picked":["All Out Attack","Blade Dance"],"picked":"Bane"},{"not_picked":["Quick Slash","Leg Sweep"],"picked":"Dodge and Roll"},{"not_picked":["A Thousand Cuts","Burst"],"picked":"Venomology"},{"not_picked":["Bane","Dodge and Roll"],"picked":"Poisoned Stab"},{"not_picked":["PiercingWail","Distraction"],"picked":"Slice"}],"player_experience":29777,"potions_floor_usage":[7,16,16,16,18,22],"damage_taken":[{"damage":0,"enemies":"Cultist","floor":1,"turns":1},{"damage":0,"enemies":"2 Louse","floor":2,"turns":1},{"damage":0,"enemies":"Jaw Worm","floor":4,"turns":1},{"damage":18,"enemies":"Gremlin Gang","floor":5,"turns":6},{"damage":6,"enemies":"3 Sentries","floor":7,"turns":8},{"damage":2,"enemies":"Blue Slaver","floor":8,"turns":2},{"damage":0,"enemies":"2 Fungi Beasts","floor":11,"turns":3},{"damage":1,"enemies":"3 Louse","floor":14,"turns":2},{"damage":30,"enemies":"Hexaghost","floor":16,"turns":8},{"damage":26,"enemies":"Spheric Guardian","floor":18,"turns":5},{"damage":10,"enemies":"Chosen","floor":20,"turns":4},{"damage":24,"enemies":"Centurion and Healer","floor":22,"turns":2}],"event_choices":[{"event_name":"Shining Light","player_choice":"Entered Light","floor":12,"damage_taken":0},{"event_name":"Forgotten Altar","player_choice":"Shed Blood","floor":19,"damage_taken":0},{"event_name":"Addict","player_choice":"Obtained Relic","floor":21,"damage_taken":0}],"boss_relics":[{"not_picked":["Lizard Tail","Eternal Feather"],"picked":"Black Star"}],"potions_floor_spawned":[2,5,11,14,20],"seed_played":"-5706908464684494166","killed_by":"Centurion and Healer","ascension_level":0,"is_trial":false}