{"gold_per_floor":[114,129,129,129,7,35,35,35,62,62,77,77,23,39,39,141,141,157,167,193,12,32,63,73,84,110,110],"floor_reached":27,"playtime":1538,"items_purged":[],"score":280,"play_id":"0428addc-3dc1-45cf-a38d-1fb02e6e0d74","local_time":"20190319194642","is_ascension_mode":true,"campfire_choices":[{"data":"Creative AI","floor":7,"key":"SMITH"},{"data":"Zap","floor":15,"key":"SMITH"}],"neow_cost":"TEN_PERCENT_HP_LOSS","seed_source_timestamp":277050989814180,"circlet_count":0,"master_deck":["Strike_B","Strike_B+1","Strike_B","Strike_B","Defend_B","Defend_B","Defend_B","Defend_B+1","Zap+1","Dualcast","Creative AI+1","Force Field","Melter","Lockon","Hello World","Stack+1","Stack+1","Seek+1","Redo+1","Rebound+1","BootSequence+1","Defragment","White Noise+1","Skim+1","Auto Shields+1","Tempest+1"],"relics":["Cracked Core","Pantograph","Bronze Scales","Toxic Egg 2","Sozu","Red Mask","Lantern","Question Card","Bag of Marbles"],"potions_floor_usage":[6,16,20],"damage_taken":[{"damage":0,"enemies":"Small Slimes","floor":1,"turns":2},{"damage":9,"enemies":"Jaw Worm","floor":2,"turns":4},{"damage":41,"enemies":"3 Sentries","floor":6,"turns":11},{"damage":0,"enemies":"2 Louse","floor":11,"turns":2},{"damage":5,"enemies":"Exordium Wildlife","floor":14,"turns":3},{"damage":24,"enemies":"Slime Boss","floor":16,"turns":6},{"damage":0,"enemies":"Spheric Guardian","floor":18,"turns":1},{"damage":7,"enemies":"3 Byrds","floor":19,"turns":3},{"damage":19,"enemies":"Masked Bandits","floor":20,"turns":4},{"damage":3,"enemies":"Snake Plant","floor":22,"turns":3},{"damage":21,"enemies":"Slavers","floor":23,"turns":3},{"damage":0,"enemies":"Sentry and Sphere","floor":24,"turns":3},{"damage":5,"enemies":"Snecko","floor":25,"turns":6},{"damage":15,"enemies":"Snake Plant","floor":27,"turns":2}],"seed_played":"-7036505968104593098","potions_obtained":[{"floor":2,"key":"EssenceOfSteel"},{"floor":11,"key":"Dexterity Potion"},{"floor":14,"key":"Fire Potion"},{"floor":16,"key":"Ancient Potion"}],"is_trial":false,"path_per_floor":["M","M","$","?","$","E","R","?","T","T","M","?","$","M","R","B",null,"M","M","?","$","M","E","M","M","T","M"],"character_chosen":"DEFECT","items_purchased":["Melter","PowerPotion","Stack+1","Lantern","Defragment"],"campfire_rested":0,"item_purchase_floors":[5,5,13,21,21],"current_hp_per_floor":[68,59,59,45,45,4,4,4,4,4,4,26,26,21,21,22,68,68,61,42,42,39,18,18,13,13,0],"gold":110,"neow_bonus":"THREE_RARE_CARDS","is_prod":false,"is_daily":false,"chose_seed":false,"campfire_upgraded":2,"win_rate":0,"timestamp":1553050002,"path_taken":["M","M","$","?","$","E","R","?","T","?","M","?","$","M","R","BOSS","M","M","?","$","M","E","M","M","T","M"],"build_version":"2019-01-23","purchased_purges":0,"victory":false,"max_hp_per_floor":[68,68,68,68,68,68,68,68,68,68,68,68,68,68,68,68,68,68,68,68,68,68,68,68,68,68,68],"card_choices":[{"not_picked":["Fission","Rainbow"],"picked":"Creative AI","floor":0},{"not_picked":["Compile Driver","Streamline","Reprogram"],"picked":"SKIP","floor":1},{"not_picked":["Coolheaded","Hologram"],"picked":"Force Field","floor":2},{"not_picked":["Coolheaded","Darkness"],"picked":"Lockon","floor":6},{"not_picked":["Go for the Eyes","Streamline"],"picked":"Hello World","floor":11},{"not_picked":["Doom and Gloom","Redo+1"],"picked":"Stack+1","floor":14},{"not_picked":["Thunder Strike","Hyperbeam"],"picked":"Seek+1","floor":16},{"not_picked":["Sunder+1","Coolheaded+1"],"picked":"Redo+1","floor":18},{"not_picked":["Sweeping Beam","Compile Driver+1"],"picked":"Rebound+1","floor":19},{"not_picked":["Aggregate+1","Steam+1"],"picked":"BootSequence+1","floor":20},{"not_picked":["Reinforced Body+1","Hello World"],"picked":"White Noise+1","floor":22},{"not_picked":["Sunder+1","Gash+1"],"picked":"Skim+1","floor":23},{"not_picked":["Glacier+1","Coolheaded+1","Sweeping Beam"],"picked":"Auto Shields+1","floor":24},{"not_picked":["Reboot+1","Compile Driver","Hologram+1"],"picked":"Tempest+1","floor":25}],"player_experience":204936,"relics_obtained":[{"floor":6,"key":"Pantograph"},{"floor":9,"key":"Bronze Scales"},{"floor":10,"key":"Toxic Egg 2"},{"floor":20,"key":"Red Mask"},{"floor":23,"key":"Question Card"},{"floor":26,"key":"Bag of Marbles"}],"event_choices":[{"damage_healed":0,"gold_gain":0,"player_choice":"Entered Light","damage_taken":14,"max_hp_gain":0,"max_hp_loss":0,"event_name":"Shining Light","floor":4,"gold_loss":0,"cards_upgraded":["Strike_B","Defend_B"]},{"damage_healed":0,"gold_gain":0,"player_choice":"Ignored","damage_taken":0,"max_hp_gain":0,"max_hp_loss":0,"event_name":"Liars Game","floor":8,"gold_loss":0},{"damage_healed":22,"gold_gain":0,"player_choice":"Banana","damage_taken":0,"max_hp_gain":0,"max_hp_loss":0,"event_name":"Big Fish","floor":12,"gold_loss":0},{"damage_healed":0,"gold_gain":0,"player_choice":"Fought Bandits","damage_taken":0,"max_hp_gain":0,"max_hp_loss":0,"event_name":"Masked Bandits","floor":20,"gold_loss":0}],"is_beta":false,"boss_relics":[{"not_picked":["Calling Bell","Runic Dome"],"picked":"Sozu"}],"items_purged_floors":[],"is_endless":false,"potions_floor_spawned":[2,11,14,16,19,20,24],"killed_by":"Snake Plant","ascension_level":4}