{"path_per_floor":["M","M","$","M","?","R","M","M","T","E","M","M","?","?","R","B",null,"M","$","?","?","?","E","R","M","T"],"character_chosen":"THE_SILENT","items_purchased":["Deflect","Malaise","Secret Weapon","Deadly Poison"],"gold_per_floor":[114,128,36,48,48,48,63,82,108,139,157,167,167,167,167,271,271,282,32,32,0,0,28,28,46,46,46],"floor_reached":27,"campfire_rested":2,"playtime":2026,"item_purchase_floors":[3,3,19,19],"current_hp_per_floor":[68,66,66,62,67,67,67,63,63,51,46,34,34,34,56,48,75,57,57,57,57,57,14,36,28,28,0],"items_purged":[],"gold":46,"score":233,"play_id":"747386ec-31ff-483f-ac70-a364211fcd39","local_time":"20180609153146","is_prod":false,"is_daily":false,"chose_seed":false,"is_ascension_mode":false,"campfire_upgraded":1,"win_rate":0.0,"timestamp":1528551106,"campfire_choices":[{"data":"Slice","floor":6,"key":"SMITH"},{"floor":15,"key":"REST"},{"floor":24,"key":"REST"}],"path_taken":["M","M","$","M","?","R","M","?","T","E","M","M","?","?","R","BOSS","M","$","?","?","?","E","R","M","T","M"],"build_version":"2018-06-07v3","seed_source_timestamp":0,"purchased_purges":0,"victory":false,"master_deck":["Defend_G","Defend_G","Defend_G","Defend_G","Defend_G","Strike_G","Strike_G","Strike_G","Strike_G","Strike_G","Neutralize","Slice+1","Deflect","Heel Hook","Dagger Spray","Crippling Poison","Poisoned Stab","Infinite Blades","Tools of the Trade","Poisoned Stab+1","Backflip+1","Night Terror+1","Slice","Secret Weapon","Deadly Poison","Endless Agony","Dramatic Entrance","PiercingWail","Blur+1","Noxious Fumes+1"],"max_hp_per_floor":[70,70,70,70,75,75,75,75,75,75,75,75,75,75,75,75,75,75,75,75,75,75,75,75,75,75,75],"relics":["Ring of the Snake","Snake Skull","Bag of Preparation","Astrolabe","Dream Catcher","Mummified Hand"],"card_choices":[{"not_picked":["Escape Plan","Finisher"],"picked":"Dagger Throw","floor":1.0},{"not_picked":["Deadly Poison","Poisoned Stab"],"picked":"Slice","floor":2.0},{"not_picked":["Bane","Expertise"],"picked":"Heel Hook","floor":4},{"not_picked":["Underhanded Strike","Blur"],"picked":"Dagger Spray","floor":7},{"not_picked":["Outmaneuver","Expertise"],"picked":"Crippling Poison","floor":8},{"not_picked":["Acrobatics","Masterful Stab"],"picked":"Flying Knee","floor":10},{"not_picked":["Heel Hook","Acrobatics"],"picked":"Poisoned Stab","floor":11},{"not_picked":["Acrobatics","Outmaneuver"],"picked":"Flying Knee","floor":12},{"not_picked":["Wraith Form v2","Burst"],"picked":"Tools of the Trade","floor":16},{"not_picked":["Prepared","Bane"],"picked":"Slice","floor":18},{"not_picked":["Prepared","Crippling Poison"],"picked":"PiercingWail","floor":23},{"not_picked":["Poisoned Stab","Quick Slash"],"picked":"Blur+1","floor":24},{"not_picked":["Flechettes+1","Endless Agony+1"],"picked":"Noxious Fumes+1","floor":25}],"player_experience":86163,"potions_floor_usage":[10,16,16,16,25],"damage_taken":[{"damage":2.0,"enemies":"2 Louse","floor":1.0,"turns":4.0},{"damage":2.0,"enemies":"Jaw Worm","floor":2.0,"turns":3.0},{"damage":4,"enemies":"Cultist","floor":4,"turns":4},{"damage":0,"enemies":"Exordium Wildlife","floor":7,"turns":2},{"damage":4,"enemies":"2 Fungi Beasts","floor":8,"turns":4},{"damage":12,"enemies":"Gremlin Nob","floor":10,"turns":4},{"damage":5,"enemies":"Blue Slaver","floor":11,"turns":3},{"damage":12,"enemies":"Large Slime","floor":12,"turns":5},{"damage":8,"enemies":"Hexaghost","floor":16,"turns":9},{"damage":18,"enemies":"Shell Parasite","floor":18,"turns":6},{"damage":43,"enemies":"Slavers","floor":23,"turns":5},{"damage":8,"enemies":"2 Thieves","floor":25,"turns":3},{"damage":28,"enemies":"Sentry and Sphere","floor":27,"turns":5}],"relics_obtained":[{"floor":9,"key":"Snake Skull"},{"floor":10,"key":"Bag of Preparation"},{"floor":23,"key":"Dream Catcher"},{"floor":26,"key":"Mummified Hand"}],"event_choices":[{"event_name":"Big Fish","player_choice":"Donut","floor":5,"damage_taken":0},{"event_name":"Living Wall","player_choice":"Change","floor":13,"damage_taken":0},{"event_name":"The Lab","player_choice":"Got Potions","floor":14,"damage_taken":0},{"event_name":"Transmorgrifier","player_choice":"Transform","floor":20,"damage_taken":0},{"event_name":"Masked Bandits","player_choice":"Paid Bandits 32 gold","floor":21,"damage_taken":0},{"event_name":"Match and Keep!","player_choice":"1 cards matched","floor":22,"damage_taken":0}],"boss_relics":[{"not_picked":["Lizard Tail","Eternal Feather"],"picked":"Astrolabe"}],"items_purged_floors":[],"potions_floor_spawned":[1,7,11,18],"seed_played":"8876042406566885684","killed_by":"Sentry and Sphere","ascension_level":0,"potions_obtained":[{"floor":1.0,"key":"Weak Potion"},{"floor":7,"key":"Strength Potion"},{"floor":11,"key":"Ancient Potion"},{"floor":14,"key":"PowerPotion"},{"floor":18,"key":"SteroidPotion"}],"is_trial":false}