{"path_per_floor":["M","?","$","M","?","E","R","E","T","R","M","M","E","$","R","B",null,"M","M","$","M","M","E","R","E","T","?","M","M","?","E","R","B",null,"M","?","?","M","?","R","$","M","T","M","R","?","M","M","R","B"],"character_chosen":"IRONCLAD","items_purchased":["Meat on the Bone","Flex","Pummel","Block Potion"],"gold_per_floor":[12,12,12,26,201,227,227,256,280,280,290,303,332,16,16,114,114,124,136,12,32,43,77,77,109,109,109,119,135,135,165,165,262,262,276,276,0,17,64,64,12,28,28,42,42,42,53,72,72,72],"floor_reached":51,"campfire_rested":1,"playtime":3508,"current_hp_per_floor":[80,80,80,76,76,50,74,58,58,58,61,60,50,50,50,55,80,80,80,80,72,64,60,60,64,64,56,56,43,43,43,43,36,56,44,37,37,46,42,42,42,46,46,51,51,51,56,56,56,40],"items_purged":["Doubt"],"gold":72,"score":630,"play_id":"d33def32-e5c8-429c-8457-4f59070392b3","is_prod":false,"is_daily":false,"is_ascension_mode":true,"campfire_upgraded":2,"path_taken":["M","?","$","M","?","E","R","E","T","R","?","M","E","?","R","BOSS","M","M","$","M","M","E","R","E","T","?","M","M","?","E","R","BOSS","M","?","?","?","?","R","?","M","T","M","R","?","M","M","R","BOSS"],"build_version":"2018-02-08-BETA1","purchased_purges":1,"victory":true,"master_deck":["Defend_R","Defend_R","Defend_R","Defend_R","Bash","Reckless Charge","Spot Weakness","Shrug It Off","Shockwave+1","Pummel","Flex+1","Metallicize","Limit Break+1","Sword Boomerang","Disarm+1","Flex+1","Pummel","Whirlwind","Seeing Red+1","Pummel","Decay","Bite","Bite","Bite","Bite","Bite","Flex+1","Twin Strike+1","Heavy Blade","Shrug It Off+1","Double Tap+1","Warcry+1","Madness+1","Sword Boomerang+1","Clumsy","Pummel+1"],"max_hp_per_floor":[80,80,80,80,80,80,80,80,80,80,80,80,80,80,80,80,80,80,80,80,80,80,80,80,80,80,56,56,56,56,56,56,56,56,56,56,56,56,56,56,56,56,56,56,56,56,56,56,56,56],"relics":["Burning Blood","Ginger","Bottled Lightning","Toolbox","Bronze Scales","Toxic Egg 2","Meat on the Bone","Cursed Key","Shovel","Shuriken","Paper Frog","Du-Vu Doll","Gremlin Horn","Oddly Smooth Stone","Philosopher\u0027s Stone","Red Mask","Ice Cream","Ancient Tea Set","Unceasing Top","Juzu Bracelet","Blood Vial"],"card_choices":[{"not_picked":["True Grit","Rage"],"picked":"Reckless Charge"},{"not_picked":["Pommel Strike","Havoc"],"picked":"Spot Weakness"},{"not_picked":["Sentinel","Limit Break"],"picked":"Shrug It Off"},{"not_picked":["Perfected Strike","Clash"],"picked":"Shockwave"},{"not_picked":["Uppercut","Spot Weakness"],"picked":"Pummel"},{"not_picked":["Pommel Strike","Cleave"],"picked":"Flex"},{"not_picked":["Havoc","Flame Barrier"],"picked":"Metallicize"},{"not_picked":["Offering","Reaper"],"picked":"Limit Break"},{"not_picked":["Thunderclap","Perfected Strike"],"picked":"Sword Boomerang"},{"not_picked":["Blood for Blood","Seeing Red"],"picked":"Disarm"},{"not_picked":["Dual Wield","Corruption"],"picked":"Whirlwind"},{"not_picked":["Body Slam","Rupture"],"picked":"Seeing Red"},{"not_picked":["Battle Trance","True Grit"],"picked":"Pummel"},{"not_picked":["Pommel Strike","Iron Wave"],"picked":"Flex"},{"not_picked":["Clash","Perfected Strike"],"picked":"Twin Strike"},{"not_picked":["Clothesline","Hemokinesis"],"picked":"Shrug It Off"},{"not_picked":["Brutality","Exhume"],"picked":"Double Tap"},{"not_picked":["Perfected Strike","Headbutt"],"picked":"Warcry"},{"not_picked":["Havoc","Reckless Charge"],"picked":"Sword Boomerang"},{"not_picked":["Clash","Thunderclap"],"picked":"Pummel"}],"player_experience":103070,"potions_floor_usage":[13,16,18,28,29,35,39,47,50],"damage_taken":[{"damage":5,"enemies":"Cultist","floor":1,"turns":4},{"damage":10,"enemies":"Blue Slaver","floor":4,"turns":4},{"damage":32,"enemies":"Gremlin Nob","floor":6,"turns":5},{"damage":22,"enemies":"3 Sentries","floor":8,"turns":7},{"damage":3,"enemies":"Small Slimes","floor":11,"turns":3},{"damage":7,"enemies":"Looter","floor":12,"turns":3},{"damage":16,"enemies":"Lagavulin","floor":13,"turns":6},{"damage":28,"enemies":"The Guardian","floor":16,"turns":9},{"damage":0,"enemies":"2 Thieves","floor":18,"turns":2},{"damage":2,"enemies":"Spheric Guardian","floor":19,"turns":3},{"damage":14,"enemies":"Centurion and Healer","floor":21,"turns":5},{"damage":18,"enemies":"Snake Plant","floor":22,"turns":2},{"damage":10,"enemies":"Gremlin Leader","floor":23,"turns":5},{"damage":2,"enemies":"Book of Stabbing","floor":25,"turns":3},{"damage":3,"enemies":"Sentry and Sphere","floor":28,"turns":3},{"damage":19,"enemies":"3 Cultists","floor":29,"turns":4},{"damage":26,"enemies":"Slavers","floor":31,"turns":4},{"damage":35,"enemies":"Collector","floor":33,"turns":7},{"damage":31,"enemies":"3 Darklings","floor":35,"turns":3},{"damage":13,"enemies":"3 Shapes","floor":38,"turns":4},{"damage":20,"enemies":"Mysterious Sphere","floor":39,"turns":3},{"damage":4,"enemies":"3 Darklings","floor":42,"turns":2},{"damage":1,"enemies":"Spire Growth","floor":44,"turns":2},{"damage":0,"enemies":"4 Shapes","floor":47,"turns":1},{"damage":0,"enemies":"Flame Bruiser 2 Orb","floor":48,"turns":2},{"damage":24,"enemies":"Time Eater","floor":50,"turns":4}],"event_choices":[{"event_name":"Purifier","player_choice":"One Purge","floor":2,"damage_taken":0},{"event_name":"Liars Game","player_choice":"agreed","floor":5,"damage_taken":0},{"event_name":"Vampires","player_choice":"Became a vampire","floor":27,"damage_taken":0},{"event_name":"The Library","player_choice":"Read","floor":30,"damage_taken":0},{"event_name":"Winding Halls","player_choice":"Embrace Madness","floor":36,"damage_taken":0},{"event_name":"Tomb of Lord Red Mask","player_choice":"Paid","floor":37,"damage_taken":0},{"event_name":"Mysterious Sphere","player_choice":"Fight","floor":39,"damage_taken":0}],"boss_relics":[{"not_picked":["Tiny House","Velvet Choker"],"picked":"Cursed Key"},{"not_picked":["Sozu","Snecko Eye"],"picked":"Philosopher\u0027s Stone"}],"potions_floor_spawned":[1,13,16,18,22,23,29,31,33,39,42,48],"seed_played":"2044561615083992819","ascension_level":1,"is_trial":false}