{"gold_per_floor":[113,113,188,202,202,230,230,256,281,300,317,317,652,663,663,758,758,768,118,118,118,18,44,44,44,44,75,87,126,151,181,193,309,321,352,1363,1426,712,712,746,746,764,789,820,820,847,35,35,35,35],"floor_reached":51,"playtime":4445,"items_purged":["Regret","Injury","Defend_G","Defend_G"],"score":1337,"play_id":"d145beed-ec4c-425e-879a-bbe35d23d3dd","local_time":"20181031092958","is_ascension_mode":true,"campfire_choices":[{"floor":7,"key":"REST"},{"floor":12,"key":"REST"},{"floor":15,"key":"REST"},{"floor":25,"key":"DIG"},{"floor":28,"key":"DIG"},{"floor":32,"key":"DIG"},{"floor":45,"key":"DIG"},{"floor":49,"key":"DIG"}],"neow_cost":"NONE","seed_source_timestamp":1046260562585315,"circlet_count":0,"master_deck":["Defend_G","Defend_G","Survivor","Neutralize+1","Backflip","Backflip","Prepared","Cloak And Dagger","Blur","Underhanded Strike","Cloak And Dagger","Prepared+1","Glass Knife","Bane+1","Terror","Dagger Spray","Infinite Blades","Bite","Bite","Bite+1","Bite","Bite","Prepared","Dagger Spray+1","Prepared+1","Dagger Throw","Infinite Blades","Adrenaline","Dagger Spray","Glass Knife","Sucker Punch","Dagger Throw","Burst","Cloak And Dagger","Finisher+1","Riddle With Holes","The Bomb","Die Die Die","Flash of Steel","Dramatic Entrance"],"relics":["Black Star","Happy Flower","WarpedTongs","Mummified Hand","Meat on the Bone","Sundial","Shuriken","Art of War","Shovel","Old Coin","Astrolabe","Ginger","Bronze Scales","Prayer Wheel","Thread and Needle","Question Card","Whetstone","Gremlin Horn","MawBank","Omamori","Mercury Hourglass","Darkstone Periapt","Bottled Lightning","Orichalcum","White Beast Statue","FossilizedHelix","Oddly Smooth Stone","Vajra","ClockworkSouvenir","Ornamental Fan","Bottled Tornado","Anchor","Singing Bowl","Bottled Flame","Ninja Scroll","Juzu Bracelet","War Paint","Snake Skull","OrangePellets","Pear"],"potions_floor_usage":[8,8,13,23,33,33,40,44,50,50,50],"damage_taken":[{"damage":0,"enemies":"Cultist","floor":1,"turns":4},{"damage":10,"enemies":"Small Slimes","floor":4,"turns":5},{"damage":34,"enemies":"3 Sentries","floor":6,"turns":11},{"damage":24,"enemies":"Lagavulin","floor":8,"turns":7},{"damage":3,"enemies":"2 Louse","floor":10,"turns":4},{"damage":16,"enemies":"Lots of Slimes","floor":11,"turns":7},{"damage":23,"enemies":"3 Sentries","floor":13,"turns":12},{"damage":12,"enemies":"Exordium Wildlife","floor":14,"turns":7},{"damage":24,"enemies":"Hexaghost","floor":16,"turns":13},{"damage":2,"enemies":"Chosen","floor":18,"turns":5},{"damage":1,"enemies":"Gremlin Leader","floor":23,"turns":6},{"damage":29,"enemies":"Slavers","floor":27,"turns":5},{"damage":29,"enemies":"Book of Stabbing","floor":29,"turns":5},{"damage":10,"enemies":"Shell Parasite","floor":30,"turns":4},{"damage":2,"enemies":"Chosen and Byrds","floor":31,"turns":3},{"damage":27,"enemies":"Champ","floor":33,"turns":7},{"damage":7,"enemies":"3 Shapes","floor":35,"turns":3},{"damage":44,"enemies":"2 Orb Walkers","floor":37,"turns":5},{"damage":0,"enemies":"Nemesis","floor":40,"turns":6},{"damage":0,"enemies":"Orb Walker","floor":42,"turns":3},{"damage":0,"enemies":"Reptomancer","floor":44,"turns":3},{"damage":0,"enemies":"Nemesis","floor":46,"turns":5},{"damage":41,"enemies":"Awakened One","floor":50,"turns":9}],"seed_played":"1815440992957247654","potions_obtained":[{"floor":1,"key":"Poison Potion"},{"floor":6,"key":"Energy Potion"},{"floor":10,"key":"Weak Potion"},{"floor":18,"key":"Block Potion"},{"floor":30,"key":"Dexterity Potion"},{"floor":31,"key":"Regen Potion"},{"floor":35,"key":"Ancient Potion"},{"floor":37,"key":"EssenceOfSteel"},{"floor":40,"key":"Fire Potion"},{"floor":42,"key":"Dexterity Potion"},{"floor":44,"key":"Fruit Juice"},{"floor":46,"key":"AttackPotion"}],"is_trial":false,"path_per_floor":["M","?","?","M","?","E","R","E","T","M","M","R","E","M","R","B",null,"M","$","?","?","$","E","T","R","T","E","R","E","M","M","R","B",null,"M","?","?","$","?","E","?","M","T","E","R","E","$","?","R","B",null],"character_chosen":"THE_SILENT","items_purchased":["Ginger","Bronze Scales","Terror","Dagger Spray","Oddly Smooth Stone","Vajra","ClockworkSouvenir","Cloak And Dagger","Explosive Potion","Snake Skull","OrangePellets","The Bomb","Die Die Die"],"campfire_rested":3,"item_purchase_floors":[19,19,19,19,38,38,38,38,38,47,47,47,47],"current_hp_per_floor":[63,63,56,46,46,12,33,21,21,30,26,47,36,36,57,45,64,62,62,62,49,49,49,49,49,49,29,29,25,25,35,35,37,46,46,46,19,19,19,36,36,39,39,49,49,53,53,45,55,35],"gold":35,"neow_bonus":"BOSS_RELIC","is_prod":false,"is_daily":false,"chose_seed":false,"campfire_upgraded":0,"win_rate":0,"timestamp":1540970998,"path_taken":["M","?","?","?","?","E","R","E","T","M","M","R","E","?","R","BOSS","M","$","?","?","?","E","?","R","T","E","R","E","M","M","R","BOSS","M","?","?","$","?","E","?","M","T","E","R","E","$","?","R","BOSS"],"build_version":"2018-10-30","purchased_purges":4,"victory":true,"max_hp_per_floor":[70,70,70,70,70,70,70,70,70,70,70,70,70,70,70,70,70,70,70,70,49,49,49,49,49,49,49,49,49,49,49,49,49,49,49,49,49,49,49,49,49,49,49,51,51,53,53,55,65,65],"card_choices":[{"not_picked":["Flechettes","Calculated Gamble"],"picked":"Backflip","floor":1},{"not_picked":["Underhanded Strike","Leg Sweep"],"picked":"Backflip","floor":4},{"not_picked":["Tactician","Setup"],"picked":"Prepared","floor":6},{"not_picked":["Acrobatics","Prepared"],"picked":"Cloak And Dagger","floor":8},{"not_picked":["Dodge and Roll","Backflip"],"picked":"Blur","floor":10},{"not_picked":["Crippling Poison","Masterful Stab"],"picked":"Underhanded Strike","floor":11},{"not_picked":["Acrobatics","Quick Slash"],"picked":"Cloak And Dagger","floor":13},{"not_picked":["PiercingWail","Blade Dance"],"picked":"Prepared","floor":14},{"not_picked":["Night Terror","Burst"],"picked":"Glass Knife","floor":16},{"not_picked":["Bouncing Flask+1","Crippling Poison"],"picked":"Flechettes+1","floor":18},{"not_picked":["Leg Sweep","Bouncing Flask"],"picked":"Prepared","floor":23},{"not_picked":["Blade Dance","Blur","Outmaneuver"],"picked":"Dagger Spray+1","floor":27},{"not_picked":["Quick Slash+1","Bouncing Flask","Calculated Gamble"],"picked":"Prepared","floor":29},{"not_picked":["Dodge and Roll","Calculated Gamble","Underhanded Strike"],"picked":"Dagger Throw","floor":30},{"not_picked":["Dagger Spray+1","Bane+1","Cloak And Dagger"],"picked":"Infinite Blades","floor":30},{"not_picked":["Quick Slash","Flying Knee","Masterful Stab"],"picked":"Adrenaline","floor":31},{"not_picked":["Deadly Poison","Acrobatics+1","Sucker Punch"],"picked":"Dagger Spray","floor":31},{"not_picked":["A Thousand Cuts","Wraith Form v2","Bullet Time"],"picked":"Glass Knife","floor":33},{"not_picked":["Cloak And Dagger","Deflect+1","Skewer"],"picked":"Sucker Punch","floor":35},{"not_picked":["Flying Knee","Sucker Punch","Reflex+1"],"picked":"Dagger Throw","floor":35},{"not_picked":["Dagger Throw+1","Expertise","Choke"],"picked":"Burst","floor":37},{"not_picked":["Escape Plan","Catalyst","Backflip"],"picked":"Finisher+1","floor":40},{"not_picked":["Leg Sweep","Outmaneuver","All Out Attack"],"picked":"Riddle With Holes","floor":42},{"not_picked":["Dash","Leg Sweep","Eviscerate","Dodge and Roll+1"],"picked":"SKIP","floor":42},{"not_picked":["Choke+1","Infinite Blades","Endless Agony+1","Backflip+1"],"picked":"Singing Bowl","floor":44},{"not_picked":["Dagger Spray","Flechettes+1","Quick Slash","Dodge and Roll+1"],"picked":"Singing Bowl","floor":46},{"not_picked":["Sadistic Nature","Trip","Forethought","Good Instincts"],"picked":"Singing Bowl","floor":48},{"not_picked":["Panacea","HandOfGreed","Blind"],"picked":"Flash of Steel","floor":48},{"not_picked":["Sadistic Nature","Good Instincts","Secret Technique"],"picked":"Dramatic Entrance","floor":48}],"player_experience":259680,"relics_obtained":[{"floor":6,"key":"Mummified Hand"},{"floor":6,"key":"Meat on the Bone"},{"floor":8,"key":"Sundial"},{"floor":8,"key":"Shuriken"},{"floor":9,"key":"Art of War"},{"floor":13,"key":"Shovel"},{"floor":13,"key":"Old Coin"},{"floor":23,"key":"Prayer Wheel"},{"floor":23,"key":"Thread and Needle"},{"floor":24,"key":"Question Card"},{"floor":25,"key":"Whetstone"},{"floor":26,"key":"Gremlin Horn"},{"floor":27,"key":"MawBank"},{"floor":27,"key":"Omamori"},{"floor":28,"key":"Mercury Hourglass"},{"floor":29,"key":"Darkstone Periapt"},{"floor":29,"key":"Bottled Lightning"},{"floor":32,"key":"Orichalcum"},{"floor":37,"key":"FossilizedHelix"},{"floor":40,"key":"Ornamental Fan"},{"floor":40,"key":"Bottled Tornado"},{"floor":43,"key":"Anchor"},{"floor":44,"key":"Singing Bowl"},{"floor":44,"key":"Bottled Flame"},{"floor":45,"key":"Ninja Scroll"},{"floor":46,"key":"Juzu Bracelet"},{"floor":46,"key":"War Paint"},{"floor":49,"key":"Pear"}],"event_choices":[{"damage_healed":0,"gold_gain":0,"player_choice":"Box","damage_taken":0,"relics_obtained":["Happy Flower"],"max_hp_gain":0,"max_hp_loss":0,"event_name":"Big Fish","floor":2,"gold_loss":0,"cards_obtained":["Regret"]},{"damage_healed":0,"gold_gain":75,"player_choice":"Touch","damage_taken":7,"max_hp_gain":0,"max_hp_loss":0,"event_name":"FaceTrader","floor":3,"gold_loss":0},{"damage_healed":0,"gold_gain":0,"player_choice":"Rummage","damage_taken":0,"relics_obtained":["WarpedTongs"],"max_hp_gain":0,"max_hp_loss":0,"event_name":"Accursed Blacksmith","floor":5,"gold_loss":0,"cards_obtained":["Pain"]},{"damage_healed":0,"gold_gain":0,"player_choice":"Read","damage_taken":0,"max_hp_gain":0,"max_hp_loss":0,"event_name":"The Library","floor":20,"gold_loss":0,"cards_obtained":["Infinite Blades"]},{"damage_healed":0,"gold_gain":0,"player_choice":"Became a vampire","damage_taken":0,"max_hp_gain":0,"max_hp_loss":21,"event_name":"Vampires","floor":21,"gold_loss":0,"cards_obtained":["Bite","Bite","Bite","Bite","Bite"]},{"damage_healed":0,"gold_gain":999,"player_choice":"Gold","damage_taken":0,"max_hp_gain":0,"max_hp_loss":0,"event_name":"MindBloom","floor":36,"gold_loss":0,"cards_obtained":["Normality","Normality"]},{"damage_healed":0,"gold_gain":0,"player_choice":"Fight","damage_taken":0,"max_hp_gain":0,"max_hp_loss":0,"event_name":"Mysterious Sphere","floor":37,"gold_loss":0},{"cards_removed":["Flechettes"],"damage_healed":0,"gold_gain":0,"player_choice":"Removed Attack","damage_taken":0,"max_hp_gain":0,"max_hp_loss":0,"event_name":"Falling","floor":39,"gold_loss":0},{"damage_healed":0,"gold_gain":0,"player_choice":"Ignored","damage_taken":0,"max_hp_gain":0,"max_hp_loss":0,"event_name":"Tomb of Lord Red Mask","floor":41,"gold_loss":0},{"damage_healed":0,"gold_gain":0,"player_choice":"Memory 3","damage_taken":10,"max_hp_gain":0,"max_hp_loss":0,"event_name":"SensoryStone","floor":48,"gold_loss":0}],"is_beta":true,"boss_relics":[{"not_picked":["Busted Crown","Sozu"],"picked":"Astrolabe"},{"not_picked":["Snecko Eye","Tiny House"],"picked":"White Beast Statue"}],"items_purged_floors":[19,22,38,47],"is_endless":false,"potions_floor_spawned":[1,6,10,18,30,31,35,37,40,42,44,46],"ascension_level":8}