{"gold_per_floor":[116,116,73,85,85,85,160,160,213,213,233,233,254,275,275,368,368,386,386,462,462,27,27],"floor_reached":23,"playtime":935,"items_purged":[],"score":354,"play_id":"f30bc479-693c-4d46-b312-f5a1f96ef1d1","local_time":"20190505074331","is_ascension_mode":true,"campfire_choices":[{"floor":6,"key":"REST"},{"data":"Abandon","floor":8,"key":"SMITH"},{"data":"Bash","floor":10,"key":"SMITH"},{"data":"Twin Strike","floor":12,"key":"SMITH"}],"neow_cost":"NONE","seed_source_timestamp":285888982781734,"circlet_count":0,"master_deck":["AscendersBane","Strike_R","Strike_R","Strike_R","Strike_R","Strike_R","Defend_R","Defend_R","Defend_R","Defend_R","Bash+1","Perfected Strike+1","Shrug It Off+1","Abandon+1","Twin Strike+1","Headbutt+1","Impervious","Metallicize","Necronomicurse"],"relics":["Burning Blood","Golden Idol","ReplayFunnel","hubris:Stopwatch","aspiration:RitualStick","aspiration:FetidBarrel","Necronomicon","Garlic","infinitespire:PuzzleCube"],"potions_floor_usage":[16,18,18],"damage_taken":[{"damage":7,"enemies":"Jaw Worm","floor":1,"turns":3},{"damage":6,"enemies":"Small Slimes","floor":4,"turns":3},{"damage":0,"enemies":"2 Louse","floor":11,"turns":2},{"damage":7,"enemies":"Exordium Thugs","floor":13,"turns":4},{"damage":14,"enemies":"Large Slime","floor":14,"turns":4},{"damage":33,"enemies":"Slime Boss","floor":16,"turns":10},{"damage":10,"enemies":"2 Thieves","floor":18,"turns":3},{"damage":48,"enemies":"Book of Stabbing","floor":23,"turns":5}],"seed_played":"3524510387054957385","potions_obtained":[{"floor":1,"key":"LifebloodPotion"},{"floor":11,"key":"Elixir"},{"floor":13,"key":"Poison Potion"},{"floor":16,"key":"PowerPotion"}],"is_trial":false,"path_per_floor":["M","?","$","M","?","R","?","R","T","R","M","R","M","M","R_BF","B",null,"M","?","T","?","$","E"],"character_chosen":"IRONCLAD","items_purchased":["Shrug It Off+1","Garlic","infinitespire:PuzzleCube"],"campfire_rested":1,"item_purchase_floors":[3,22,22],"current_hp_per_floor":[74,74,74,74,46,70,59,59,59,59,65,65,64,56,80,53,75,71,63,63,42,42,0],"gold":27,"neow_bonus":"TEN_PERCENT_HP_BONUS","is_prod":false,"is_daily":false,"chose_seed":false,"campfire_upgraded":3,"win_rate":0,"timestamp":1557031411,"path_taken":["M","?","$","M","?","R","?","R","T","R","M","R","M","M","R_BF","BOSS","M","?","?","?","$","E"],"build_version":"2019-01-23","purchased_purges":0,"victory":false,"max_hp_per_floor":[82,82,82,82,82,82,82,82,82,82,82,82,82,82,82,82,82,82,82,82,82,82,82],"card_choices":[{"not_picked":["Cleave","Clash"],"picked":"Perfected Strike","floor":1},{"not_picked":["Second Wind","Havoc"],"picked":"Abandon","floor":4},{"not_picked":["Fire Breathing","Thunderclap"],"picked":"Twin Strike","floor":11},{"not_picked":["Bloodletting","Clothesline","Havoc"],"picked":"SKIP","floor":13},{"not_picked":["Run Through","Thunderclap"],"picked":"Headbutt","floor":14},{"not_picked":["Juggernaut","Bludgeon"],"picked":"Impervious","floor":16},{"not_picked":["Warcry","Clash"],"picked":"Metallicize","floor":18}],"player_experience":484994,"relics_obtained":[{"floor":9,"key":"ReplayFunnel"},{"floor":20,"key":"aspiration:FetidBarrel"},{"floor":21,"key":"Necronomicon"}],"event_choices":[{"damage_healed":0,"gold_gain":0,"player_choice":"Grow","damage_taken":0,"max_hp_gain":0,"max_hp_loss":0,"event_name":"Living Wall","floor":2,"gold_loss":0,"cards_upgraded":["Perfected Strike"]},{"damage_healed":0,"gold_gain":0,"player_choice":"Take Damage","damage_taken":28,"relics_obtained":["Golden Idol"],"max_hp_gain":0,"max_hp_loss":0,"event_name":"Golden Idol","floor":5,"gold_loss":0},{"damage_healed":0,"gold_gain":75,"player_choice":"Gather Gold","damage_taken":11,"max_hp_gain":0,"max_hp_loss":0,"event_name":"World of Goop","floor":7,"gold_loss":0},{"damage_healed":0,"gold_gain":0,"player_choice":"Obtained Book","damage_taken":21,"max_hp_gain":0,"max_hp_loss":0,"event_name":"Cursed Tome","floor":21,"gold_loss":0}],"is_beta":false,"boss_relics":[{"not_picked":["Cursed Key","hubris:HollowSoul"],"picked":"hubris:Stopwatch"}],"items_purged_floors":[],"is_endless":false,"potions_floor_spawned":[1,11,13,16],"killed_by":"Book of Stabbing","ascension_level":20}