{"gold_per_floor":[216,216,236,25,44,71,71,71,71,71,98,98,98,114,114,238,238,252,1,1,25,43,43,112,112,138,179,179],"floor_reached":28,"playtime":1792,"items_purged":["Strike_R"],"score":290,"play_id":"801397c0-edbb-4851-8e13-341b56cbb34a","local_time":"20180826025610","is_ascension_mode":true,"campfire_choices":[{"data":"Apotheosis","floor":7,"key":"SMITH"},{"data":"Regret","floor":13,"key":"PURGE"},{"data":"Infernal Blade","floor":15,"key":"SMITH"},{"floor":23,"key":"REST"},{"floor":25,"key":"REST"}],"neow_cost":"NONE","seed_source_timestamp":213097699200,"circlet_count":0,"master_deck":["Strike_R","Strike_R","Strike_R","Strike_R","Defend_R","Defend_R","Defend_R","Defend_R","Bash","Warcry","Infernal Blade+1","Apotheosis+1","Inflame","Shockwave","Spot Weakness","Pummel","Demon Form","Clothesline","Bandage Up","Intimidate","Iron Wave","Metallicize","Metallicize","Flame Barrier"],"relics":["Burning Blood","Mango","GremlinMask","Kunai","Calipers","Peace Pipe","Golden Idol","Black Star","Tiny Chest","Bag of Marbles","Dream Catcher","Bottled Lightning","Bottled Flame"],"potions_floor_usage":[6,16,22,22,24],"damage_taken":[{"damage":14,"enemies":"Jaw Worm","floor":1,"turns":5},{"damage":14,"enemies":"Small Slimes","floor":3,"turns":5},{"damage":0,"enemies":"Cultist","floor":5,"turns":3},{"damage":6,"enemies":"Lagavulin","floor":6,"turns":8},{"damage":27,"enemies":"3 Sentries","floor":11,"turns":7},{"damage":4,"enemies":"2 Fungi Beasts","floor":14,"turns":2},{"damage":17,"enemies":"Slime Boss","floor":16,"turns":7},{"damage":35,"enemies":"Spheric Guardian","floor":18,"turns":6},{"damage":16,"enemies":"Chosen","floor":21,"turns":5},{"damage":35,"enemies":"Centurion and Healer","floor":22,"turns":5},{"damage":54,"enemies":"Book of Stabbing","floor":24,"turns":7},{"damage":39,"enemies":"Gremlin Leader","floor":27,"turns":9},{"damage":13,"enemies":"Snecko","floor":28,"turns":5}],"seed_played":"5988332607155102519","potions_obtained":[{"floor":5,"key":"Block Potion"},{"floor":14,"key":"Swift Potion"},{"floor":16,"key":"Strength Potion"},{"floor":18,"key":"Dexterity Potion"},{"floor":21,"key":"Ancient Potion"}],"is_trial":false,"path_per_floor":["M","?","M","$","M","E","R","?","T","?","E","?","R","M","R","B",null,"M","$","?","M","M","R","E","R","T","E"],"character_chosen":"IRONCLAD","items_purchased":["Apotheosis","Bandage Up","Intimidate"],"campfire_rested":2,"item_purchase_floors":[4,19,19],"current_hp_per_floor":[72,72,64,64,70,84,84,84,84,84,63,63,63,65,65,54,87,58,58,58,54,31,57,13,39,39,12,0],"gold":179,"neow_bonus":"HUNDRED_GOLD","is_prod":false,"is_daily":false,"chose_seed":false,"campfire_upgraded":2,"win_rate":0,"timestamp":1535244970,"path_taken":["M","?","M","$","M","E","R","?","T","?","E","?","R","M","R","BOSS","M","$","?","M","M","R","E","R","T","E","M"],"build_version":"2018-08-23v2","purchased_purges":1,"victory":false,"max_hp_per_floor":[80,80,80,80,80,94,94,94,94,94,94,87,87,87,87,87,87,87,87,87,87,87,87,87,87,87,87,87],"card_choices":[{"not_picked":["Sword Boomerang","Feel No Pain"],"picked":"Warcry","floor":1},{"not_picked":["Flex","Battle Trance"],"picked":"Infernal Blade","floor":3},{"not_picked":["Armaments","Wild Strike"],"picked":"Inflame","floor":5},{"not_picked":["Entrench","Fire Breathing"],"picked":"Shockwave","floor":6},{"not_picked":["Ghostly Armor","Burning Pact"],"picked":"Spot Weakness","floor":11},{"not_picked":["Carnage","Wild Strike"],"picked":"Pummel","floor":14},{"not_picked":["Fiend Fire","Exhume"],"picked":"Demon Form","floor":16},{"not_picked":["Headbutt","Bloodletting"],"picked":"Clothesline","floor":18},{"not_picked":["Pommel Strike","Intimidate"],"picked":"Iron Wave","floor":21},{"not_picked":["Corruption","Offering"],"picked":"Metallicize","floor":22},{"not_picked":["Twin Strike+1","Shockwave"],"picked":"Metallicize","floor":24},{"not_picked":["Burning Pact","Warcry"],"picked":"Flame Barrier","floor":27}],"player_experience":180004,"relics_obtained":[{"floor":6,"key":"Mango"},{"floor":9,"key":"Kunai"},{"floor":11,"key":"Peace Pipe"},{"floor":24,"key":"Tiny Chest"},{"floor":24,"key":"Bag of Marbles"},{"floor":26,"key":"Dream Catcher"},{"floor":27,"key":"Bottled Lightning"},{"floor":27,"key":"Bottled Flame"}],"event_choices":[{"event_name":"The Cleric","player_choice":"Leave","floor":2,"damage_taken":0},{"event_name":"FaceTrader","player_choice":"Trade","floor":8,"damage_taken":0},{"event_name":"Big Fish","player_choice":"Box","floor":10,"damage_taken":0},{"event_name":"Golden Idol","player_choice":"Lose Max HP","floor":12,"damage_taken":0}],"is_beta":false,"boss_relics":[{"not_picked":["Fusion Hammer","Lizard Tail"],"picked":"Black Star"}],"items_purged_floors":[19],"is_endless":false,"potions_floor_spawned":[5,14,16,18,21],"killed_by":"Snecko","ascension_level":2}