{"gold_per_floor":[117,128,140,140,160,0,31,31,76,91,91,126,126,152,152,227,227,237,237,237,237,247,247],"floor_reached":23,"playtime":5142,"items_purged":[],"score":443,"play_id":"e335e13b-f18e-4405-9d0b-0e9770f21b9d","local_time":"20190524190507","is_ascension_mode":true,"campfire_choices":[{"data":"Deadly Poison","floor":8.0,"key":"SMITH"},{"floor":11.0,"key":"REST"},{"data":"Neutralize","floor":13.0,"key":"SMITH"},{"floor":15.0,"key":"REST"}],"neow_cost":"NONE","seed_source_timestamp":16025408272500,"circlet_count":0,"master_deck":["AscendersBane","Defend_G","Defend_G","Defend_G","Defend_G","Defend_G","Survivor","Neutralize+1","Flying Knee+1","Escape Plan","Quick Slash","PiercingWail","Predator","Infinite Blades","Deadly Poison+1","Caltrops","Dash","Noxious Fumes","Die Die Die","Glass Knife+1","Escape Plan+1","Escape Plan+1","Prepared+1","Bite","Bite","Bite","Bite","Bite","Well Laid Plans"],"special_seed":0,"relics":["Ring of the Snake","Letter Opener","Art of War","Bag of Marbles","Astrolabe","Kunai"],"potions_floor_usage":[23],"damage_taken":[{"damage":6.0,"enemies":"Cultist","floor":1.0,"turns":5.0},{"damage":3.0,"enemies":"Jaw Worm","floor":2.0,"turns":4.0},{"damage":0.0,"enemies":"Small Slimes","floor":3.0,"turns":4.0},{"damage":5.0,"enemies":"3 Louse","floor":5.0,"turns":4.0},{"damage":24.0,"enemies":"Gremlin Nob","floor":7.0,"turns":4.0},{"damage":1.0,"enemies":"Blue Slaver","floor":10.0,"turns":3.0},{"damage":16.0,"enemies":"Lagavulin","floor":12.0,"turns":7.0},{"damage":25.0,"enemies":"Gremlin Nob","floor":14.0,"turns":4.0},{"damage":23.0,"enemies":"The Guardian","floor":16.0,"turns":9.0},{"damage":14.0,"enemies":"2 Thieves","floor":18.0,"turns":4.0},{"damage":20.0,"enemies":"Chosen","floor":22.0,"turns":4.0},{"damage":40,"enemies":"Gremlin Leader","floor":23,"turns":5}],"seed_played":"3043703247014127616","potions_obtained":[{"floor":2.0,"key":"Explosive Potion"},{"floor":3.0,"key":"Weak Potion"},{"floor":7.0,"key":"GamblersBrew"},{"floor":12.0,"key":"Poison Potion"},{"floor":18.0,"key":"FearPotion"}],"is_trial":false,"path_per_floor":["M","M","M","?","M","$","E","R","T","M","R","E","R","E","R","B",null,"M","?","?","T","M","E"],"character_chosen":"THE_SILENT","items_purchased":["Predator","Infinite Blades"],"campfire_rested":2,"item_purchase_floors":[6,6],"current_hp_per_floor":[59,56,56,56,51,51,27,27,27,26,47,31,31,8,29,8,56,44,44,44,44,32,0],"gold":247,"neow_bonus":"TEN_PERCENT_HP_BONUS","is_prod":false,"is_daily":false,"chose_seed":false,"campfire_upgraded":2,"win_rate":0,"timestamp":1558749907,"path_taken":["M","M","?","?","M","$","E","R","T","M","R","E","R","E","R","BOSS","M","?","?","?","M","E"],"build_version":"2019-01-23","purchased_purges":0,"victory":false,"max_hp_per_floor":[72,72,72,72,72,72,72,72,72,72,72,72,72,72,72,72,72,72,72,72,72,72,72],"card_choices":[{"not_picked":["Eviscerate","Expertise"],"picked":"Flying Knee","floor":1.0},{"not_picked":["Sucker Punch","Acrobatics"],"picked":"Escape Plan","floor":2.0},{"not_picked":["Sucker Punch","Prepared"],"picked":"Quick Slash","floor":3.0},{"not_picked":["Dagger Throw","Concentrate"],"picked":"PiercingWail","floor":5.0},{"not_picked":["Acrobatics","Cloak And Dagger"],"picked":"Deadly Poison","floor":7.0},{"not_picked":["Choke","Bouncing Flask"],"picked":"Caltrops","floor":10.0},{"not_picked":["All Out Attack","Dodge and Roll"],"picked":"Dash","floor":12.0},{"not_picked":["Tools of the Trade","Dagger Throw"],"picked":"Noxious Fumes","floor":14.0},{"not_picked":["Malaise","Wraith Form v2"],"picked":"Die Die Die","floor":16.0},{"not_picked":["Expertise","Flying Knee"],"picked":"Prepared+1","floor":18.0},{"not_picked":["Poisoned Stab","Infinite Blades","Reflex"],"picked":"SKIP","floor":22.0}],"player_experience":1434961,"relics_obtained":[{"floor":7.0,"key":"Letter Opener"},{"floor":9.0,"key":"Art of War"},{"floor":12.0,"key":"Blood Vial"},{"floor":14.0,"key":"Bag of Marbles"},{"floor":21.0,"key":"Kunai"}],"event_choices":[{"damage_healed":0.0,"max_hp_gain":0.0,"max_hp_loss":0.0,"gold_gain":0.0,"event_name":"Living Wall","player_choice":"Grow","floor":4.0,"gold_loss":0.0,"damage_taken":0.0,"cards_upgraded":["Flying Knee"]},{"damage_healed":0.0,"max_hp_gain":0.0,"max_hp_loss":0.0,"gold_gain":0.0,"event_name":"Vampires","player_choice":"Became a vampire (Vial)","floor":19.0,"relics_lost":["Blood Vial"],"gold_loss":0.0,"damage_taken":0.0,"cards_obtained":["Bite","Bite","Bite","Bite","Bite"]},{"damage_healed":0.0,"max_hp_gain":0.0,"max_hp_loss":0.0,"gold_gain":0.0,"event_name":"The Library","player_choice":"Read","floor":20.0,"gold_loss":0.0,"damage_taken":0.0,"cards_obtained":["Well Laid Plans"]}],"is_beta":false,"boss_relics":[{"not_picked":["WristBlade","Fusion Hammer"],"picked":"Astrolabe"}],"items_purged_floors":[],"is_endless":false,"potions_floor_spawned":[2,3,7,12,18],"killed_by":"Gremlin Leader","ascension_level":20}