{"gold_per_floor":[115,125,41,55,55,85,85,111,111,76,76,94,104,121,121,193,193,204,16,26,26,26,26,54,82,106,76,76,90,102,127,127,127],"floor_reached":33,"playtime":4253,"items_purged":["Strike_G"],"score":640,"play_id":"3b587075-eb3d-439f-8929-6cbf9364a273","local_time":"20190525102306","is_ascension_mode":true,"campfire_choices":[{"data":"Dash","floor":7.0,"key":"SMITH"},{"floor":11.0,"key":"REST"},{"floor":15.0,"key":"REST"},{"data":"Dagger Spray","floor":23.0,"key":"SMITH"},{"floor":28.0,"key":"REST"},{"data":"Riddle With Holes","floor":32.0,"key":"SMITH"}],"neow_cost":"NONE","seed_source_timestamp":1237397765400,"circlet_count":0,"master_deck":["AscendersBane","Defend_G","Defend_G","Defend_G","Defend_G","Defend_G","Strike_G","Strike_G","Strike_G","Survivor","Neutralize","Dash+1","Backflip","Caltrops","Flying Knee","PiercingWail","Die Die Die","Crippling Poison","Riddle With Holes+1","Dagger Spray+1","Glass Knife","Blur","Terror+1","Accuracy","Cloak And Dagger+1","Footwork","Envenom"],"special_seed":0,"relics":["Ring of the Snake","Paper Crane","The Courier","Question Card","Bottled Flame","Snecko Eye","Bronze Scales","Shuriken","Red Mask","Orichalcum","Strawberry"],"potions_floor_usage":[],"damage_taken":[{"damage":3.0,"enemies":"Cultist","floor":1.0,"turns":4.0},{"damage":2.0,"enemies":"Small Slimes","floor":2.0,"turns":5.0},{"damage":1.0,"enemies":"2 Louse","floor":4.0,"turns":3.0},{"damage":4.0,"enemies":"3 Sentries","floor":6.0,"turns":9.0},{"damage":36.0,"enemies":"Gremlin Nob","floor":8.0,"turns":5.0},{"damage":0.0,"enemies":"2 Fungi Beasts","floor":12.0,"turns":3.0},{"damage":21.0,"enemies":"Exordium Thugs","floor":13.0,"turns":6.0},{"damage":1.0,"enemies":"Looter","floor":14.0,"turns":3.0},{"damage":36.0,"enemies":"Slime Boss","floor":16.0,"turns":12.0},{"damage":12.0,"enemies":"2 Thieves","floor":18.0,"turns":3.0},{"damage":4.0,"enemies":"Chosen","floor":20.0,"turns":4.0},{"damage":8.0,"enemies":"Slavers","floor":24.0,"turns":4.0},{"damage":14.0,"enemies":"Masked Bandits","floor":25.0,"turns":3.0},{"damage":3.0,"enemies":"Centurion and Healer","floor":29.0,"turns":6.0},{"damage":6.0,"enemies":"Snake Plant","floor":30.0,"turns":3.0},{"damage":0.0,"enemies":"Gremlin Leader","floor":31.0,"turns":6.0},{"damage":67,"enemies":"Champ","floor":33,"turns":12}],"seed_played":"-449530324739523056","potions_obtained":[{"floor":1.0,"key":"GamblersBrew"},{"floor":2.0,"key":"Fire Potion"},{"floor":12.0,"key":"GamblersBrew"},{"floor":13.0,"key":"Strength Potion"},{"floor":18.0,"key":"Fire Potion"},{"floor":27.0,"key":"FairyPotion"},{"floor":27.0,"key":"AttackPotion"},{"floor":29.0,"key":"AttackPotion"}],"is_trial":false,"path_per_floor":["M","M","$","M","?","E","R","E","T","?","R","M","M","M","R","B",null,"M","$","M","?","$","R","E","?","T","?","R","M","M","E","R","B"],"character_chosen":"THE_SILENT","items_purchased":["Caltrops","Bronze Scales"],"campfire_rested":3,"item_purchase_floors":[3,19],"current_hp_per_floor":[62,60,60,59,41,37,37,1,1,19,40,40,19,18,39,3,55,43,43,39,39,39,39,31,17,17,17,38,35,29,36,36,0],"gold":127,"neow_bonus":"TEN_PERCENT_HP_BONUS","is_prod":false,"is_daily":false,"chose_seed":false,"campfire_upgraded":3,"win_rate":0,"timestamp":1558804986,"path_taken":["M","M","$","M","?","E","R","E","T","?","R","M","M","M","R","BOSS","M","$","M","?","?","R","E","?","T","?","R","M","M","E","R","BOSS"],"build_version":"2019-01-23","purchased_purges":1,"victory":false,"max_hp_per_floor":[72,72,72,72,72,72,72,72,72,72,72,72,72,72,72,72,72,72,72,72,72,72,72,72,72,72,72,72,72,72,79,79,79],"card_choices":[{"not_picked":["Slice","Heel Hook"],"picked":"Dash","floor":1.0},{"not_picked":["Calculated Gamble","Escape Plan"],"picked":"Backflip","floor":2.0},{"not_picked":["Catalyst","Sucker Punch"],"picked":"Flying Knee","floor":4.0},{"not_picked":["Finisher","Slice"],"picked":"PiercingWail","floor":6.0},{"not_picked":["Accuracy","Dodge and Roll"],"picked":"Die Die Die","floor":8.0},{"not_picked":["Dagger Spray","Deadly Poison","Poisoned Stab"],"picked":"Crippling Poison","floor":12.0},{"not_picked":["Deadly Poison","PiercingWail","Footwork"],"picked":"Riddle With Holes","floor":13.0},{"not_picked":["Sucker Punch","Backflip","Dagger Throw"],"picked":"Dagger Spray","floor":14.0},{"not_picked":["Corpse Explosion","Tools of the Trade","Bullet Time"],"picked":"Glass Knife","floor":16.0},{"not_picked":["Outmaneuver","Finisher","Poisoned Stab"],"picked":"Blur","floor":18.0},{"not_picked":["Acrobatics","Bane","Blade Dance"],"picked":"Terror+1","floor":20.0},{"not_picked":["Blur","Dagger Throw","Acrobatics"],"picked":"Cloak And Dagger+1","floor":24.0},{"not_picked":["Finisher","Deflect","Outmaneuver"],"picked":"Footwork","floor":29.0},{"not_picked":["Underhanded Strike","Skewer","Poisoned Stab","Quick Slash"],"picked":"SKIP","floor":30.0},{"not_picked":["Dash","Venomology","Flechettes"],"picked":"Envenom","floor":31.0}],"player_experience":1449377,"relics_obtained":[{"floor":6.0,"key":"The Courier"},{"floor":8.0,"key":"Question Card"},{"floor":9.0,"key":"Bottled Flame"},{"floor":24.0,"key":"Shuriken"},{"floor":25.0,"key":"Red Mask"},{"floor":26.0,"key":"Orichalcum"},{"floor":31.0,"key":"Strawberry"}],"event_choices":[{"damage_healed":0.0,"max_hp_gain":0.0,"max_hp_loss":0.0,"gold_gain":0.0,"event_name":"Scrap Ooze","player_choice":"Success","floor":5.0,"gold_loss":0.0,"damage_taken":18.0,"relics_obtained":["Paper Crane"]},{"damage_healed":18.0,"max_hp_gain":0.0,"max_hp_loss":0.0,"gold_gain":0.0,"event_name":"The Cleric","player_choice":"Healed","floor":10.0,"gold_loss":35.0,"damage_taken":0.0},{"damage_healed":0.0,"max_hp_gain":0.0,"max_hp_loss":0.0,"gold_gain":0.0,"cards_transformed":["Strike_G"],"event_name":"Transmorgrifier","player_choice":"Transformed","floor":21.0,"gold_loss":0.0,"damage_taken":0.0,"cards_obtained":["Accuracy"]},{"damage_healed":0.0,"max_hp_gain":0.0,"max_hp_loss":0.0,"gold_gain":0.0,"event_name":"Masked Bandits","player_choice":"Fought Bandits","floor":25.0,"gold_loss":0.0,"damage_taken":0.0},{"damage_healed":0.0,"max_hp_gain":0.0,"max_hp_loss":0.0,"gold_gain":0.0,"event_name":"The Woman in Blue","player_choice":"Bought 2 Potions","floor":27.0,"gold_loss":0.0,"damage_taken":0.0}],"is_beta":false,"boss_relics":[{"not_picked":["Orrery","Ectoplasm"],"picked":"Snecko Eye"}],"items_purged_floors":[19],"is_endless":false,"potions_floor_spawned":[1,2,12,13,18,29],"killed_by":"Champ","ascension_level":20}