{"gold_per_floor":[115,115,184,184,200,231,231,242,267,295,295,295,295,331,331,460,460,478,478,478,478,478,478],"floor_reached":23,"playtime":1068,"items_purged":[],"score":279,"play_id":"6ef9c4a1-5587-437d-8f0e-e824bb4c427e","local_time":"20181010015421","is_ascension_mode":true,"campfire_choices":[{"floor":7,"key":"REST"},{"floor":13,"key":"REST"},{"floor":15,"key":"REST"}],"neow_cost":"NONE","seed_source_timestamp":1433962158335042,"circlet_count":0,"master_deck":["Defend_B","Defend_B","Defend_B","Defend_B","Zap+1","Dualcast","Self Repair+1","Compile Driver+1","Double Energy+1","Consume","Ball Lightning","Coolheaded","Sweeping Beam","Injury","Skim","Sweeping Beam","Sunder","Machine Learning","Tempest+1","Bite","Bite","Bite","Bite","Bite","Pain"],"relics":["Astrolabe","PreservedInsect","Dream Catcher","Bronze Scales","Golden Idol","Lantern","Black Star","WarpedTongs","Dodecahedron","Mummified Hand"],"potions_floor_usage":[14,16],"damage_taken":[{"damage":0,"enemies":"Small Slimes","floor":1,"turns":4},{"damage":1,"enemies":"Cultist","floor":5,"turns":3},{"damage":60,"enemies":"3 Sentries","floor":6,"turns":10},{"damage":19,"enemies":"Jaw Worm","floor":8,"turns":4},{"damage":25,"enemies":"Lagavulin","floor":10,"turns":6},{"damage":20,"enemies":"3 Sentries","floor":14,"turns":4},{"damage":31,"enemies":"The Guardian","floor":16,"turns":8},{"damage":24,"enemies":"2 Thieves","floor":18,"turns":4},{"damage":63,"enemies":"Gremlin Leader","floor":23,"turns":4}],"seed_played":"5211133889029265622","potions_obtained":[{"floor":6,"key":"LiquidBronze"},{"floor":14,"key":"FocusPotion"}],"is_trial":false,"path_per_floor":["M","?","?","?","M","E","R","M","T","E","?","?","R","E","R","B",null,"M","?","?","T","?"],"character_chosen":"DEFECT","items_purchased":[],"campfire_rested":3,"item_purchase_floors":[],"current_hp_per_floor":[75,75,75,75,75,25,47,38,38,23,23,23,45,25,47,26,63,49,49,49,49,49,0],"gold":478,"neow_bonus":"BOSS_RELIC","is_prod":false,"is_daily":false,"chose_seed":false,"campfire_upgraded":0,"win_rate":0,"timestamp":1539125661,"path_taken":["M","?","?","?","?","E","R","M","T","E","?","?","R","E","R","BOSS","M","?","?","?","?","E"],"build_version":"2018-10-08","purchased_purges":0,"victory":false,"max_hp_per_floor":[75,75,75,75,75,75,75,75,75,75,75,75,75,75,75,75,75,75,52,52,52,52,52],"card_choices":[{"not_picked":["Go for the Eyes","Redo"],"picked":"Double Energy","floor":1},{"not_picked":["Streamline","Barrage"],"picked":"Consume","floor":5},{"not_picked":["Creative AI","Beam Cell"],"picked":"Ball Lightning","floor":6},{"not_picked":["Go for the Eyes","Hologram"],"picked":"Coolheaded","floor":8},{"not_picked":["Redo","Beam Cell"],"picked":"Sweeping Beam","floor":10},{"not_picked":["Turbo","Barrage"],"picked":"Skim","floor":13},{"not_picked":["Heatsinks","Force Field"],"picked":"Sweeping Beam","floor":14},{"not_picked":["Echo Form","Force Field"],"picked":"Sunder","floor":15},{"not_picked":["Echo Form","Amplify"],"picked":"Machine Learning","floor":16},{"not_picked":["Steam+1","Static Discharge"],"picked":"Tempest+1","floor":18}],"player_experience":258612,"relics_obtained":[{"floor":6,"key":"PreservedInsect"},{"floor":9,"key":"Dream Catcher"},{"floor":10,"key":"Bronze Scales"},{"floor":14,"key":"Lantern"},{"floor":21,"key":"Dodecahedron"}],"event_choices":[{"event_name":"Bonfire Elementals","player_choice":"COMMON","floor":2,"damage_taken":0},{"event_name":"Golden Wing","player_choice":"Gained Gold","floor":3,"damage_taken":0},{"event_name":"Upgrade Shrine","player_choice":"Upgraded","floor":4,"damage_taken":0},{"event_name":"Living Wall","player_choice":"Grow","floor":11,"damage_taken":0},{"event_name":"Golden Idol","player_choice":"Take Wound","floor":12,"damage_taken":0},{"event_name":"Vampires","player_choice":"Became a vampire","floor":19,"damage_taken":0},{"event_name":"Accursed Blacksmith","player_choice":"Rummage","floor":20,"damage_taken":0},{"event_name":"The Mausoleum","player_choice":"Yes","floor":22,"damage_taken":0}],"is_beta":true,"boss_relics":[{"not_picked":["Runic Dome","Snecko Eye"],"picked":"Black Star"}],"items_purged_floors":[],"is_endless":false,"potions_floor_spawned":[6,14],"killed_by":"Gremlin Leader","ascension_level":5}