{"path_per_floor":["M","T","M","M","M","R","$","E","T","R","?","?","R","M","R","B",null,"M","M","?","M","?","R"],"character_chosen":"THE_SILENT","items_purchased":["Happy Flower","Poisoned Stab"],"gold_per_floor":[109,162,179,189,208,208,15,49,49,49,49,49,49,59,59,155,155,174,188,188,206,131,131],"floor_reached":24,"campfire_rested":3,"playtime":3135,"current_hp_per_floor":[58,58,58,57,44,44,44,29,29,29,29,15,51,33,69,15,70,50,26,17,8,8,45],"items_purged":[],"gold":131,"play_id":"a8ce5aa1-0b12-4b31-bd74-e910a49ef994","is_prod":false,"is_daily":false,"is_ascension_mode":false,"campfire_upgraded":2,"path_taken":["M","?","M","M","M","R","$","E","T","R","?","?","R","?","R","BOSS","M","?","?","M","?","R","E"],"build_version":"2018-01-25-PROD3","purchased_purges":0,"victory":false,"master_deck":["Defend_G","Defend_G","Defend_G","Defend_G","Defend_G","Strike_G","Strike_G","Strike_G","Strike_G","Strike_G+1","Survivor","Neutralize+1","Backflip","Dagger Throw","Distraction+1","Quick Slash","Poisoned Stab","Prepared+1","Choke","Envenom","Bouncing Flask","Deflect","Deadly Poison+1"],"max_hp_per_floor":[70,70,70,70,70,70,70,70,70,70,70,70,70,70,70,70,70,70,70,75,75,75,75],"relics":["Ring of the Snake","Vajra","Happy Flower","Regal Pillow","Paper Crane","Bag of Preparation","The Specimen"],"card_choices":[{"not_picked":["Prepared","Skewer"],"picked":"Backflip"},{"not_picked":["Slice","Phantasmal Killer"],"picked":"Dagger Throw"},{"not_picked":["Backflip","Dagger Spray"],"picked":"Distraction"},{"not_picked":["PiercingWail","Prepared"],"picked":"Quick Slash"},{"not_picked":["Riddle With Holes","Eviscerate"],"picked":"Prepared"},{"not_picked":["Deflect","Flechettes"],"picked":"Choke"},{"not_picked":["Phantasmal Killer","Doppelganger"],"picked":"Envenom"},{"not_picked":["Deflect","Prepared"],"picked":"Bouncing Flask"},{"not_picked":["Sucker Punch","Flechettes"],"picked":"Deflect"},{"not_picked":["Acrobatics","PiercingWail"],"picked":"Deadly Poison"}],"player_experience":12719,"potions_floor_usage":[16,21,21,21],"damage_taken":[{"damage":12,"enemies":"Blue Slaver","floor":1,"turns":4},{"damage":0,"enemies":"2 Louse","floor":3,"turns":3},{"damage":1,"enemies":"Small Slimes","floor":4,"turns":3},{"damage":13,"enemies":"Exordium Thugs","floor":5,"turns":8},{"damage":15,"enemies":"3 Sentries","floor":8,"turns":7},{"damage":18,"enemies":"Gremlin Gang","floor":14,"turns":5},{"damage":54,"enemies":"Slime Boss","floor":16,"turns":16},{"damage":20,"enemies":"3 Byrds","floor":18,"turns":7},{"damage":24,"enemies":"Spheric Guardian","floor":19,"turns":5},{"damage":24,"enemies":"Slaver and Parasite","floor":21,"turns":6},{"damage":45,"enemies":"Gremlin Leader","floor":24,"turns":6}],"event_choices":[{"event_name":"Big Fish","player_choice":"Box","floor":11,"damage_taken":0},{"event_name":"Shining Light","player_choice":"Entered Light","floor":12,"damage_taken":0},{"event_name":"Forgotten Altar","player_choice":"Shed Blood","floor":20,"damage_taken":0},{"event_name":"Beggar","player_choice":"Gave Gold","floor":22,"damage_taken":0}],"boss_relics":[{"not_picked":["Snecko Eye","Eternal Feather"],"picked":"The Specimen"}],"potions_floor_spawned":[3,5,18,19],"seed_played":"-5876025971643257747","killed_by":"Gremlin Leader","ascension_level":0,"is_trial":false}