{"path_per_floor":["M","?","?","$","?","R","E","M","T","M","M","M","E","M","R","B",null,"M","M","M","?","?","E","$"],"character_chosen":"IRONCLAD","items_purchased":["Regen Potion"],"gold_per_floor":[116,116,116,41,41,41,66,81,81,93,103,123,152,172,172,277,277,288,304,319,319,244,278,126],"floor_reached":25,"campfire_rested":0,"playtime":2040,"current_hp_per_floor":[73,79,71,71,71,71,55,57,57,56,48,43,40,41,41,7,104,86,77,71,49,49,11,11],"items_purged":["Normality","Clumsy"],"gold":126,"score":283,"play_id":"cc5fcb61-7dd6-409f-b4cf-0817c5fa7335","is_prod":false,"is_daily":false,"is_ascension_mode":false,"campfire_upgraded":2,"path_taken":["M","?","?","$","?","R","E","M","T","M","M","?","E","M","R","BOSS","M","M","M","?","?","E","?","E"],"build_version":"2018-02-08-BETA1","purchased_purges":2,"victory":false,"master_deck":["Strike_R","Strike_R","Strike_R","Strike_R","Strike_R","Defend_R","Defend_R","Defend_R","Defend_R","Bash","Infernal Blade+1","Armaments+1","Uppercut","Thunderclap","Evolve","Searing Blow","Dropkick","Iron Wave+1","Thunderclap+1","Feed+1","Clumsy","Armaments","Inflame","Headbutt+1","Berserk"],"max_hp_per_floor":[80,86,86,86,86,86,86,86,86,86,86,86,86,86,86,86,104,104,104,108,113,113,113,113],"relics":["Calling Bell","Blood Vial","Darkstone Periapt","Orichalcum","Oddly Smooth Stone","Vajra","Frozen Eye","Molten Egg 2","Astrolabe","Charon\u0027s Ashes"],"card_choices":[{"not_picked":["Headbutt","Flame Barrier"],"picked":"Infernal Blade"},{"not_picked":["Sword Boomerang","Dropkick"],"picked":"Uppercut"},{"not_picked":["Dual Wield","Combust"],"picked":"Thunderclap"},{"not_picked":["Wild Strike","Pommel Strike"],"picked":"Evolve"},{"not_picked":["Clothesline","Armaments"],"picked":"Searing Blow"},{"not_picked":["Headbutt","Sword Boomerang"],"picked":"Dropkick"},{"not_picked":["Shockwave","Battle Trance"],"picked":"Iron Wave"},{"not_picked":["Pommel Strike","Reckless Charge"],"picked":"Thunderclap"},{"not_picked":["Barricade","Reaper"],"picked":"Feed"},{"not_picked":["Twin Strike","Corruption"],"picked":"Armaments"},{"not_picked":["Pommel Strike","True Grit"],"picked":"Inflame"},{"not_picked":["Twin Strike","True Grit"],"picked":"Headbutt"},{"not_picked":["Impervious","Havoc"],"picked":"Berserk"}],"player_experience":62607,"potions_floor_usage":[11,16,23,23,25],"damage_taken":[{"damage":7,"enemies":"Small Slimes","floor":1,"turns":4},{"damage":18,"enemies":"3 Sentries","floor":7,"turns":9},{"damage":5,"enemies":"Blue Slaver","floor":8,"turns":4},{"damage":3,"enemies":"Cultist","floor":10,"turns":4},{"damage":10,"enemies":"2 Fungi Beasts","floor":11,"turns":4},{"damage":7,"enemies":"Lots of Slimes","floor":12,"turns":3},{"damage":5,"enemies":"Gremlin Nob","floor":13,"turns":4},{"damage":1,"enemies":"3 Louse","floor":14,"turns":4},{"damage":36,"enemies":"The Guardian","floor":16,"turns":11},{"damage":18,"enemies":"Shell Parasite","floor":18,"turns":9},{"damage":11,"enemies":"Chosen","floor":19,"turns":6},{"damage":12,"enemies":"3 Cultists","floor":20,"turns":5},{"damage":40,"enemies":"Book of Stabbing","floor":23,"turns":7},{"damage":20,"enemies":"Slavers","floor":25,"turns":1}],"event_choices":[{"event_name":"Accursed Blacksmith","player_choice":"Rummage","floor":2,"damage_taken":0},{"event_name":"Wheel of Change","player_choice":"Damage","floor":3,"damage_taken":0},{"event_name":"Match and Keep!","player_choice":"1 cards matched","floor":5,"damage_taken":0},{"event_name":"Forgotten Altar","player_choice":"Shed Blood","floor":21,"damage_taken":0},{"event_name":"Beggar","player_choice":"Gave Gold","floor":22,"damage_taken":0}],"boss_relics":[{"not_picked":["Lizard Tail","Sozu"],"picked":"Astrolabe"}],"potions_floor_spawned":[7,10,14,16,18,20],"seed_played":"-4738314983364541461","killed_by":"Slavers","ascension_level":0,"is_trial":false}