{"gold_per_floor":[112,112,112,112,187,187,213,213,213,213,230,230,261,281,281,355,355,370,370],"floor_reached":19,"playtime":874,"items_purged":[],"score":386,"play_id":"ab7de357-4f3c-49ef-891e-3d6ecbcb8182","local_time":"20190207224013","is_ascension_mode":true,"campfire_choices":[{"floor":6,"key":"REST"},{"data":"Infernal Blade","floor":10,"key":"SMITH"},{"data":"Iron Wave","floor":12,"key":"SMITH"},{"data":"True Grit","floor":15,"key":"SMITH"}],"neow_cost":"NONE","seed_source_timestamp":1454679198593537,"circlet_count":0,"master_deck":["AscendersBane","Strike_R","Strike_R","Strike_R","Strike_R","Defend_R","Defend_R","Defend_R","Defend_R+1","Bash+1","Sever Soul","Reaper","Infernal Blade+1","Iron Wave+1","True Grit+1","Pommel Strike","Demon Form"],"relics":["Burning Blood","NeowsBlessing","Regal Pillow","Potion Belt","Bottled Lightning","Pear","Philosopher\u0027s Stone"],"potions_floor_usage":[16,16,18],"damage_taken":[{"damage":0,"enemies":"Jaw Worm","floor":1,"turns":1},{"damage":0,"enemies":"Gremlin Nob","floor":7,"turns":1},{"damage":0,"enemies":"Small Slimes","floor":11,"turns":1},{"damage":14,"enemies":"3 Sentries","floor":13,"turns":7},{"damage":1,"enemies":"2 Louse","floor":14,"turns":2},{"damage":38,"enemies":"Slime Boss","floor":16,"turns":14},{"damage":41,"enemies":"Shell Parasite","floor":18,"turns":4},{"damage":48,"enemies":"3 Byrds","floor":19,"turns":5}],"seed_played":"8420891673284543896","potions_obtained":[{"floor":1,"key":"GamblersBrew"},{"floor":11,"key":"AttackPotion"},{"floor":13,"key":"EssenceOfSteel"}],"is_trial":false,"path_per_floor":["M","?","?","?","?","R","E","$","T","R","M","R","E","M","R","B",null,"M","M"],"character_chosen":"IRONCLAD","items_purchased":[],"campfire_rested":1,"item_purchase_floors":[],"current_hp_per_floor":[74,56,56,33,22,59,65,65,65,65,72,72,82,85,85,53,77,48,0],"gold":370,"neow_bonus":"THREE_ENEMY_KILL","is_prod":false,"is_daily":false,"chose_seed":false,"campfire_upgraded":3,"win_rate":0,"timestamp":1549572013,"path_taken":["M","?","?","?","?","R","E","$","T","R","?","R","E","M","R","BOSS","M","M"],"build_version":"2019-02-06","purchased_purges":0,"victory":false,"max_hp_per_floor":[75,75,75,75,75,75,75,75,75,75,75,75,85,85,85,85,85,85,85],"card_choices":[{"not_picked":["Perfected Strike","Whirlwind"],"picked":"Sever Soul","floor":1},{"not_picked":["Thunderclap","Clash"],"picked":"Infernal Blade","floor":7},{"not_picked":["Dual Wield","Flex"],"picked":"Iron Wave","floor":11},{"not_picked":["Burning Pact","Heavy Blade"],"picked":"True Grit","floor":13},{"not_picked":["Anger","Fiend Fire"],"picked":"Pommel Strike","floor":14},{"not_picked":["Barricade","Berserk"],"picked":"Demon Form","floor":16},{"not_picked":["Bloodletting","Warcry","Spot Weakness"],"picked":"SKIP","floor":18}],"player_experience":434770,"relics_obtained":[{"floor":7,"key":"Potion Belt"},{"floor":9,"key":"Bottled Lightning"},{"floor":13,"key":"Pear"}],"event_choices":[{"damage_healed":0,"gold_gain":0,"player_choice":"Success","damage_taken":18,"relics_obtained":["Regal Pillow"],"max_hp_gain":0,"max_hp_loss":0,"event_name":"Scrap Ooze","floor":2,"gold_loss":0},{"damage_healed":0,"gold_gain":0,"cards_transformed":["Strike_R"],"player_choice":"Change","damage_taken":0,"max_hp_gain":0,"max_hp_loss":0,"event_name":"Living Wall","floor":3,"gold_loss":0,"cards_obtained":["Reaper"]},{"damage_healed":0,"gold_gain":0,"player_choice":"Entered Light","damage_taken":23,"max_hp_gain":0,"max_hp_loss":0,"event_name":"Shining Light","floor":4,"gold_loss":0,"cards_upgraded":["Defend_R","Bash"]},{"damage_healed":0,"gold_gain":75,"player_choice":"Gather Gold","damage_taken":11,"max_hp_gain":0,"max_hp_loss":0,"event_name":"World of Goop","floor":5,"gold_loss":0}],"is_beta":true,"boss_relics":[{"not_picked":["Runic Dome","Snecko Eye"],"picked":"Philosopher\u0027s Stone"}],"items_purged_floors":[],"is_endless":false,"potions_floor_spawned":[1,11,13],"killed_by":"3 Byrds","ascension_level":19}