{"gold_per_floor":[19,38,53,53,71,71,100,100,100,60,88,88,88,114,114,185,185,197,183,39,53,73,73,100,100,100,114,133,133,165,177,177,250,250,268,268,283,283,283,283],"floor_reached":40,"playtime":3221,"items_purged":[],"score":719,"play_id":"c55bcc42-27c0-41a8-91c7-7c229e600c7d","local_time":"20190526080339","is_ascension_mode":true,"campfire_choices":[{"floor":6,"key":"REST"},{"floor":8,"key":"REST"},{"floor":13,"key":"REST"},{"floor":15,"key":"REST"},{"data":"Loop","floor":23,"key":"SMITH"},{"floor":25,"key":"REST"},{"floor":32,"key":"REST"}],"neow_cost":"NO_GOLD","seed_source_timestamp":314628735988563,"circlet_count":0,"master_deck":["AscendersBane","Dualcast","Coolheaded","Scrape","Ball Lightning","Lockon","Glacier+1","Loop","Auto Shields+1","Static Discharge","Rainbow+1","Stack+1","All For One","Fission+1","Self Repair","Capacitor","Lockon","Core Surge","Undo+1","Tempest+1","Loop+1","Auto Shields+1","Darkness+1","Go for the Eyes","Tempest+1","Core Surge","FTL","Redo+1"],"relics":["Cracked Core","Toxic Egg 2","Darkstone Periapt","Odd Mushroom","Lantern","Pandora\u0027s Box","DataDisk","Peace Pipe","Ancient Tea Set","Dodecahedron","Eternal Feather","The Courier"],"potions_floor_usage":[11,18,21,24,28,31,33,37],"damage_taken":[{"damage":7,"enemies":"Jaw Worm","floor":1,"turns":3},{"damage":1,"enemies":"Cultist","floor":2,"turns":3},{"damage":19,"enemies":"Small Slimes","floor":3,"turns":3},{"damage":5,"enemies":"3 Louse","floor":5,"turns":4},{"damage":36,"enemies":"Gremlin Nob","floor":7,"turns":4},{"damage":22,"enemies":"The Mushroom Lair","floor":11,"turns":5},{"damage":12,"enemies":"Lagavulin","floor":14,"turns":6},{"damage":32,"enemies":"Hexaghost","floor":16,"turns":10},{"damage":2,"enemies":"3 Byrds","floor":18,"turns":3},{"damage":7,"enemies":"2 Thieves","floor":19,"turns":4},{"damage":10,"enemies":"Centurion and Healer","floor":21,"turns":6},{"damage":0,"enemies":"Snecko","floor":22,"turns":4},{"damage":31,"enemies":"Gremlin Leader","floor":24,"turns":9},{"damage":7,"enemies":"Cultist and Chosen","floor":27,"turns":8},{"damage":0,"enemies":"3 Cultists","floor":28,"turns":2},{"damage":34,"enemies":"Book of Stabbing","floor":30,"turns":4},{"damage":14,"enemies":"Centurion and Healer","floor":31,"turns":3},{"damage":44,"enemies":"Champ","floor":33,"turns":11},{"damage":0,"enemies":"Orb Walker","floor":35,"turns":3},{"damage":0,"enemies":"3 Shapes","floor":37,"turns":4},{"damage":78,"enemies":"Reptomancer","floor":40,"turns":6}],"seed_played":"-5344642531074731815","potions_obtained":[{"floor":2,"key":"EssenceOfSteel"},{"floor":11,"key":"Energy Potion"},{"floor":14,"key":"Explosive Potion"},{"floor":16,"key":"LiquidBronze"},{"floor":18,"key":"EssenceOfSteel"},{"floor":22,"key":"Explosive Potion"},{"floor":27,"key":"PowerPotion"},{"floor":28,"key":"FearPotion"},{"floor":30,"key":"Weak Potion"},{"floor":35,"key":"Poison Potion"}],"is_trial":false,"path_per_floor":["M","M","M","?","M","R","E","R","T","$","?","$","R","E","R","B",null,"M","M","$","M","M","R","E","R","T","M","M","?","E","M","R","B",null,"M","?","M","?","T","E"],"character_chosen":"DEFECT","items_purchased":["Loop","DataDisk"],"campfire_rested":6,"item_purchase_floors":[10,20],"current_hp_per_floor":[75,74,55,48,43,69,33,59,59,59,37,37,63,51,77,45,78,76,76,76,73,73,73,42,68,68,68,68,68,41,34,60,23,73,73,73,73,73,73,0],"gold":283,"neow_bonus":"TWENTY_PERCENT_HP_BONUS","is_prod":false,"is_daily":false,"chose_seed":false,"campfire_upgraded":1,"win_rate":0,"timestamp":1558847019,"path_taken":["M","M","M","?","M","R","E","R","T","$","?","?","R","E","R","BOSS","M","M","$","?","M","R","E","R","T","M","M","?","E","M","R","BOSS","M","?","M","?","?","E"],"build_version":"2019-01-23","purchased_purges":0,"victory":false,"max_hp_per_floor":[89,89,89,89,89,89,89,89,89,89,89,89,89,89,89,89,89,89,89,89,89,89,89,89,89,89,89,89,89,89,89,89,89,89,89,89,89,85,85,85],"card_choices":[{"not_picked":["Sweeping Beam","Stack"],"picked":"Coolheaded","floor":1},{"not_picked":["Capacitor","Recycle"],"picked":"Scrape","floor":2},{"not_picked":["Hologram","Stack"],"picked":"Ball Lightning","floor":3},{"not_picked":["Reboot","Beam Cell"],"picked":"Lockon","floor":5},{"not_picked":["Stack","Lockon"],"picked":"Glacier","floor":7},{"not_picked":["Beam Cell","Melter"],"picked":"Auto Shields+1","floor":11},{"not_picked":["Stack+1","Steam+1"],"picked":"Static Discharge","floor":14},{"not_picked":["Biased Cognition","Hyperbeam"],"picked":"Rainbow+1","floor":16},{"not_picked":["Darkness+1","Chaos+1"],"picked":"Undo+1","floor":18},{"not_picked":["Lockon","Scrape+1"],"picked":"Tempest+1","floor":19},{"not_picked":["Barrage+1","Sweeping Beam"],"picked":"Loop","floor":21},{"not_picked":["Barrage","Aggregate+1","Recycle+1"],"picked":"SKIP","floor":22},{"not_picked":["Go for the Eyes","Reboot+1"],"picked":"Auto Shields+1","floor":24},{"not_picked":["Leap+1","Turbo+1"],"picked":"Darkness+1","floor":27},{"not_picked":["Static Discharge","Aggregate+1"],"picked":"Go for the Eyes","floor":28},{"not_picked":["Heatsinks","Compile Driver"],"picked":"Tempest+1","floor":30},{"not_picked":["Barrage","Rebound","Scrape"],"picked":"SKIP","floor":31},{"not_picked":["Multi-Cast+1","Seek+1"],"picked":"Core Surge","floor":33},{"not_picked":["Coolheaded+1","Hologram+1"],"picked":"FTL","floor":35},{"not_picked":["Gash","Stack+1"],"picked":"Redo+1","floor":37}],"player_experience":538283,"relics_obtained":[{"floor":7,"key":"Toxic Egg 2"},{"floor":9,"key":"Darkstone Periapt"},{"floor":11,"key":"Odd Mushroom"},{"floor":14,"key":"Lantern"},{"floor":24,"key":"Peace Pipe"},{"floor":26,"key":"Ancient Tea Set"},{"floor":30,"key":"Dodecahedron"},{"floor":39,"key":"The Courier"}],"event_choices":[{"cards_removed":["Strike_B"],"damage_healed":0,"gold_gain":0,"player_choice":"Card Removal","damage_taken":7,"max_hp_gain":0,"max_hp_loss":0,"event_name":"Golden Wing","floor":4,"gold_loss":0},{"damage_healed":0,"gold_gain":0,"player_choice":"Fought Mushrooms","damage_taken":0,"max_hp_gain":0,"max_hp_loss":0,"event_name":"Mushrooms","floor":11,"gold_loss":0},{"damage_healed":0,"gold_gain":0,"player_choice":"Ignored","damage_taken":0,"max_hp_gain":0,"max_hp_loss":0,"event_name":"Ghosts","floor":29,"gold_loss":0},{"cards_removed":["Zap"],"damage_healed":0,"gold_gain":0,"player_choice":"Removed Skill","damage_taken":0,"max_hp_gain":0,"max_hp_loss":0,"event_name":"Falling","floor":36,"gold_loss":0},{"damage_healed":0,"gold_gain":0,"player_choice":"Max HP","damage_taken":0,"max_hp_gain":0,"max_hp_loss":4,"event_name":"Winding Halls","floor":38,"gold_loss":0}],"is_beta":false,"boss_relics":[{"not_picked":["Runic Dome","Velvet Choker"],"picked":"Pandora\u0027s Box"},{"not_picked":["Runic Pyramid","Tiny House"],"picked":"Eternal Feather"}],"items_purged_floors":[],"is_endless":false,"potions_floor_spawned":[2,11,14,16,18,22,27,28,30,35],"killed_by":"Reptomancer","ascension_level":13}