{"gold_per_floor":[15,31,48,48,67,95,95,123,149,166,179,28,28,28,28,148,148,164,79,79,100,62,62,93,111,111,111,135,151,176,214,214,344,344,360,693,693,703,152,152,252,252,325,26,0,17,48,58,58,58],"floor_reached":51,"playtime":4747,"items_purged":["Aggregate"],"score":1173,"play_id":"5f03bcd6-42c9-4cfc-8986-0c03d6f00802","local_time":"20190526070510","is_ascension_mode":true,"campfire_choices":[{"data":"Zap","floor":7,"key":"SMITH"},{"floor":15,"key":"REST"},{"floor":23,"key":"REST"},{"floor":27,"key":"REST"},{"data":"Biased Cognition","floor":32,"key":"SMITH"},{"data":"Echo Form","floor":40,"key":"SMITH"},{"data":"1","floor":42,"key":"LIFT"},{"data":"2","floor":49,"key":"LIFT"}],"neow_cost":"NO_GOLD","seed_source_timestamp":309582063867394,"circlet_count":0,"master_deck":["AscendersBane","Zap+1","Dualcast","FTL","Compile Driver","Self Repair","Conserve Battery","Sweeping Beam","Ball Lightning","Core Surge","Go for the Eyes","Biased Cognition+1","Echo Form+1","Machine Learning","Machine Learning","Conserve Battery","Heatsinks","Fusion","Ball Lightning","Cold Snap","Self Repair","Glacier+1","Glacier+1","Go for the Eyes","Conserve Battery+1","Skim+1","Glacier+1","Seek+1","Rip and Tear+1","Cold Snap"],"relics":["Cracked Core","Pantograph","Strawberry","Lantern","PreservedInsect","Pandora\u0027s Box","Smiling Mask","Toxic Egg 2","Cables","Bag of Marbles","Eternal Feather","Potion Belt","Sling","Orichalcum","Girya","Bottled Lightning","Emotion Chip","Red Mask","Ginger"],"potions_floor_usage":[6,8,16,24,35,50,50,50],"damage_taken":[{"damage":5,"enemies":"Small Slimes","floor":1,"turns":3},{"damage":1,"enemies":"Cultist","floor":2,"turns":3},{"damage":2,"enemies":"2 Louse","floor":3,"turns":2},{"damage":5,"enemies":"2 Fungi Beasts","floor":5,"turns":3},{"damage":10,"enemies":"Lagavulin","floor":6,"turns":7},{"damage":12,"enemies":"Gremlin Nob","floor":8,"turns":3},{"damage":0,"enemies":"Looter","floor":10,"turns":2},{"damage":6,"enemies":"Exordium Wildlife","floor":11,"turns":2},{"damage":57,"enemies":"Hexaghost","floor":16,"turns":11},{"damage":23,"enemies":"Shell Parasite","floor":18,"turns":4},{"damage":45,"enemies":"2 Thieves","floor":21,"turns":4},{"damage":24,"enemies":"Gremlin Leader","floor":24,"turns":5},{"damage":17,"enemies":"Shelled Parasite and Fungi","floor":25,"turns":7},{"damage":8,"enemies":"Snake Plant","floor":28,"turns":5},{"damage":0,"enemies":"Chosen and Byrds","floor":29,"turns":6},{"damage":24,"enemies":"Centurion and Healer","floor":30,"turns":16},{"damage":0,"enemies":"Slavers","floor":31,"turns":8},{"damage":23,"enemies":"Champ","floor":33,"turns":11},{"damage":4,"enemies":"3 Shapes","floor":35,"turns":3},{"damage":4,"enemies":"Orb Walker","floor":38,"turns":4},{"damage":39,"enemies":"Mind Bloom Boss Battle","floor":41,"turns":6},{"damage":36,"enemies":"Spire Growth","floor":46,"turns":6},{"damage":10,"enemies":"Reptomancer","floor":47,"turns":5},{"damage":5,"enemies":"Transient","floor":48,"turns":5},{"damage":115,"enemies":"Time Eater","floor":50,"turns":17}],"seed_played":"3935780953560480959","potions_obtained":[{"floor":2,"key":"PowerPotion"},{"floor":3,"key":"PowerPotion"},{"floor":10,"key":"SkillPotion"},{"floor":18,"key":"Regen Potion"},{"floor":24,"key":"FairyPotion"},{"floor":28,"key":"Dexterity Potion"},{"floor":31,"key":"EssenceOfSteel"},{"floor":35,"key":"Regen Potion"},{"floor":47,"key":"SkillPotion"},{"floor":48,"key":"Weak Potion"}],"is_trial":false,"path_per_floor":["M","M","M","?","M","E","R","E","T","M","M","$","?","$","R","B",null,"M","?","?","M","$","R","E","M","T","R","M","M","M","E","R","B",null,"M","?","?","M","$","R","?","R","T","$","?","M","E","M","R","B",null],"character_chosen":"DEFECT","items_purchased":["PreservedInsect","Self Repair","Potion Belt","Sling","Orichalcum","Emotion Chip"],"campfire_rested":3,"item_purchase_floors":[12,22,39,39,39,44],"current_hp_per_floor":[77,76,74,74,76,73,73,75,75,82,83,83,59,59,87,46,84,61,61,61,23,23,51,41,38,38,66,72,93,83,96,96,80,92,96,96,91,91,91,91,73,88,88,88,88,66,63,72,90,6],"gold":58,"neow_bonus":"TWENTY_PERCENT_HP_BONUS","is_prod":false,"is_daily":false,"chose_seed":false,"campfire_upgraded":3,"win_rate":0,"timestamp":1558843510,"path_taken":["M","M","M","?","M","E","R","E","T","M","M","?","?","$","R","BOSS","M","?","?","M","?","R","E","M","T","R","M","?","M","E","R","BOSS","M","?","?","M","$","R","?","R","T","?","?","M","E","?","R","BOSS"],"build_version":"2019-01-23","purchased_purges":1,"victory":true,"max_hp_per_floor":[89,89,89,89,89,89,89,96,96,96,96,96,96,96,96,96,96,96,96,96,96,96,96,96,96,96,96,96,96,96,96,96,96,96,96,96,91,91,91,91,91,91,91,91,91,91,91,91,91,91],"card_choices":[{"not_picked":["Coolheaded","Darkness"],"picked":"FTL","floor":1},{"not_picked":["Sweeping Beam","Stack"],"picked":"Compile Driver","floor":2},{"not_picked":["Ball Lightning","Streamline"],"picked":"Self Repair","floor":3},{"not_picked":["Rebound","Barrage"],"picked":"Conserve Battery","floor":5},{"not_picked":["Steam Power","Storm"],"picked":"Sweeping Beam","floor":6},{"not_picked":["Gash","Rebound"],"picked":"Ball Lightning","floor":8},{"not_picked":["Rebound","Sweeping Beam"],"picked":"Core Surge","floor":10},{"not_picked":["Lockon","Compile Driver"],"picked":"Go for the Eyes","floor":11},{"not_picked":["Core Surge","Amplify"],"picked":"Biased Cognition","floor":16},{"not_picked":["Skim","Darkness"],"picked":"Ball Lightning","floor":18},{"not_picked":["Compile Driver","Lockon"],"picked":"Cold Snap","floor":21},{"not_picked":["Fission","Conserve Battery"],"picked":"Glacier","floor":24},{"not_picked":["Streamline","Go for the Eyes"],"picked":"Glacier+1","floor":25},{"not_picked":["Darkness+1","Double Energy+1"],"picked":"Go for the Eyes","floor":28},{"not_picked":["Genetic Algorithm+1","Turbo+1"],"picked":"Conserve Battery+1","floor":29},{"not_picked":["Steam Power+1","Compile Driver"],"picked":"Skim+1","floor":30},{"not_picked":["Gash","Force Field+1"],"picked":"Glacier+1","floor":31},{"not_picked":["Machine Learning","Amplify+1"],"picked":"Seek+1","floor":33},{"not_picked":["Gash","Barrage"],"picked":"Rip and Tear+1","floor":35},{"not_picked":["BootSequence+1","Leap+1","Coolheaded+1"],"picked":"SKIP","floor":38},{"not_picked":["Stack+1","Hologram+1","Beam Cell"],"picked":"SKIP","floor":46},{"not_picked":["Gash+1","Beam Cell+1","Streamline"],"picked":"SKIP","floor":47},{"not_picked":["Self Repair+1","Leap+1"],"picked":"Cold Snap","floor":48}],"player_experience":533536,"relics_obtained":[{"floor":6,"key":"Pantograph"},{"floor":8,"key":"Strawberry"},{"floor":9,"key":"Lantern"},{"floor":24,"key":"Toxic Egg 2"},{"floor":26,"key":"Cables"},{"floor":31,"key":"Bag of Marbles"},{"floor":41,"key":"Girya"},{"floor":43,"key":"Bottled Lightning"},{"floor":47,"key":"Ginger"}],"event_choices":[{"cards_removed":["Strike_B"],"damage_healed":0,"gold_gain":0,"player_choice":"Offered Basic","damage_taken":0,"max_hp_gain":0,"max_hp_loss":0,"event_name":"Bonfire Elementals","floor":4,"gold_loss":0},{"damage_healed":0,"gold_gain":0,"player_choice":"Take Damage","damage_taken":24,"relics_obtained":["Golden Idol"],"max_hp_gain":0,"max_hp_loss":0,"event_name":"Golden Idol","floor":13,"gold_loss":0},{"damage_healed":0,"gold_gain":0,"player_choice":"Obtained Relic","damage_taken":0,"relics_obtained":["Smiling Mask"],"max_hp_gain":0,"max_hp_loss":0,"event_name":"Addict","floor":19,"gold_loss":85},{"damage_healed":0,"gold_gain":0,"player_choice":"Ignored","damage_taken":0,"max_hp_gain":0,"max_hp_loss":0,"event_name":"Beggar","floor":20,"gold_loss":0},{"damage_healed":0,"gold_gain":333,"player_choice":"Gave Idol","damage_taken":0,"max_hp_gain":0,"max_hp_loss":0,"event_name":"The Moai Head","floor":36,"relics_lost":["Golden Idol"],"gold_loss":0},{"damage_healed":0,"gold_gain":0,"player_choice":"Max HP","damage_taken":0,"max_hp_gain":0,"max_hp_loss":5,"event_name":"Winding Halls","floor":37,"gold_loss":0},{"damage_healed":0,"gold_gain":0,"player_choice":"Fight","damage_taken":0,"max_hp_gain":0,"max_hp_loss":0,"event_name":"MindBloom","floor":41,"gold_loss":0},{"damage_healed":0,"gold_gain":0,"player_choice":"Paid","damage_taken":0,"relics_obtained":["Red Mask"],"max_hp_gain":0,"max_hp_loss":0,"event_name":"Tomb of Lord Red Mask","floor":45,"gold_loss":26}],"is_beta":false,"boss_relics":[{"not_picked":["Busted Crown","Sozu"],"picked":"Pandora\u0027s Box"},{"not_picked":["Snecko Eye","Inserter"],"picked":"Eternal Feather"}],"items_purged_floors":[39],"is_endless":false,"potions_floor_spawned":[2,3,10,18,24,28,31,33,35,47,48],"ascension_level":12}