{"gold_per_floor":[112,126,176,190,190,217,228,228,228,260,50,61,87,12,12,12],"floor_reached":16,"playtime":846,"items_purged":["Pain"],"score":180,"play_id":"d8e71b3c-7bff-49fd-8b92-0d663409bdab","local_time":"20181113190411","is_ascension_mode":true,"campfire_choices":[{"floor":8,"key":"REST"},{"floor":15,"key":"REST"}],"neow_cost":"NONE","seed_source_timestamp":2207539790258631,"circlet_count":0,"master_deck":["AscendersBane","Defend_G","Defend_G","Defend_G","Defend_G","Defend_G","Strike_G","Strike_G","Strike_G","Strike_G","Strike_G","Survivor","Neutralize","Underhanded Strike","Flying Knee","Slice","Quick Slash","Distraction","PiercingWail","All Out Attack","Quick Slash"],"relics":["Philosopher\u0027s Stone","Anchor","WarpedTongs","Blood Vial","Gremlin Horn","Happy Flower","Medical Kit","Bottled Flame"],"potions_floor_usage":[6,12,13,13],"damage_taken":[{"damage":1,"enemies":"Cultist","floor":1,"turns":5},{"damage":0,"enemies":"2 Louse","floor":2,"turns":3},{"damage":4,"enemies":"Small Slimes","floor":4,"turns":4},{"damage":14,"enemies":"3 Sentries","floor":6,"turns":8},{"damage":3,"enemies":"Looter","floor":7,"turns":3},{"damage":31,"enemies":"Lagavulin","floor":10,"turns":8},{"damage":6,"enemies":"Exordium Thugs","floor":12,"turns":4},{"damage":7,"enemies":"Gremlin Nob","floor":13,"turns":3},{"damage":50,"enemies":"Slime Boss","floor":16,"turns":7}],"seed_played":"-2765728332246336350","potions_obtained":[{"floor":2,"key":"GhostInAJar"},{"floor":4,"key":"Swift Potion"},{"floor":10,"key":"Fire Potion"},{"floor":12,"key":"SkillPotion"}],"is_trial":false,"path_per_floor":["M","M","T","M","?","E","M","R","T","E","$","M","E","$","R","B"],"character_chosen":"THE_SILENT","items_purchased":["Medical Kit"],"campfire_rested":2,"item_purchase_floors":[11],"current_hp_per_floor":[62,62,62,58,58,44,43,64,64,35,35,31,26,26,47,0],"gold":12,"neow_bonus":"BOSS_RELIC","is_prod":false,"is_daily":false,"chose_seed":false,"campfire_upgraded":0,"win_rate":0,"timestamp":1542128651,"path_taken":["M","M","?","M","?","E","?","R","T","E","?","M","E","$","R","BOSS"],"build_version":"2018-11-12","purchased_purges":1,"victory":false,"max_hp_per_floor":[70,70,70,70,70,70,70,70,70,70,70,70,70,70,70,70],"card_choices":[{"not_picked":["Dodge and Roll","Flechettes"],"picked":"Underhanded Strike","floor":1},{"not_picked":["Cloak And Dagger","Calculated Gamble"],"picked":"Flying Knee","floor":2},{"not_picked":["Riddle With Holes","Prepared"],"picked":"Slice","floor":4},{"not_picked":["Terror","Skewer"],"picked":"Quick Slash","floor":6},{"not_picked":["Deadly Poison","Underhanded Strike"],"picked":"Distraction","floor":7},{"not_picked":["Storm of Steel","Deflect"],"picked":"PiercingWail","floor":10},{"not_picked":["Flying Knee","Flechettes"],"picked":"All Out Attack","floor":12},{"not_picked":["Flechettes","Eviscerate"],"picked":"Quick Slash","floor":13}],"player_experience":299629,"relics_obtained":[{"floor":3,"key":"Anchor"},{"floor":6,"key":"Blood Vial"},{"floor":9,"key":"Gremlin Horn"},{"floor":10,"key":"Happy Flower"},{"floor":13,"key":"Bottled Flame"}],"event_choices":[{"damage_healed":0,"gold_gain":0,"player_choice":"Rummage","damage_taken":0,"relics_obtained":["WarpedTongs"],"max_hp_gain":0,"max_hp_loss":0,"event_name":"Accursed Blacksmith","floor":5,"gold_loss":0,"cards_obtained":["Pain"]}],"is_beta":true,"boss_relics":[],"items_purged_floors":[14],"is_endless":false,"potions_floor_spawned":[2,4,10,12],"killed_by":"Slime Boss","ascension_level":10}