{"gold_per_floor":[116,19,30,41,53,53,53,87,141,41,59,59,72,89,89,193,193,210,7,7,7,18,18,31,31,31,45,57,57,83,83],"floor_reached":31,"playtime":3969,"items_purged":["Strike_R","Defend_R","Defend_R"],"score":284,"play_id":"bc740fb2-3115-4274-8b6e-5b453399a8c7","local_time":"20190526181844","is_ascension_mode":false,"campfire_choices":[{"data":"Perfected Strike","floor":6,"key":"SMITH"},{"data":"Shrug It Off","floor":12,"key":"SMITH"},{"data":"Bash","floor":15,"key":"SMITH"},{"data":"RitualDagger","floor":23,"key":"SMITH"}],"neow_cost":"","seed_source_timestamp":247365967349014,"circlet_count":0,"master_deck":["Strike_R","Strike_R","Strike_R","Strike_R","Defend_R","Defend_R","Bash+1","Shrug It Off+1","Perfected Strike+1","Anger","Pommel Strike","Cleave","Shrug It Off","Iron Wave","Armaments","Perfected Strike","RitualDagger+1","Twin Strike+1"],"special_seed":0,"relics":["Burning Blood","Pear","Lantern","Bronze Scales","White Beast Statue","Nunchaku","Oddly Smooth Stone"],"potions_floor_usage":[24,27,28,28,30,30],"damage_taken":[{"damage":6,"enemies":"Cultist","floor":1,"turns":4},{"damage":6,"enemies":"Jaw Worm","floor":3,"turns":3},{"damage":2,"enemies":"2 Louse","floor":4,"turns":3},{"damage":7,"enemies":"Looter","floor":5,"turns":3},{"damage":28,"enemies":"Lagavulin","floor":8,"turns":7},{"damage":0,"enemies":"Exordium Thugs","floor":11,"turns":3},{"damage":0,"enemies":"2 Fungi Beasts","floor":13,"turns":2},{"damage":0,"enemies":"Exordium Wildlife","floor":14,"turns":3},{"damage":71,"enemies":"The Guardian","floor":16,"turns":8},{"damage":5,"enemies":"3 Byrds","floor":18,"turns":3},{"damage":18,"enemies":"Shell Parasite","floor":22,"turns":3},{"damage":13,"enemies":"3 Cultists","floor":24,"turns":5},{"damage":2,"enemies":"Centurion and Healer","floor":27,"turns":8},{"damage":27,"enemies":"Sentry and Sphere","floor":28,"turns":6},{"damage":16,"enemies":"Slavers","floor":30,"turns":4},{"damage":21,"enemies":"Snake Plant","floor":31,"turns":1}],"seed_played":"4874537121304488659","potions_obtained":[{"floor":8,"key":"Weak Potion"},{"floor":13,"key":"Explosive Potion"},{"floor":16,"key":"Energy Potion"},{"floor":18,"key":"Poison Potion"},{"floor":24,"key":"Fire Potion"},{"floor":27,"key":"SkillPotion"},{"floor":28,"key":"Strength Potion"},{"floor":30,"key":"Energy Potion"}],"is_trial":false,"path_per_floor":["M","$","M","M","M","R","?","E","T","$","M","R","M","M","R","B",null,"M","$","?","?","M","R","M","$","T","M","M","$","E","M"],"character_chosen":"IRONCLAD","items_purchased":["Perfected Strike","Armaments","Perfected Strike"],"campfire_rested":0,"item_purchase_floors":[2,19,19],"current_hp_per_floor":[80,80,80,80,79,79,77,55,55,55,61,61,67,73,73,8,90,90,90,84,66,54,54,47,47,47,51,30,30,20,0],"gold":83,"neow_bonus":"","is_prod":false,"is_daily":false,"chose_seed":false,"campfire_upgraded":4,"win_rate":0.0,"timestamp":1558887524,"path_taken":["M","?","?","M","M","R","?","E","T","?","M","R","M","M","R","BOSS","M","$","?","?","M","R","M","$","T","M","M","$","E","?"],"build_version":"2019-01-23","purchased_purges":3,"victory":false,"max_hp_per_floor":[80,80,80,80,80,80,90,90,90,90,90,90,90,90,90,90,90,90,90,90,95,95,95,95,95,95,95,95,95,95,95],"card_choices":[{"not_picked":["Warcry","Intimidate"],"picked":"Shrug It Off","floor":1},{"not_picked":["Body Slam","Hemokinesis"],"picked":"Anger","floor":3},{"not_picked":["Rage","Burning Pact","Dual Wield"],"picked":"SKIP","floor":4},{"not_picked":["Rage","Burning Pact","Dual Wield"],"picked":"SKIP","floor":4},{"not_picked":["Seeing Red","Iron Wave"],"picked":"Pommel Strike","floor":5},{"not_picked":["Flame Barrier","Bludgeon","Battle Trance"],"picked":"SKIP","floor":8},{"not_picked":["Corruption","Clothesline"],"picked":"Cleave","floor":11},{"not_picked":["Pommel Strike","Seeing Red"],"picked":"Shrug It Off","floor":13},{"not_picked":["Blood for Blood","Pommel Strike","Pummel"],"picked":"SKIP","floor":14},{"not_picked":["Rupture","Headbutt+1"],"picked":"Iron Wave","floor":18},{"not_picked":["True Grit+1","Flex+1","Entrench"],"picked":"SKIP","floor":22},{"not_picked":["Clothesline","Battle Trance","Cleave"],"picked":"SKIP","floor":24},{"not_picked":["Perfected Strike+1","Pommel Strike","Feel No Pain"],"picked":"SKIP","floor":27},{"not_picked":["Body Slam","Headbutt"],"picked":"Twin Strike+1","floor":28},{"not_picked":["Flex","Burning Pact","True Grit"],"picked":"SKIP","floor":30}],"player_experience":0,"relics_obtained":[{"floor":8,"key":"Lantern"},{"floor":9,"key":"Bronze Scales"},{"floor":26,"key":"Nunchaku"},{"floor":30,"key":"Oddly Smooth Stone"}],"event_choices":[{"damage_healed":0,"gold_gain":0,"player_choice":"Success","damage_taken":12,"relics_obtained":["Pear"],"max_hp_gain":0,"max_hp_loss":0,"event_name":"Scrap Ooze","floor":7,"gold_loss":0},{"damage_healed":0,"gold_gain":0,"player_choice":"Joined the Cult","damage_taken":6,"max_hp_gain":0,"max_hp_loss":0,"event_name":"Nest","floor":20,"gold_loss":0,"cards_obtained":["RitualDagger"]},{"damage_healed":0,"gold_gain":0,"player_choice":"Shed Blood","damage_taken":23,"max_hp_gain":5,"max_hp_loss":0,"event_name":"Forgotten Altar","floor":21,"gold_loss":0}],"is_beta":false,"boss_relics":[{"not_picked":["Coffee Dripper","Black Star"],"picked":"White Beast Statue"}],"items_purged_floors":[2,10,19],"is_endless":false,"potions_floor_spawned":[8,13,16,18,22,24,27,28,30],"killed_by":"Snake Plant","ascension_level":0}