{"gold_per_floor":[164,181,181,181,105,132,151,164,164,176,244,236,248,290,302,414,426,438,434,458,480,492,535,547,559],"floor_reached":25,"playtime":1532,"items_purged":[],"score":357,"play_id":"afa64555-c14d-450a-afa8-4dd3576c802b","local_time":"20181106150154","is_ascension_mode":true,"campfire_choices":[{"floor":10.0,"key":"REST"},{"floor":13.0,"key":"REST"},{"data":"Neutralize","floor":15.0,"key":"SMITH"},{"floor":24,"key":"REST"}],"neow_cost":"NONE","seed_source_timestamp":0,"circlet_count":0,"master_deck":["Defend_G","Defend_G","Defend_G+1","Defend_G","Defend_G","Strike_G","Strike_G","Strike_G","Strike_G+1","Strike_G","Survivor+1","Neutralize+1","Poisoned Stab","Sucker Punch","Flying Knee","Die Die Die","Deadly Poison","Dagger Spray","Poisoned Stab","Backflip","Backflip+1","Caltrops+1","Ghostly","Ghostly","Ghostly","Ghostly","Ghostly","Skewer","Prepared","Endless Agony"],"special_seed":0,"relics":["Tiny House","War Paint","Pantograph","MawBank","Prayer Wheel","Lizard Tail","Incense Burner"],"potions_floor_usage":[],"damage_taken":[{"damage":6.0,"enemies":"2 Louse","floor":1.0,"turns":2.0},{"damage":0.0,"enemies":"Small Slimes","floor":2.0,"turns":3.0},{"damage":39.0,"enemies":"Lagavulin","floor":6.0,"turns":7.0},{"damage":9.0,"enemies":"Jaw Worm","floor":7.0,"turns":2.0},{"damage":11.0,"enemies":"Looter","floor":8.0,"turns":3.0},{"damage":10.0,"enemies":"3 Sentries","floor":14.0,"turns":6.0},{"damage":54.0,"enemies":"The Guardian","floor":16.0,"turns":11.0},{"damage":9.0,"enemies":"3 Byrds","floor":18.0,"turns":3.0},{"damage":9.0,"enemies":"2 Thieves","floor":19.0,"turns":4.0},{"damage":25.0,"enemies":"Colosseum Slavers","floor":20.0,"turns":6.0},{"damage":0.0,"enemies":"Colosseum Nobs","floor":20.0,"turns":1.0},{"damage":26,"enemies":"Chosen and Byrds","floor":21,"turns":7},{"damage":44,"enemies":"Slavers","floor":23,"turns":8},{"damage":17,"enemies":"Book of Stabbing","floor":25,"turns":7}],"seed_played":"6124526016665957634","potions_obtained":[{"floor":0.0,"key":"SmokeBomb"},{"floor":1.0,"key":"SmokeBomb"},{"floor":12.0,"key":"Fire Potion"},{"floor":19.0,"key":"Poison Potion"}],"is_trial":false,"path_per_floor":["M","M","?","?","$","E","M","M","T","R","?","?","R","E","R","B",null,"M","M","?","?","M","?","E","R","E"],"character_chosen":"THE_SILENT","items_purchased":["Die Die Die"],"campfire_rested":3,"item_purchase_floors":[5],"current_hp_per_floor":[62,62,62,62,62,23,14,3,3,25,25,25,47,37,37,8,58,49,40,15,8,47,3,17,0],"gold":559,"neow_bonus":"BOSS_RELIC","is_prod":false,"is_daily":false,"chose_seed":false,"campfire_upgraded":1,"win_rate":0,"timestamp":1541509314,"path_taken":["M","M","?","?","?","E","M","M","T","R","?","?","R","E","R","BOSS","M","?","?","M","?","E","R","E"],"build_version":"2018-11-05","purchased_purges":0,"victory":false,"max_hp_per_floor":[75,75,75,75,75,75,75,75,75,75,75,75,75,75,75,75,75,75,75,37,37,47,47,47,47],"card_choices":[{"not_picked":["Footwork","All Out Attack"],"picked":"Poisoned Stab","floor":0.0},{"not_picked":["Outmaneuver","Blade Dance"],"picked":"Sucker Punch","floor":1.0},{"not_picked":["Outmaneuver","Escape Plan"],"picked":"Flying Knee","floor":2.0},{"not_picked":["Tactician","Prepared"],"picked":"Deadly Poison","floor":6.0},{"not_picked":["Reflex","Grand Finale"],"picked":"Dagger Spray","floor":7.0},{"not_picked":["Dodge and Roll","Flying Knee"],"picked":"Poisoned Stab","floor":8.0},{"not_picked":["Leg Sweep","Calculated Gamble"],"picked":"Backflip","floor":14.0},{"not_picked":["Phantasmal Killer","Venomology"],"picked":"A Thousand Cuts","floor":16.0},{"not_picked":["Quick Slash+1","Blade Dance"],"picked":"Backflip+1","floor":19.0},{"not_picked":["Backflip","Terror"],"picked":"Caltrops+1","floor":19.0},{"not_picked":["Reflex","Calculated Gamble"],"picked":"Skewer","floor":21},{"not_picked":["Choke","Accuracy+1"],"picked":"Prepared","floor":21},{"not_picked":["Flechettes+1","Blade Dance"],"picked":"Endless Agony","floor":23}],"player_experience":266447,"relics_obtained":[{"floor":6.0,"key":"Pantograph"},{"floor":9.0,"key":"MawBank"},{"floor":14.0,"key":"Prayer Wheel"},{"floor":23,"key":"Incense Burner"}],"event_choices":[{"damage_healed":0.0,"max_hp_gain":0.0,"max_hp_loss":0.0,"gold_gain":0.0,"event_name":"Big Fish","player_choice":"Box","floor":3.0,"gold_loss":0.0,"damage_taken":0.0,"relics_obtained":["War Paint"],"cards_obtained":["Regret"]},{"cards_removed":["Regret"],"damage_healed":0.0,"max_hp_gain":0.0,"max_hp_loss":0.0,"gold_gain":0.0,"event_name":"Living Wall","player_choice":"Forget","floor":4.0,"gold_loss":0.0,"damage_taken":0.0},{"damage_healed":0.0,"max_hp_gain":0.0,"max_hp_loss":0.0,"gold_gain":56.0,"event_name":"Golden Wing","player_choice":"Gained Gold","floor":11.0,"gold_loss":0.0,"damage_taken":0.0},{"damage_healed":0.0,"max_hp_gain":0.0,"max_hp_loss":0.0,"gold_gain":0.0,"event_name":"The Woman in Blue","player_choice":"Bought 1 Potion","floor":12.0,"gold_loss":0.0,"damage_taken":0.0},{"damage_healed":0.0,"max_hp_gain":0.0,"max_hp_loss":0.0,"gold_gain":0.0,"event_name":"Colosseum","player_choice":"Fight","floor":20.0,"gold_loss":0.0,"damage_taken":0.0},{"damage_healed":0.0,"max_hp_gain":0.0,"max_hp_loss":0.0,"gold_gain":0.0,"event_name":"Colosseum","player_choice":"Fought Nobs","floor":20.0,"gold_loss":0.0,"damage_taken":0.0},{"damage_healed":0,"gold_gain":0,"player_choice":"Became a Ghost","damage_taken":0,"max_hp_gain":0,"max_hp_loss":38,"event_name":"Ghosts","floor":20,"gold_loss":0,"cards_obtained":["Ghostly","Ghostly","Ghostly","Ghostly","Ghostly"]},{"cards_removed":["A Thousand Cuts"],"damage_healed":29,"gold_gain":0,"player_choice":"Offered Rare","damage_taken":0,"max_hp_gain":10,"max_hp_loss":0,"event_name":"Bonfire Elementals","floor":22,"gold_loss":0}],"is_beta":true,"boss_relics":[{"not_picked":["Busted Crown","Empty Cage"],"picked":"Lizard Tail"}],"items_purged_floors":[],"is_endless":false,"potions_floor_spawned":[1,19,20,20],"killed_by":"Book of Stabbing","ascension_level":9}