{"path_per_floor":["M","?","?","?","$","R","E","R","T","E","M","$","M","M","R","B",null,"M","?","M","M","?","R","E","R","T","M","E","$","M","M","R","B",null,"M","?","M","$","?","R","E","M","T","R","M","M","M","?","R","B"],"character_chosen":"THE_SILENT","items_purchased":["Tiny Chest","Well Laid Plans","Footwork","Bronze Scales","Strawberry"],"gold_per_floor":[113,188,188,188,61,61,95,95,95,129,141,70,87,107,107,208,208,224,224,237,247,162,162,190,190,190,207,241,19,29,44,44,142,142,156,156,172,17,17,17,49,64,64,64,74,93,110,410,410,410],"floor_reached":51,"campfire_rested":5,"playtime":5133,"current_hp_per_floor":[69,58,58,58,58,58,38,59,59,42,40,40,40,40,40,34,70,70,70,56,47,47,68,26,62,62,53,38,38,36,46,70,50,70,70,60,60,67,67,67,44,55,55,55,55,58,58,58,87,12],"items_purged":[],"gold":410,"play_id":"47433fb5-ad22-4ec0-9ed2-e71708e4474b","is_prod":false,"is_daily":false,"is_ascension_mode":false,"campfire_upgraded":3,"path_taken":["M","?","?","?","$","R","E","R","T","E","M","?","M","?","R","BOSS","M","?","M","?","?","R","E","R","T","M","E","$","?","M","R","BOSS","M","?","M","$","?","R","E","M","T","R","M","?","M","?","R","BOSS"],"build_version":"2018-02-02-BETA1","purchased_purges":3,"victory":true,"master_deck":["Defend_G+1","Defend_G","Defend_G","Defend_G","Defend_G+1","Strike_G","Strike_G","Strike_G","Survivor","Neutralize+1","Blade Dance","Bouncing Flask+1","Venomology","Bane","Well Laid Plans","Blade Dance","Heel Hook","After Image+1","Terror+1","Deflect+1","Choke+1","Poisoned Stab+1","Blade Dance","Deflect+1","Footwork+1","Sucker Punch+1","Unload","Adrenaline","Flying Knee+1","Madness","Madness","Deadly Poison+1","Deadly Poison+1","A Thousand Cuts+1","Dagger Spray+1","Prepared+1"],"max_hp_per_floor":[70,70,70,70,70,70,70,70,70,70,70,70,70,70,70,70,70,70,70,70,70,70,70,70,70,70,70,70,70,70,70,70,70,70,70,70,70,77,77,77,87,87,87,87,87,87,87,87,87,87],"relics":["Ring of the Snake","Ninja Scroll","Tiny Chest","Snake Skull","Mummified Hand","War Paint","The Specimen","Frozen Egg 2","Peace Pipe","Regal Pillow","Thread and Needle","Letter Opener","Bronze Scales","Lizard Tail","Strawberry","Pear","Ancient Tea Set"],"card_choices":[{"not_picked":["Flying Knee","Riddle With Holes"],"picked":"Blade Dance"},{"not_picked":["Predator","PiercingWail"],"picked":"Bouncing Flask"},{"not_picked":["Flechettes","Riddle With Holes"],"picked":"Venomology"},{"not_picked":["Dagger Throw","Endless Agony"],"picked":"Bane"},{"not_picked":["Leg Sweep","Sucker Punch"],"picked":"Blade Dance"},{"not_picked":["Acrobatics","Skewer"],"picked":"Heel Hook"},{"not_picked":["Glass Knife","Burst"],"picked":"After Image"},{"not_picked":["Underhanded Strike","PiercingWail"],"picked":"Terror"},{"not_picked":["Eviscerate","PiercingWail"],"picked":"Deflect"},{"not_picked":["Slice","Finisher"],"picked":"Choke"},{"not_picked":["Choke","Finisher"],"picked":"Poisoned Stab"},{"not_picked":["Predator","Sucker Punch"],"picked":"Blade Dance"},{"not_picked":["Heel Hook","Crippling Poison"],"picked":"Deflect"},{"not_picked":["Riddle With Holes","Dagger Throw"],"picked":"Sucker Punch"},{"not_picked":["PiercingWail","Underhanded Strike"],"picked":"Unload"},{"not_picked":["Unload","Tactician"],"picked":"Adrenaline"},{"not_picked":["Terror","Slice"],"picked":"Flying Knee"},{"not_picked":["Night Terror","Backflip"],"picked":"Deadly Poison"},{"not_picked":["Prepared","Calculated Gamble"],"picked":"Deadly Poison"},{"not_picked":["Backflip","Dagger Spray"],"picked":"A Thousand Cuts"},{"not_picked":["Deflect","Sucker Punch"],"picked":"Dagger Spray"},{"not_picked":["Eviscerate","Poisoned Stab"],"picked":"Prepared"}],"player_experience":29727,"potions_floor_usage":[16,16,18,20,21,24,24,27,31,31,33,33,35,41,41,42,45,46,46,50,50],"damage_taken":[{"damage":1,"enemies":"2 Louse","floor":1,"turns":3},{"damage":20,"enemies":"Gremlin Nob","floor":7,"turns":5},{"damage":17,"enemies":"3 Sentries","floor":10,"turns":7},{"damage":2,"enemies":"Small Slimes","floor":11,"turns":2},{"damage":0,"enemies":"Blue Slaver","floor":13,"turns":2},{"damage":0,"enemies":"Looter","floor":14,"turns":4},{"damage":21,"enemies":"Hexaghost","floor":16,"turns":6},{"damage":2,"enemies":"3 Byrds","floor":18,"turns":4},{"damage":14,"enemies":"Spheric Guardian","floor":20,"turns":4},{"damage":9,"enemies":"Centurion and Healer","floor":21,"turns":6},{"damage":42,"enemies":"Slavers","floor":24,"turns":7},{"damage":9,"enemies":"Chosen and Byrds","floor":27,"turns":5},{"damage":15,"enemies":"Book of Stabbing","floor":28,"turns":4},{"damage":2,"enemies":"Snake Plant","floor":30,"turns":2},{"damage":5,"enemies":"Sentry and Sphere","floor":31,"turns":5},{"damage":20,"enemies":"Automaton","floor":33,"turns":10},{"damage":0,"enemies":"3 Darklings","floor":35,"turns":5},{"damage":0,"enemies":"Orb Walker","floor":37,"turns":2},{"damage":51,"enemies":"Giant Head","floor":41,"turns":9},{"damage":1,"enemies":"Spire Growth","floor":42,"turns":5},{"damage":0,"enemies":"Sphere and 2 Shapes","floor":45,"turns":3},{"damage":9,"enemies":"4 Shapes","floor":46,"turns":4},{"damage":0,"enemies":"3 Darklings","floor":47,"turns":4},{"damage":123,"enemies":"Time Eater","floor":50,"turns":11}],"event_choices":[{"event_name":"World of Goop","player_choice":"Gather Gold","floor":2,"damage_taken":0},{"event_name":"Transmorgrifier","player_choice":"Transform","floor":3,"damage_taken":0},{"event_name":"Wheel of Change","player_choice":"Relic","floor":4,"damage_taken":0},{"event_name":"Accursed Blacksmith","player_choice":"Rummage","floor":19,"damage_taken":0},{"event_name":"Addict","player_choice":"Obtained Relic","floor":22,"damage_taken":0},{"event_name":"Winding Halls","player_choice":"Embrace Madness","floor":36,"damage_taken":0},{"event_name":"Purifier","player_choice":"One Purge","floor":39,"damage_taken":0},{"event_name":"Wheel of Change","player_choice":"Gold","floor":48,"damage_taken":0}],"boss_relics":[{"not_picked":["Ectoplasm","Tiny House"],"picked":"The Specimen"},{"not_picked":["Runic Dome","Runic Pyramid"],"picked":"Lizard Tail"}],"potions_floor_spawned":[7,10,14,16,18,28,30,33,37,42,47],"seed_played":"-1505605843805754100","ascension_level":0,"is_trial":false}