{"gold_per_floor":[109,109,184,184,204,245,245,345,371,371,386,386,410,36,36,167,167,92,43,43],"floor_reached":20,"playtime":1188,"items_purged":["Strike_R"],"score":244,"play_id":"e1000ee3-c133-474d-b220-ee98fb8be4c3","local_time":"20190427132301","is_ascension_mode":true,"campfire_choices":[{"data":"Iron Wave","floor":7,"key":"SMITH"},{"data":"Strike_R","floor":10,"key":"PURGE"},{"data":"Bash","floor":12,"key":"SMITH"},{"data":"True Grit","floor":15,"key":"SMITH"}],"neow_cost":"NONE","seed_source_timestamp":3081811381138656,"circlet_count":0,"master_deck":["Strike_R","Strike_R","Defend_R","Defend_R","Defend_R","Defend_R","Bash+1","Power Through","Disarm","Iron Wave+1","True Grit+1","Body Slam","Evolve","Entrench","Burning Pact","Exhume"],"relics":["Burning Blood","Golden Idol","Peace Pipe","Blood Vial","Ectoplasm"],"potions_floor_usage":[6,6,16,16],"damage_taken":[{"damage":1,"enemies":"Cultist","floor":1,"turns":3},{"damage":0,"enemies":"2 Louse","floor":5,"turns":3},{"damage":30,"enemies":"Lagavulin","floor":6,"turns":12},{"damage":2,"enemies":"Small Slimes","floor":11,"turns":4},{"damage":1,"enemies":"Blue Slaver","floor":13,"turns":6},{"damage":41,"enemies":"Slime Boss","floor":16,"turns":22},{"damage":21,"enemies":"2 Thieves","floor":18,"turns":5},{"damage":14,"enemies":"Spheric Guardian","floor":20,"turns":7}],"seed_played":"-5011524416468985728","potions_obtained":[{"floor":1,"key":"Poison Potion"},{"floor":5,"key":"EssenceOfSteel"},{"floor":13,"key":"Weak Potion"}],"is_trial":false,"path_per_floor":["M","$","?","?","M","E","R","?","T","R","M","R","M","$","R","B",null,"M","$","M"],"character_chosen":"IRONCLAD","items_purchased":["Body Slam","Evolve","Entrench","Burning Pact","EssenceOfSteel","SpeedPotion"],"campfire_rested":0,"item_purchase_floors":[14,14,14,14,14,19],"current_hp_per_floor":[77,77,66,46,52,28,28,28,28,28,34,34,41,41,41,8,62,49,49,37],"gold":43,"neow_bonus":"REMOVE_CARD","is_prod":false,"is_daily":false,"chose_seed":false,"campfire_upgraded":3,"win_rate":0,"timestamp":1556396581,"path_taken":["M","$","?","?","M","E","R","?","T","R","M","R","M","$","R","BOSS","M","$","M"],"build_version":"2019-01-23","purchased_purges":1,"victory":false,"max_hp_per_floor":[80,80,80,80,80,80,80,80,80,80,80,80,80,80,80,80,80,80,80,80],"card_choices":[{"not_picked":["True Grit","Entrench"],"picked":"Power Through","floor":1},{"not_picked":["Clash","Wild Strike"],"picked":"Disarm","floor":5},{"not_picked":["Wild Strike","Hemokinesis"],"picked":"Iron Wave","floor":6},{"not_picked":["Rage","Combust","Anger"],"picked":"SKIP","floor":11},{"not_picked":["Combust","Bloodletting"],"picked":"True Grit","floor":13},{"not_picked":["Berserk","Offering"],"picked":"Exhume","floor":16},{"not_picked":["Clothesline","Hemokinesis","Anger"],"picked":"SKIP","floor":18}],"player_experience":308935,"relics_obtained":[{"floor":6,"key":"Peace Pipe"},{"floor":9,"key":"Blood Vial"}],"event_choices":[{"damage_healed":0,"gold_gain":75,"player_choice":"Gather Gold","damage_taken":11,"max_hp_gain":0,"max_hp_loss":0,"event_name":"World of Goop","floor":3,"gold_loss":0},{"damage_healed":0,"gold_gain":0,"player_choice":"Take Damage","damage_taken":20,"relics_obtained":["Golden Idol"],"max_hp_gain":0,"max_hp_loss":0,"event_name":"Golden Idol","floor":4,"gold_loss":0},{"damage_healed":0,"gold_gain":100,"player_choice":"Pray","damage_taken":0,"max_hp_gain":0,"max_hp_loss":0,"event_name":"Golden Shrine","floor":8,"gold_loss":0}],"is_beta":false,"boss_relics":[{"not_picked":["Tiny House","Pandora\u0027s Box"],"picked":"Ectoplasm"}],"items_purged_floors":[14],"is_endless":false,"potions_floor_spawned":[1,5,13],"killed_by":"Spheric Guardian","ascension_level":9}