{"path_per_floor":["M","?","M","M","M","E","M","R","T","?","R","E","M","M","R","B",null,"M","$","?","M","?","R","E","M","T","?","E","R","M","M","R","B",null,"M","?","?","M","M","R","E","R","T","M","R","?","M","M","R","B"],"character_chosen":"IRONCLAD","items_purchased":["War Paint","Ancient Tea Set"],"gold_per_floor":[18,93,109,121,136,166,181,181,206,306,306,339,353,364,364,459,459,479,106,6,18,18,18,48,65,65,365,393,393,405,424,424,526,526,542,542,542,553,573,573,598,598,598,609,609,609,623,642,642,642],"floor_reached":51,"campfire_rested":5,"playtime":5339,"current_hp_per_floor":[80,69,75,80,80,61,54,54,54,54,54,38,23,29,53,75,80,57,57,57,41,41,41,10,52,52,52,14,40,44,42,69,33,92,77,77,77,46,27,54,33,33,47,53,53,53,45,40,73,37],"items_purged":["Defend_R"],"gold":642,"play_id":"b1cde32b-a031-439a-8905-ba20b45f3421","is_prod":false,"is_daily":false,"is_ascension_mode":false,"campfire_upgraded":5,"path_taken":["M","?","M","M","M","E","M","R","T","?","R","E","M","M","R","BOSS","M","$","?","M","?","R","E","?","T","?","E","R","M","M","R","BOSS","M","?","?","M","?","R","E","R","T","M","R","?","M","?","R","BOSS"],"build_version":"2018-01-25-PROD3","purchased_purges":2,"victory":true,"master_deck":["Strike_R+1","Strike_R","Strike_R","Defend_R+1","Defend_R+1","Bash","Searing Blow","Headbutt","Infernal Blade+1","Whirlwind+1","Pommel Strike","Thunderclap","Shrug It Off","Inflame+1","Shrug It Off","Uppercut","Feed","Feed","Rampage+1","Shockwave+1","Metallicize+1","Dropkick+1","Shrug It Off","Heavy Blade+1","Flame Barrier+1","Twin Strike","Bludgeon","Iron Wave+1","Whirlwind","Rampage+1","Clash+1","Sword Boomerang","Clash+1","Pommel Strike"],"max_hp_per_floor":[80,80,80,80,80,80,80,80,80,80,80,80,80,80,80,80,80,83,83,83,86,86,86,86,89,89,89,89,89,92,92,92,92,92,92,92,92,92,92,92,92,92,106,106,106,106,106,112,112,112],"relics":["Burning Blood","Pantograph","Prayer Wheel","Happy Flower","Lizard Tail","War Paint","Ancient Tea Set","Self Forming Clay","Omamori","Old Coin","Whetstone","Velvet Choker","Mummified Hand","Mango"],"card_choices":[{"not_picked":["Whirlwind","Perfected Strike"],"picked":"Infernal Blade"},{"not_picked":["True Grit","Clothesline"],"picked":"Whirlwind"},{"not_picked":["Warcry","Shrug It Off"],"picked":"Pommel Strike"},{"not_picked":["Pummel","Body Slam"],"picked":"Thunderclap"},{"not_picked":["Limit Break","Intimidate"],"picked":"Shrug It Off"},{"not_picked":["Anger","Clothesline"],"picked":"Inflame"},{"not_picked":["Twin Strike","Juggernaut"],"picked":"Shrug It Off"},{"not_picked":["Pommel Strike","Iron Wave"],"picked":"Uppercut"},{"not_picked":["Warcry","Flex"],"picked":"Feed"},{"not_picked":["Dark Embrace","Demon Form"],"picked":"Feed"},{"not_picked":["Second Wind","Pummel"],"picked":"Rampage"},{"not_picked":["Armaments","Corruption"],"picked":"Shockwave"},{"not_picked":["Pummel","Feed"],"picked":"Metallicize"},{"not_picked":["Thunderclap","Sword Boomerang"],"picked":"Dropkick"},{"not_picked":["True Grit","Clothesline"],"picked":"Shrug It Off"},{"not_picked":["Whirlwind","Dropkick"],"picked":"Heavy Blade"},{"not_picked":["Perfected Strike","Whirlwind"],"picked":"Flame Barrier"},{"not_picked":["Fire Breathing","Fiend Fire"],"picked":"Twin Strike"},{"not_picked":["Offering","Fiend Fire"],"picked":"Bludgeon"},{"not_picked":["Second Wind","Warcry"],"picked":"Iron Wave"},{"not_picked":["Second Wind","Spot Weakness"],"picked":"Whirlwind"},{"not_picked":["Cleave","Body Slam"],"picked":"Rampage"},{"not_picked":["Flex","Twin Strike"],"picked":"Clash"},{"not_picked":["Hemokinesis","Reckless Charge"],"picked":"Sword Boomerang"},{"not_picked":["Anger","Corruption"],"picked":"Clash"},{"not_picked":["Flex","Iron Wave"],"picked":"Pommel Strike"}],"player_experience":27880,"potions_floor_usage":[24,41,48],"damage_taken":[{"damage":1,"enemies":"Cultist","floor":1,"turns":3},{"damage":0,"enemies":"Small Slimes","floor":3,"turns":3},{"damage":0,"enemies":"2 Louse","floor":4,"turns":1},{"damage":0,"enemies":"Large Slime","floor":5,"turns":5},{"damage":25,"enemies":"Gremlin Nob","floor":6,"turns":4},{"damage":13,"enemies":"Lots of Slimes","floor":7,"turns":3},{"damage":22,"enemies":"3 Sentries","floor":12,"turns":5},{"damage":21,"enemies":"Exordium Wildlife","floor":13,"turns":3},{"damage":0,"enemies":"2 Fungi Beasts","floor":14,"turns":3},{"damage":9,"enemies":"Slime Boss","floor":16,"turns":9},{"damage":32,"enemies":"2 Thieves","floor":18,"turns":4},{"damage":25,"enemies":"Spheric Guardian","floor":21,"turns":4},{"damage":37,"enemies":"Slavers","floor":24,"turns":7},{"damage":11,"enemies":"Chosen and Byrds","floor":25,"turns":7},{"damage":44,"enemies":"Book of Stabbing","floor":28,"turns":7},{"damage":5,"enemies":"Slaver and Parasite","floor":30,"turns":5},{"damage":8,"enemies":"3 Cultists","floor":31,"turns":3},{"damage":65,"enemies":"Automaton","floor":33,"turns":11},{"damage":21,"enemies":"3 Darklings","floor":35,"turns":3},{"damage":37,"enemies":"3 Shapes","floor":38,"turns":2},{"damage":25,"enemies":"Maw","floor":39,"turns":7},{"damage":42,"enemies":"Nemesis","floor":41,"turns":10},{"damage":0,"enemies":"3 Darklings","floor":44,"turns":2},{"damage":14,"enemies":"Sphere and 2 Shapes","floor":47,"turns":4},{"damage":17,"enemies":"4 Shapes","floor":48,"turns":3},{"damage":67,"enemies":"Awakened One","floor":50,"turns":16}],"event_choices":[{"event_name":"World of Goop","player_choice":"Gather Gold","floor":2,"damage_taken":0},{"event_name":"Golden Shrine","player_choice":"Pray","floor":10,"damage_taken":0},{"event_name":"Drug Dealer","player_choice":"Got JAXXED","floor":20,"damage_taken":0},{"event_name":"The Mausoleum","player_choice":"No","floor":22,"damage_taken":0},{"event_name":"Addict","player_choice":"Gave JAX","floor":27,"damage_taken":0},{"event_name":"Upgrade Shrine","player_choice":"Upgraded","floor":36,"damage_taken":0},{"event_name":"Bonfire Elementals","player_choice":"BASIC","floor":37,"damage_taken":0},{"event_name":"The Lab","player_choice":"Got Potions","floor":46,"damage_taken":0}],"boss_relics":[{"not_picked":["Black Blood","White Beast Statue"],"picked":"Lizard Tail"},{"not_picked":["Cursed Key","Philosopher\u0027s Stone"],"picked":"Velvet Choker"}],"potions_floor_spawned":[1,3,6,12,18,30,31,33,35,41,47,48],"seed_played":"-2284814658477131388","ascension_level":0,"is_trial":false}