{"gold_per_floor":[115,127,127,302,315,347,365,398,423,108,143,198,233,251,251,352,352,364,364,390,192,192,220,20,51,77,94,94,120,120,132,132,228,228,239,239,256,270,284,311,311,346,369,404,404,19,19,51,51,51],"floor_reached":51,"playtime":2620,"items_purged":["Doubt","Doubt"],"score":1351,"play_id":"1e6bc0ff-78de-4356-b8b8-29cf037dcd5c","local_time":"20181109113707","is_ascension_mode":true,"campfire_choices":[{"data":"1","floor":15.0,"key":"LIFT"},{"data":"2","floor":28,"key":"LIFT"},{"data":"3","floor":30,"key":"LIFT"},{"floor":32,"key":"REST"},{"floor":41,"key":"REST"},{"floor":45,"key":"REST"},{"floor":49,"key":"DIG"}],"neow_cost":"NONE","seed_source_timestamp":0,"circlet_count":0,"master_deck":["Strike_R+1","Strike_R+1","Strike_R+1","Strike_R+1","Strike_R+1","Defend_R+1","Defend_R+1","Defend_R+1","Wild Strike","Pommel Strike","Pommel Strike","Bludgeon","Wild Strike","Flame Barrier","Twin Strike","Shrug It Off","Uppercut","Flex","Double Tap","Flex","Ball Lightning+1","Buffer","Chill","Finesse","Distraction+1","Apotheosis","Sweeping Beam+1","Slice+1","Perfected Strike+1","Dagger Spray+1","Heavy Blade+1","PiercingWail","Twin Strike+1","Limit Break"],"special_seed":0,"relics":["Burning Blood","Happy Flower","Girya","Potion Belt","Blood Vial","Ornamental Fan","Juzu Bracelet","War Paint","StoneCalendar","Fusion Hammer","Omamori","PrismaticShard","Vajra","ClockworkSouvenir","Bag of Preparation","Bag of Marbles","Smiling Mask","Calling Bell","Pen Nib","Dodecahedron","Mango","Shuriken","Orichalcum","Anchor","Boot","Pear","Frozen Eye","Shovel","Prayer Wheel"],"potions_floor_usage":[23,33,39,39,42,50,50,50,50],"damage_taken":[{"damage":3.0,"enemies":"2 Louse","floor":1.0,"turns":3.0},{"damage":4.0,"enemies":"Jaw Worm","floor":2.0,"turns":3.0},{"damage":6.0,"enemies":"Cultist","floor":5.0,"turns":3.0},{"damage":40.0,"enemies":"Lagavulin","floor":6.0,"turns":6.0},{"damage":0.0,"enemies":"Gremlin Gang","floor":7.0,"turns":4.0},{"damage":16.0,"enemies":"Gremlin Nob","floor":8.0,"turns":3.0},{"damage":26.0,"enemies":"3 Sentries","floor":11.0,"turns":6.0},{"damage":10.0,"enemies":"3 Sentries","floor":12.0,"turns":6.0},{"damage":12.0,"enemies":"Lagavulin","floor":13.0,"turns":5.0},{"damage":5.0,"enemies":"Blue Slaver","floor":14.0,"turns":3.0},{"damage":33.0,"enemies":"The Guardian","floor":16.0,"turns":9.0},{"damage":6,"enemies":"Shell Parasite","floor":18,"turns":4},{"damage":20,"enemies":"Gremlin Leader","floor":23,"turns":5},{"damage":15,"enemies":"Slavers","floor":25,"turns":4},{"damage":0,"enemies":"Chosen","floor":27,"turns":2},{"damage":0,"enemies":"Book of Stabbing","floor":29,"turns":4},{"damage":1,"enemies":"Centurion and Healer","floor":31,"turns":3},{"damage":45,"enemies":"Champ","floor":33,"turns":7},{"damage":5,"enemies":"Orb Walker","floor":35,"turns":2},{"damage":0,"enemies":"3 Darklings","floor":37,"turns":2},{"damage":0,"enemies":"4 Shapes","floor":38,"turns":2},{"damage":5,"enemies":"Maw","floor":39,"turns":3},{"damage":0,"enemies":"Reptomancer","floor":40,"turns":2},{"damage":0,"enemies":"Nemesis","floor":42,"turns":5},{"damage":0,"enemies":"Giant Head","floor":44,"turns":4},{"damage":11,"enemies":"Reptomancer","floor":48,"turns":3},{"damage":40,"enemies":"Time Eater","floor":50,"turns":5}],"seed_played":"-5192254016488850857","potions_obtained":[{"floor":5.0,"key":"SpeedPotion"},{"floor":7.0,"key":"PowerPotion"},{"floor":8.0,"key":"Regen Potion"},{"floor":12.0,"key":"BloodPotion"},{"floor":14.0,"key":"Strength Potion"},{"floor":16.0,"key":"Block Potion"},{"floor":18,"key":"Explosive Potion"},{"floor":27,"key":"Block Potion"},{"floor":35,"key":"SkillPotion"},{"floor":38,"key":"SpeedPotion"},{"floor":42,"key":"Swift Potion"},{"floor":48,"key":"Ancient Potion"}],"is_trial":false,"path_per_floor":["M","M","$","?","M","E","M","E","T","$","E","?","E","M","R","B",null,"M","?","T","$","?","E","$","E","T","M","R","E","R","M","R","B",null,"M","T","M","M","M","E","R","E","T","E","R","$","?","E","R","B",null],"character_chosen":"IRONCLAD","items_purchased":["Ornamental Fan","PrismaticShard","ClockworkSouvenir","Frozen Eye","FearPotion","BloodPotion"],"campfire_rested":3,"item_purchase_floors":[10,21,24,46,46,46],"current_hp_per_floor":[75,77,77,77,77,43,49,39,39,39,36,34,30,33,33,16,64,66,66,66,66,66,54,54,47,47,55,55,63,63,70,80,41,84,87,87,94,94,94,94,94,94,94,104,104,104,104,99,99,77],"gold":51,"neow_bonus":"RANDOM_COMMON_RELIC","is_prod":false,"is_daily":false,"chose_seed":false,"campfire_upgraded":0,"win_rate":0,"timestamp":1541756227,"path_taken":["M","M","$","?","M","E","M","E","T","$","E","?","E","M","R","BOSS","M","?","?","?","?","E","$","E","T","M","R","E","R","M","R","BOSS","M","?","M","M","M","E","R","E","T","E","R","$","?","E","R","BOSS"],"build_version":"2018-11-08","purchased_purges":2,"victory":true,"max_hp_per_floor":[80,80,80,80,80,80,80,80,80,80,80,80,80,80,80,80,80,80,80,80,80,80,80,80,80,80,80,80,80,80,80,80,80,94,94,94,94,94,94,94,94,94,94,104,104,104,104,104,104,104],"card_choices":[{"not_picked":["Hemokinesis","Havoc"],"picked":"Wild Strike","floor":1.0},{"not_picked":["Heavy Blade","Rupture"],"picked":"Pommel Strike","floor":2.0},{"not_picked":["Clothesline","Feel No Pain"],"picked":"Pommel Strike","floor":5.0},{"not_picked":["Twin Strike","Body Slam"],"picked":"Bludgeon","floor":6.0},{"not_picked":["Sentinel","Body Slam"],"picked":"Wild Strike","floor":7.0},{"not_picked":["Perfected Strike","True Grit"],"picked":"Flame Barrier","floor":8.0},{"not_picked":["Heavy Blade","Sword Boomerang"],"picked":"Twin Strike","floor":11.0},{"not_picked":["Second Wind","Juggernaut"],"picked":"Shrug It Off","floor":12.0},{"not_picked":["Dual Wield","Infernal Blade"],"picked":"Uppercut","floor":13.0},{"not_picked":["Cleave","True Grit"],"picked":"Flex","floor":14.0},{"not_picked":["Berserk","Fiend Fire"],"picked":"Double Tap","floor":16.0},{"not_picked":["Wild Strike","Blood for Blood+1"],"picked":"Flex","floor":18},{"not_picked":["Wild Strike","Sentinel"],"picked":"Ball Lightning+1","floor":23},{"not_picked":["Expertise","Iron Wave"],"picked":"Buffer","floor":25},{"not_picked":["Quick Slash+1","Reprogram"],"picked":"Chill","floor":27},{"not_picked":["Flex","Poisoned Stab"],"picked":"Finesse","floor":29},{"not_picked":["Poisoned Stab","Sword Boomerang"],"picked":"Distraction+1","floor":31},{"not_picked":["Corpse Explosion","Venomology"],"picked":"Apotheosis","floor":33},{"not_picked":["Warcry+1","Steam Power"],"picked":"Sweeping Beam+1","floor":35},{"not_picked":["Flex","Acrobatics+1"],"picked":"Slice+1","floor":37},{"not_picked":["Pommel Strike","Compile Driver+1"],"picked":"Perfected Strike+1","floor":38},{"not_picked":["Seeing Red+1","Lockon+1"],"picked":"Dagger Spray+1","floor":39},{"not_picked":["Anger+1","Slice+1"],"picked":"Heavy Blade+1","floor":40},{"not_picked":["Ball Lightning","Disarm"],"picked":"PiercingWail","floor":42},{"not_picked":["Beam Cell+1","Steam+1"],"picked":"Twin Strike+1","floor":44},{"not_picked":["Outmaneuver+1","Blade Dance+1"],"picked":"Limit Break","floor":48}],"player_experience":281356,"relics_obtained":[{"floor":6.0,"key":"Girya"},{"floor":8.0,"key":"Potion Belt"},{"floor":9.0,"key":"Blood Vial"},{"floor":11.0,"key":"Juzu Bracelet"},{"floor":12.0,"key":"War Paint"},{"floor":13.0,"key":"StoneCalendar"},{"floor":20,"key":"Omamori"},{"floor":23,"key":"Vajra"},{"floor":25,"key":"Bag of Preparation"},{"floor":26,"key":"Bag of Marbles"},{"floor":29,"key":"Smiling Mask"},{"floor":34,"key":"Pen Nib"},{"floor":34,"key":"Dodecahedron"},{"floor":34,"key":"Mango"},{"floor":36,"key":"Shuriken"},{"floor":40,"key":"Orichalcum"},{"floor":42,"key":"Anchor"},{"floor":43,"key":"Boot"},{"floor":44,"key":"Pear"},{"floor":48,"key":"Shovel"},{"floor":49,"key":"Prayer Wheel"}],"event_choices":[{"damage_healed":0.0,"max_hp_gain":0.0,"max_hp_loss":0.0,"gold_gain":175.0,"event_name":"Liars Game","player_choice":"AGREE","floor":4.0,"gold_loss":0.0,"damage_taken":0.0,"cards_obtained":["Doubt"]},{"damage_healed":0.0,"max_hp_gain":0.0,"max_hp_loss":0.0,"gold_gain":30.0,"event_name":"Dead Adventurer","player_choice":"Searched \u00273\u0027 times","floor":12.0,"gold_loss":0.0,"damage_taken":0.0},{"damage_healed":0,"gold_gain":0,"player_choice":"Simplicity","damage_taken":0,"max_hp_gain":0,"max_hp_loss":0,"event_name":"Back to Basics","floor":19,"gold_loss":0,"cards_upgraded":["Strike_R","Strike_R","Strike_R","Strike_R","Strike_R","Defend_R","Defend_R"]},{"cards_removed":["Defend_R"],"damage_healed":0,"gold_gain":0,"player_choice":"Purged","damage_taken":0,"max_hp_gain":0,"max_hp_loss":0,"event_name":"Purifier","floor":22,"gold_loss":0},{"cards_removed":["Bash"],"damage_healed":0,"gold_gain":0,"player_choice":"Removed Attack","damage_taken":0,"max_hp_gain":0,"max_hp_loss":0,"event_name":"Falling","floor":47,"gold_loss":0}],"is_beta":true,"boss_relics":[{"not_picked":["Mark of Pain","Eternal Feather"],"picked":"Fusion Hammer"},{"not_picked":["Tiny House","Pandora\u0027s Box"],"picked":"Calling Bell"}],"items_purged_floors":[10,46],"is_endless":false,"potions_floor_spawned":[5,7,8,12,14,16,18,27,35,38,42,48],"ascension_level":6}