{"gold_per_floor":[359,376,376,376,389,389,430,453,453,453,471,471,487,513,513,636,636,654,754,37,55,74,74],"floor_reached":23,"playtime":1104,"items_purged":["Pain"],"score":290,"play_id":"d4c82cdf-69b1-4802-956c-da627f87bda5","local_time":"20190505185855","is_ascension_mode":true,"campfire_choices":[{"floor":6,"key":"REST"},{"floor":10,"key":"REST"},{"data":"Zap","floor":12,"key":"SMITH"},{"data":"Coolheaded","floor":15,"key":"SMITH"}],"neow_cost":"PERCENT_DAMAGE","seed_source_timestamp":696873354221852,"circlet_count":0,"master_deck":["AscendersBane","Strike_B","Strike_B","Strike_B","Strike_B","Defend_B","Defend_B","Defend_B","Defend_B","Zap+1","Dualcast","Cold Snap","Capacitor","Self Repair","Auto Shields","Loop","Coolheaded+1","Defragment","Apotheosis","Meteor Strike+1","Fusion+1"],"relics":["Cracked Core","Golden Idol","WarpedTongs","Pear","Molten Egg 2","PreservedInsect","Nuclear Battery","Runic Capacitor","Tiny Chest"],"potions_floor_usage":[7,11,22,23,23],"damage_taken":[{"damage":0,"enemies":"Cultist","floor":1,"turns":4},{"damage":0,"enemies":"2 Louse","floor":2,"turns":2},{"damage":13,"enemies":"Jaw Worm","floor":5,"turns":2},{"damage":25,"enemies":"Lagavulin","floor":7,"turns":5},{"damage":5,"enemies":"2 Fungi Beasts","floor":8,"turns":4},{"damage":5,"enemies":"Exordium Thugs","floor":11,"turns":7},{"damage":3,"enemies":"Red Slaver","floor":13,"turns":5},{"damage":40,"enemies":"The Guardian","floor":16,"turns":16},{"damage":27,"enemies":"Shell Parasite","floor":18,"turns":9},{"damage":18,"enemies":"Spheric Guardian","floor":21,"turns":4},{"damage":35,"enemies":"Snake Plant","floor":22,"turns":6},{"damage":21,"enemies":"Gremlin Leader","floor":23,"turns":4}],"seed_played":"7424354723783662350","potions_obtained":[{"floor":2,"key":"AttackPotion"},{"floor":8,"key":"Block Potion"},{"floor":18,"key":"Strength Potion"},{"floor":21,"key":"Swift Potion"},{"floor":22,"key":"Strength Potion"}],"is_trial":false,"path_per_floor":["M","M","?","?","M","R","E","M","T","R","M","R","M","T","R","B",null,"M","?","$","M","M","E"],"character_chosen":"DEFECT","items_purchased":["Defragment","Runic Capacitor","Apotheosis","Tiny Chest","Meteor Strike+1"],"campfire_rested":2,"item_purchase_floors":[20,20,20,20,20],"current_hp_per_floor":[50,50,50,50,37,57,42,44,44,67,69,69,73,73,73,43,70,53,53,53,45,20,0],"gold":74,"neow_bonus":"TWO_FIFTY_GOLD","is_prod":false,"is_daily":false,"chose_seed":false,"campfire_upgraded":2,"win_rate":0,"timestamp":1557107935,"path_taken":["M","M","?","?","M","R","E","?","T","R","M","R","M","?","R","BOSS","M","?","?","?","M","E"],"build_version":"2019-01-23","purchased_purges":1,"victory":false,"max_hp_per_floor":[75,75,69,69,69,69,79,79,79,79,79,79,79,79,79,79,79,79,79,79,79,79,79],"card_choices":[{"not_picked":["Streamline","Stack"],"picked":"Cold Snap","floor":1},{"not_picked":["Turbo","Hologram"],"picked":"Capacitor","floor":2},{"not_picked":["Steam Power","Coolheaded"],"picked":"Self Repair","floor":5},{"not_picked":["Redo","Hyperbeam","Steam"],"picked":"SKIP","floor":7},{"not_picked":["Darkness","Stack"],"picked":"Auto Shields","floor":8},{"not_picked":["Force Field","Stack"],"picked":"Loop","floor":11},{"not_picked":["Leap","Redo"],"picked":"Coolheaded","floor":13},{"not_picked":["Compile Driver+1","Steam Power","Turbo"],"picked":"SKIP","floor":18},{"not_picked":["Auto Shields+1","Beam Cell+1","Lockon+1"],"picked":"SKIP","floor":21},{"not_picked":["Sweeping Beam+1","Gash+1"],"picked":"Fusion+1","floor":22}],"player_experience":335647,"relics_obtained":[{"floor":7,"key":"Pear"},{"floor":9,"key":"Molten Egg 2"},{"floor":14,"key":"PreservedInsect"}],"event_choices":[{"damage_healed":0,"gold_gain":0,"player_choice":"Lose Max HP","damage_taken":0,"relics_obtained":["Golden Idol"],"max_hp_gain":0,"max_hp_loss":6,"event_name":"Golden Idol","floor":3,"gold_loss":0},{"damage_healed":0,"gold_gain":0,"player_choice":"Rummage","damage_taken":0,"relics_obtained":["WarpedTongs"],"max_hp_gain":0,"max_hp_loss":0,"event_name":"Accursed Blacksmith","floor":4,"gold_loss":0,"cards_obtained":["Pain"]},{"damage_healed":0,"gold_gain":100,"player_choice":"Pray","damage_taken":0,"max_hp_gain":0,"max_hp_loss":0,"event_name":"Golden Shrine","floor":19,"gold_loss":0}],"is_beta":false,"boss_relics":[{"not_picked":["Philosopher\u0027s Stone","Runic Dome"],"picked":"Nuclear Battery"}],"items_purged_floors":[20],"is_endless":false,"potions_floor_spawned":[2,8,18,21,22],"killed_by":"Gremlin Leader","ascension_level":10}