{"gold_per_floor":[115,126,137,152,162,162,197,208,208,223,250,270,280,243,243,346,346,359,284,301,331,35,68,68,68,147,147,173,193,221,237,237,338,338,355,577,337,337,46,79,98,98,98,110,124,124,124,124,124,124],"floor_reached":51,"playtime":3171,"items_purged":[],"score":974,"play_id":"cf0ed82e-fe8c-40b5-a236-8144abce7044","local_time":"20190316210301","is_ascension_mode":true,"campfire_choices":[{"data":"Leg Sweep","floor":6,"key":"SMITH"},{"floor":15,"key":"REST"},{"floor":25,"key":"REST"},{"floor":32,"key":"REST"},{"data":"Burst","floor":42,"key":"SMITH"},{"floor":47,"key":"REST"},{"data":"Envenom","floor":49,"key":"SMITH"}],"neow_cost":"NONE","seed_source_timestamp":20782182963560,"circlet_count":0,"master_deck":["Defend_G+1","Defend_G+1","Defend_G+1","Defend_G+1","Defend_G+1","Strike_G+1","Survivor","Neutralize","Leg Sweep+1","Bouncing Flask","Flying Knee","Quick Slash","Blade Dance","Dagger Spray","Cloak And Dagger","Dagger Throw","Choke","Dagger Throw","Dagger Spray","After Image+1","Setup+1","Flying Knee+1","Flying Knee+1","Poisoned Stab+1","Backstab","Burst+1","Blade Dance","Bane","Blade Dance","PiercingWail+1","Footwork","Storm of Steel","Deadly Poison+1","Flash of Steel","Deflect","Backstab","Backstab","Endless Agony","Flechettes","Envenom+1","Riddle With Holes+1","Flash of Steel","Trip","Panache","Slice"],"relics":["Ring of the Snake","NeowsBlessing","PreservedInsect","Dodecahedron","Potion Belt","Astrolabe","Red Mask","Lantern","Bag of Preparation","Gremlin Horn","Shuriken","MutagenicStrength","Pantograph","Dream Catcher","WristBlade","Ornamental Fan","Paper Crane","The Courier"],"potions_floor_usage":[7,10,18,20,20,21,21,30,40,50,50,50,50],"damage_taken":[{"damage":0,"enemies":"Cultist","floor":1,"turns":1},{"damage":0,"enemies":"Small Slimes","floor":2,"turns":1},{"damage":0,"enemies":"2 Louse","floor":3,"turns":1},{"damage":2,"enemies":"2 Fungi Beasts","floor":4,"turns":3},{"damage":0,"enemies":"3 Louse","floor":5,"turns":4},{"damage":24,"enemies":"3 Sentries","floor":7,"turns":10},{"damage":1,"enemies":"Blue Slaver","floor":8,"turns":5},{"damage":0,"enemies":"2 Fungi Beasts","floor":10,"turns":2},{"damage":23,"enemies":"Lagavulin","floor":11,"turns":9},{"damage":8,"enemies":"Gremlin Gang","floor":12,"turns":6},{"damage":6,"enemies":"Looter","floor":13,"turns":3},{"damage":20,"enemies":"Slime Boss","floor":16,"turns":10},{"damage":0,"enemies":"2 Thieves","floor":18,"turns":3},{"damage":0,"enemies":"Shell Parasite","floor":20,"turns":6},{"damage":0,"enemies":"Masked Bandits","floor":21,"turns":4},{"damage":3,"enemies":"Book of Stabbing","floor":23,"turns":4},{"damage":0,"enemies":"Gremlin Leader","floor":28,"turns":1},{"damage":0,"enemies":"Shelled Parasite and Fungi","floor":29,"turns":4},{"damage":0,"enemies":"Book of Stabbing","floor":30,"turns":2},{"damage":2,"enemies":"Snake Plant","floor":31,"turns":4},{"damage":14,"enemies":"Automaton","floor":33,"turns":9},{"damage":0,"enemies":"3 Shapes","floor":35,"turns":3},{"damage":2,"enemies":"Giant Head","floor":40,"turns":5},{"damage":0,"enemies":"3 Darklings","floor":41,"turns":2},{"damage":0,"enemies":"Maw","floor":44,"turns":5},{"damage":0,"enemies":"Sphere and 2 Shapes","floor":45,"turns":3},{"damage":22,"enemies":"Donu and Deca","floor":50,"turns":6}],"seed_played":"-5200398449818686899","potions_obtained":[{"floor":1,"key":"EssenceOfSteel"},{"floor":4,"key":"Swift Potion"},{"floor":5,"key":"GhostInAJar"},{"floor":8,"key":"SkillPotion"},{"floor":12,"key":"GamblersBrew"},{"floor":16,"key":"SkillPotion"},{"floor":20,"key":"EssenceOfSteel"},{"floor":28,"key":"Strength Potion"},{"floor":30,"key":"GhostInAJar"},{"floor":33,"key":"Regen Potion"},{"floor":35,"key":"Regen Potion"},{"floor":41,"key":"AttackPotion"}],"is_trial":false,"path_per_floor":["M","M","M","M","M","R","E","M","T","M","E","M","M","?","R","B",null,"M","?","M","?","$","E","?","R","T","?","E","M","E","M","R","B",null,"M","?","$","?","$","E","M","R","T","M","M","?","R","?","R","B",null],"character_chosen":"THE_SILENT","items_purchased":["Lantern","Bag of Preparation","Flash of Steel","Deflect","PowerPotion","Swift Potion","Ornamental Fan","Backstab"],"campfire_rested":4,"item_purchase_floors":[22,22,37,37,37,37,39,39],"current_hp_per_floor":[70,70,70,68,68,68,44,43,43,43,20,12,6,6,27,7,70,70,70,70,70,70,67,67,70,70,70,70,70,70,68,70,56,70,70,70,70,70,70,70,70,70,70,70,70,60,70,80,80,66],"gold":124,"neow_bonus":"THREE_ENEMY_KILL","is_prod":false,"is_daily":false,"chose_seed":false,"campfire_upgraded":3,"win_rate":0,"timestamp":1552795381,"path_taken":["M","M","M","M","M","R","E","?","T","M","E","M","M","?","R","BOSS","M","?","M","?","$","E","?","R","T","?","E","M","E","?","R","BOSS","M","?","$","?","$","E","?","R","T","M","M","?","R","?","R","BOSS"],"build_version":"2019-01-23","purchased_purges":0,"victory":true,"max_hp_per_floor":[70,70,70,70,70,70,70,70,70,70,70,70,70,70,70,70,70,70,70,70,70,70,70,70,70,70,70,70,70,70,70,70,70,70,70,70,70,70,70,70,70,70,70,70,70,70,70,80,80,80],"card_choices":[{"not_picked":["Masterful Stab","Flying Knee"],"picked":"Leg Sweep","floor":1},{"not_picked":["Prepared","Bane"],"picked":"Bouncing Flask","floor":2},{"not_picked":["Deflect","PiercingWail"],"picked":"Flying Knee","floor":3},{"not_picked":["Dagger Throw","Prepared"],"picked":"Quick Slash","floor":4},{"not_picked":["Endless Agony","Accuracy"],"picked":"Blade Dance","floor":5},{"not_picked":["Flying Knee","Leg Sweep"],"picked":"Dagger Spray","floor":7},{"not_picked":["Prepared","Dagger Throw"],"picked":"Cloak And Dagger","floor":8},{"not_picked":["Masterful Stab","Tactician"],"picked":"Dagger Throw","floor":10},{"not_picked":["Blade Dance","Calculated Gamble"],"picked":"Choke","floor":11},{"not_picked":["Expertise","Sucker Punch"],"picked":"Dagger Throw","floor":12},{"not_picked":["Caltrops","Blade Dance"],"picked":"Dagger Spray","floor":13},{"not_picked":["Venomology","Wraith Form v2"],"picked":"A Thousand Cuts","floor":16},{"not_picked":["Concentrate","Underhanded Strike+1"],"picked":"Flying Knee+1","floor":18},{"not_picked":["Sucker Punch","Choke+1"],"picked":"Poisoned Stab+1","floor":20},{"not_picked":["Dagger Throw","Slice"],"picked":"Backstab","floor":21},{"not_picked":["Outmaneuver+1","Deflect"],"picked":"Burst","floor":23},{"not_picked":["Deflect","Bane"],"picked":"Blade Dance","floor":28},{"not_picked":["Leg Sweep","Reflex"],"picked":"Bane","floor":29},{"not_picked":["Quick Slash","Sucker Punch"],"picked":"Blade Dance","floor":30},{"not_picked":["Underhanded Strike","Flying Knee+1"],"picked":"PiercingWail+1","floor":31},{"not_picked":["Tactician","Acrobatics"],"picked":"Footwork","floor":32},{"not_picked":["Glass Knife","A Thousand Cuts"],"picked":"Storm of Steel","floor":33},{"not_picked":["PiercingWail","Tactician"],"picked":"Deadly Poison+1","floor":35},{"not_picked":["Choke+1","Prepared+1"],"picked":"Endless Agony","floor":40},{"not_picked":["Sucker Punch","Deadly Poison+1"],"picked":"Flechettes","floor":41},{"not_picked":["Dagger Spray","Calculated Gamble+1"],"picked":"Envenom","floor":44},{"not_picked":["Poisoned Stab+1","Quick Slash"],"picked":"Riddle With Holes+1","floor":45},{"not_picked":["Panacea","Violence"],"picked":"Flash of Steel","floor":46},{"not_picked":["Thinking Ahead","Magnetism"],"picked":"Trip","floor":46},{"not_picked":["Jack Of All Trades","Trip"],"picked":"Panache","floor":46},{"not_picked":["Tactician","Quick Slash"],"picked":"Slice","floor":47}],"player_experience":184641,"relics_obtained":[{"floor":7,"key":"PreservedInsect"},{"floor":9,"key":"Dodecahedron"},{"floor":11,"key":"Potion Belt"},{"floor":21,"key":"Red Mask"},{"floor":23,"key":"Gremlin Horn"},{"floor":26,"key":"Shuriken"},{"floor":28,"key":"Pantograph"},{"floor":30,"key":"Dream Catcher"},{"floor":40,"key":"Paper Crane"},{"floor":43,"key":"The Courier"}],"event_choices":[{"damage_healed":0,"gold_gain":0,"player_choice":"Left Gold","damage_taken":0,"max_hp_gain":0,"max_hp_loss":0,"event_name":"World of Goop","floor":14,"gold_loss":37},{"cards_removed":["Strike_G"],"damage_healed":0,"gold_gain":0,"player_choice":"Gave Gold","damage_taken":0,"max_hp_gain":0,"max_hp_loss":0,"event_name":"Beggar","floor":19,"gold_loss":75},{"damage_healed":0,"gold_gain":0,"player_choice":"Fought Bandits","damage_taken":0,"max_hp_gain":0,"max_hp_loss":0,"event_name":"Masked Bandits","floor":21,"gold_loss":0},{"damage_healed":0,"gold_gain":0,"player_choice":"Simplicity","damage_taken":0,"max_hp_gain":0,"max_hp_loss":0,"event_name":"Back to Basics","floor":24,"gold_loss":0,"cards_upgraded":["Defend_G","Defend_G","Defend_G","Defend_G","Defend_G","Strike_G"]},{"damage_healed":0,"gold_gain":0,"player_choice":"Inject Mutagens","damage_taken":0,"relics_obtained":["MutagenicStrength"],"max_hp_gain":0,"max_hp_loss":0,"event_name":"Drug Dealer","floor":27,"gold_loss":0},{"damage_healed":0,"gold_gain":222,"player_choice":"Wore Mask","damage_taken":0,"max_hp_gain":0,"max_hp_loss":0,"event_name":"Tomb of Lord Red Mask","floor":36,"gold_loss":0},{"damage_healed":0,"gold_gain":0,"player_choice":"Copied","damage_taken":0,"max_hp_gain":0,"max_hp_loss":0,"event_name":"Duplicator","floor":38,"gold_loss":0,"cards_obtained":["Backstab"]},{"damage_healed":0,"gold_gain":0,"player_choice":"Memory 3","damage_taken":10,"max_hp_gain":0,"max_hp_loss":0,"event_name":"SensoryStone","floor":46,"gold_loss":0},{"cards_removed":["A Thousand Cuts"],"damage_healed":0,"gold_gain":0,"player_choice":"Offered Rare","damage_taken":0,"max_hp_gain":10,"max_hp_loss":0,"event_name":"Bonfire Elementals","floor":48,"gold_loss":0}],"is_beta":false,"boss_relics":[{"not_picked":["Busted Crown","White Beast Statue"],"picked":"Astrolabe"},{"not_picked":["Snecko Eye","Sozu"],"picked":"WristBlade"}],"items_purged_floors":[],"is_endless":false,"potions_floor_spawned":[1,4,5,8,12,16,20,28,30,33,35,41],"ascension_level":4}