{"gold_per_floor":[114,114,114,124,142,174,174,174],"floor_reached":8,"playtime":410,"items_purged":[],"score":84,"play_id":"e3dcac35-78d7-4e6c-96cc-8d5ff9d8dbb8","local_time":"20190510193637","is_ascension_mode":true,"campfire_choices":[{"floor":7,"key":"REST"}],"neow_cost":"NONE","seed_source_timestamp":1131816691696150,"circlet_count":0,"master_deck":["AscendersBane","Defend_G","Defend_G","Defend_G","Defend_G+1","Defend_G","Strike_G","Strike_G+1","Strike_G","Strike_G","Strike_G","Survivor","Neutralize","Skewer","Backflip"],"relics":["Ring of the Snake","Gremlin Horn","Darkstone Periapt"],"potions_floor_usage":[],"damage_taken":[{"damage":2,"enemies":"Jaw Worm","floor":1,"turns":7},{"damage":2,"enemies":"Small Slimes","floor":4,"turns":4},{"damage":0,"enemies":"Cultist","floor":5,"turns":3},{"damage":32,"enemies":"3 Sentries","floor":6,"turns":11},{"damage":49,"enemies":"Lagavulin","floor":8,"turns":10}],"seed_played":"1171154740617187062","potions_obtained":[{"floor":1,"key":"EssenceOfSteel"}],"is_trial":false,"path_per_floor":["M","?","?","M","M","E","R","E"],"character_chosen":"THE_SILENT","items_purchased":[],"campfire_rested":1,"item_purchase_floors":[],"current_hp_per_floor":[68,53,53,51,51,19,42,0],"gold":174,"neow_bonus":"TEN_PERCENT_HP_BONUS","is_prod":false,"is_daily":false,"chose_seed":false,"campfire_upgraded":0,"win_rate":0,"timestamp":1557542197,"path_taken":["M","?","?","M","M","E","R","E"],"build_version":"2019-01-23","purchased_purges":0,"victory":false,"max_hp_per_floor":[77,77,77,77,77,77,77,77],"card_choices":[{"not_picked":["Deadly Poison","Underhanded Strike"],"picked":"Skewer","floor":1},{"not_picked":["Poisoned Stab","Sucker Punch","Deadly Poison"],"picked":"SKIP","floor":4},{"not_picked":["Blade Dance","Heel Hook","Expertise"],"picked":"SKIP","floor":5},{"not_picked":["Dagger Throw","Eviscerate"],"picked":"Backflip","floor":6}],"player_experience":353234,"relics_obtained":[{"floor":6,"key":"Darkstone Periapt"}],"event_choices":[{"damage_healed":0,"gold_gain":0,"player_choice":"Entered Light","damage_taken":15,"max_hp_gain":0,"max_hp_loss":0,"event_name":"Shining Light","floor":2,"gold_loss":0,"cards_upgraded":["Strike_G","Defend_G"]},{"damage_healed":0,"gold_gain":0,"player_choice":"Gave Potion","damage_taken":0,"relics_obtained":["Gremlin Horn"],"max_hp_gain":0,"max_hp_loss":0,"event_name":"WeMeetAgain","floor":3,"gold_loss":0}],"is_beta":false,"boss_relics":[],"items_purged_floors":[],"is_endless":false,"potions_floor_spawned":[1],"killed_by":"Lagavulin","ascension_level":10}