{"path_per_floor":["M","?","M","M","M","E","R","E","T","$","T","M","R","E","R","B",null,"M","M","M","?","T","R","E","R","T","M","E","R","$","M","R","B",null,"M","$","?","M","T","R","E","R","T","E","?","M","M","?","R","B"],"character_chosen":"DEFECT","items_purchased":["Bird Faced Urn","Frozen Egg 2","Panache","Magnetism+1","Static Discharge+1"],"gold_per_floor":[117,192,212,230,248,280,280,314,314,19,88,106,106,440,440,536,536,556,574,585,585,608,608,634,634,634,646,681,681,161,178,178,275,275,294,83,333,352,379,379,408,408,432,466,466,483,502,502,502,502],"floor_reached":51,"campfire_rested":6,"playtime":2786,"item_purchase_floors":[],"current_hp_per_floor":[66,55,48,48,35,24,46,16,16,16,16,9,31,15,37,9,75,73,41,40,40,40,70,59,67,67,66,26,58,58,56,66,66,75,74,74,74,73,73,75,42,56,63,55,55,46,39,39,79,20],"items_purged":["Writhe"],"gold":502,"score":956,"play_id":"6692ea5d-d757-4081-9fe3-9bf2b0950f5d","local_time":"20180528031209","is_prod":false,"is_daily":false,"chose_seed":false,"is_ascension_mode":true,"campfire_upgraded":4,"win_rate":0,"timestamp":1527466329,"campfire_choices":[{"floor":7.0,"key":"REST"},{"floor":13.0,"key":"REST"},{"floor":15.0,"key":"REST"},{"floor":23,"key":"REST"},{"data":"Electrodynamics","floor":25,"key":"SMITH"},{"floor":29,"key":"REST"},{"data":"Defragment","floor":32,"key":"SMITH"},{"data":"Darkness","floor":40,"key":"SMITH"},{"data":"Chaos","floor":42,"key":"SMITH"},{"floor":49,"key":"REST"}],"path_taken":["M","?","M","?","M","E","R","E","T","$","?","M","R","E","R","BOSS","M","?","M","?","?","R","E","R","T","M","E","R","$","?","R","BOSS","M","?","?","M","?","R","E","R","T","E","?","M","?","?","R","BOSS"],"build_version":"2018-05-25","seed_source_timestamp":0,"purchased_purges":1,"victory":true,"master_deck":["Strike_B+1","Strike_B+1","Strike_B+1","Strike_B+1","Defend_B+1","Defend_B+1","Defend_B+1","Defend_B+1","Zap","Dualcast+1","Rebound","Consume","Undo","Defragment+1","Rainbow+1","Scrape","Ball Lightning","Electrodynamics+1","Darkness+1","Undo","Beam Cell","Beam Cell+1","Ball Lightning","Cold Snap","Loop+1","Panache+1","Conserve Battery+1","Chaos+1","Thunder Strike","Skim+1","Magnetism+1","Static Discharge+1","Regret","Melter+1","Static Discharge+1","Clumsy","Steam+1","Writhe","Ball Lightning","Normality","Ball Lightning","Conserve Battery+1","Darkness+1","Defragment+1","Rip and Tear+1"],"max_hp_per_floor":[75,75,75,75,75,75,75,75,75,75,75,75,75,75,75,75,75,75,75,75,75,75,75,75,75,75,75,75,75,75,75,75,75,75,75,75,75,75,75,75,75,75,82,82,82,82,82,82,82,82],"relics":["Cracked Core","Sundial","Mummified Hand","Gremlin Horn","Turnip","Bird Faced Urn","Cables","Old Coin","Eternal Feather","Lantern","Prayer Wheel","Bottled Lightning","War Paint","Frozen Egg 2","Cursed Key","Dream Catcher","Ancient Tea Set","Strawberry","Anchor","Toxic Egg 2"],"card_choices":[{"not_picked":["Redo","Hologram"],"picked":"Rebound","floor":1.0},{"not_picked":["Beam Cell","Fusion"],"picked":"Consume","floor":3.0},{"not_picked":["Sunder","Turbo"],"picked":"Go for the Eyes","floor":4.0},{"not_picked":["Skim","Steam"],"picked":"Undo","floor":5.0},{"not_picked":["Force Field","Turbo"],"picked":"Defragment","floor":6.0},{"not_picked":["Reboot","Sweeping Beam"],"picked":"Rainbow","floor":8.0},{"not_picked":["Double Energy","Redo"],"picked":"Scrape","floor":12.0},{"not_picked":["Barrage","Stack"],"picked":"Ball Lightning","floor":14.0},{"not_picked":["Creative AI","Buffer"],"picked":"Electrodynamics","floor":16},{"not_picked":["Rebound","Beam Cell"],"picked":"Darkness","floor":18},{"not_picked":["Leap","White Noise"],"picked":"Undo","floor":19},{"not_picked":["Scrape","Turbo"],"picked":"Beam Cell","floor":20},{"not_picked":["Turbo+1","Ball Lightning"],"picked":"Beam Cell+1","floor":24},{"not_picked":["Rebound","Stack"],"picked":"Ball Lightning","floor":27},{"not_picked":["Sweeping Beam","Leap"],"picked":"Cold Snap","floor":27},{"not_picked":["Leap+1","Turbo"],"picked":"Loop+1","floor":28},{"not_picked":["Hologram","Blizzard"],"picked":"Conserve Battery+1","floor":31},{"not_picked":["Force Field","BootSequence"],"picked":"Chaos","floor":31},{"not_picked":["Core Surge","Reboot"],"picked":"Thunder Strike","floor":33},{"not_picked":["Aggregate+1","Hologram"],"picked":"Skim+1","floor":35},{"not_picked":["Redo","Stack","Lockon"],"picked":"SKIP","floor":35},{"not_picked":["Leap+1","Blizzard"],"picked":"Melter+1","floor":38},{"not_picked":["Beam Cell+1","Sweeping Beam"],"picked":"Static Discharge+1","floor":38},{"not_picked":["Chill+1","Barrage"],"picked":"Steam+1","floor":41},{"not_picked":["Conserve Battery+1","Core Surge"],"picked":"Ball Lightning","floor":44},{"not_picked":["Barrage+1","Rebound"],"picked":"Ball Lightning","floor":46},{"not_picked":["Cold Snap+1","Rebound+1"],"picked":"Conserve Battery+1","floor":46},{"not_picked":["Rebound+1","Steam+1"],"picked":"Darkness+1","floor":47},{"not_picked":["Compile Driver","Steam+1"],"picked":"Defragment+1","floor":47},{"not_picked":["Streamline+1","Barrage"],"picked":"Rip and Tear+1","floor":49}],"player_experience":242315,"potions_floor_usage":[19,27,28,41,41,41,50],"damage_taken":[{"damage":9.0,"enemies":"Small Slimes","floor":1.0,"turns":3.0},{"damage":7.0,"enemies":"Jaw Worm","floor":3.0,"turns":4.0},{"damage":0.0,"enemies":"Cultist","floor":4.0,"turns":3.0},{"damage":13.0,"enemies":"Red Slaver","floor":5.0,"turns":4.0},{"damage":11.0,"enemies":"Lagavulin","floor":6.0,"turns":8.0},{"damage":30.0,"enemies":"3 Sentries","floor":8.0,"turns":9.0},{"damage":9.0,"enemies":"Lots of Slimes","floor":12.0,"turns":3.0},{"damage":18.0,"enemies":"Gremlin Nob","floor":14.0,"turns":3.0},{"damage":30,"enemies":"Hexaghost","floor":16,"turns":9},{"damage":4,"enemies":"Chosen","floor":18,"turns":4},{"damage":32,"enemies":"2 Thieves","floor":19,"turns":4},{"damage":5,"enemies":"Chosen and Byrds","floor":20,"turns":5},{"damage":15,"enemies":"Gremlin Leader","floor":24,"turns":6},{"damage":3,"enemies":"Snecko","floor":27,"turns":4},{"damage":44,"enemies":"Slavers","floor":28,"turns":5},{"damage":10,"enemies":"Centurion and Healer","floor":31,"turns":4},{"damage":8,"enemies":"Automaton","floor":33,"turns":6},{"damage":3,"enemies":"3 Shapes","floor":35,"turns":3},{"damage":6,"enemies":"Flame Bruiser 1 Orb","floor":38,"turns":4},{"damage":41,"enemies":"2 Orb Walkers","floor":41,"turns":4},{"damage":20,"enemies":"Giant Head","floor":44,"turns":6},{"damage":15,"enemies":"4 Shapes","floor":46,"turns":3},{"damage":15,"enemies":"Flame Bruiser 2 Orb","floor":47,"turns":3},{"damage":75,"enemies":"Time Eater","floor":50,"turns":8}],"relics_obtained":[{"floor":6.0,"key":"Mummified Hand"},{"floor":8.0,"key":"Gremlin Horn"},{"floor":9.0,"key":"Turnip"},{"floor":11.0,"key":"Cables"},{"floor":14.0,"key":"Old Coin"},{"floor":22,"key":"Lantern"},{"floor":24,"key":"Prayer Wheel"},{"floor":26,"key":"Bottled Lightning"},{"floor":28,"key":"War Paint"},{"floor":39,"key":"Dream Catcher"},{"floor":41,"key":"Ancient Tea Set"},{"floor":43,"key":"Strawberry"},{"floor":44,"key":"Anchor"}],"event_choices":[{"event_name":"World of Goop","player_choice":"Gather Gold","floor":2.0,"damage_taken":0.0},{"event_name":"Back to Basics","player_choice":"Simplicity","floor":21,"damage_taken":0},{"event_name":"Golden Shrine","player_choice":"Desecrate","floor":37,"damage_taken":0},{"event_name":"Accursed Blacksmith","player_choice":"Rummage","floor":45,"damage_taken":0}],"boss_relics":[{"not_picked":["White Beast Statue","Orrery"],"picked":"Eternal Feather"},{"not_picked":["Astrolabe","Runic Dome"],"picked":"Cursed Key"}],"items_purged_floors":[30],"potions_floor_spawned":[3,12,14,16,18,19,27,38,44],"seed_played":"31040829221552436","ascension_level":4,"potions_obtained":[{"floor":3.0,"key":"EssenceOfSteel"},{"floor":12.0,"key":"Strength Potion"},{"floor":14.0,"key":"Dexterity Potion"},{"floor":16,"key":"Swift Potion"},{"floor":18,"key":"Strength Potion"},{"floor":19,"key":"Dexterity Potion"},{"floor":27,"key":"Fire Potion"},{"floor":38,"key":"EssenceOfSteel"},{"floor":44,"key":"EssenceOfSteel"}],"is_trial":false}