{"path_per_floor":["M","?","?","M","M","R","E","R","T","E","M","?","R","E","R","B",null,"M","M","T","?","M","R"],"character_chosen":"DEFECT","items_purchased":[],"gold_per_floor":[112,112,112,128,147,147,173,173,173,198,213,463,463,497,497,593,593,609,627,627,627,644,644,644],"floor_reached":24,"campfire_rested":4,"playtime":1036,"item_purchase_floors":[],"current_hp_per_floor":[67,75,75,68,66,66,1,23,23,7,7,7,44,32,69,45,75,66,38,38,38,19,64,0],"items_purged":[],"gold":644,"score":257,"play_id":"cf40df5a-29c1-4dbe-92d0-9a34b8dcf17b","local_time":"20180528022141","is_prod":false,"is_daily":false,"chose_seed":false,"is_ascension_mode":true,"campfire_upgraded":1,"win_rate":0,"timestamp":1527463301,"campfire_choices":[{"data":"Zap","floor":6.0,"key":"SMITH"},{"floor":8.0,"key":"REST"},{"floor":13.0,"key":"REST"},{"floor":15.0,"key":"REST"},{"floor":23,"key":"REST"}],"path_taken":["M","?","?","?","?","R","E","R","T","E","M","?","R","E","R","BOSS","M","?","?","?","M","R","E"],"build_version":"2018-05-25","seed_source_timestamp":0,"purchased_purges":0,"victory":false,"master_deck":["Strike_B","Strike_B","Strike_B","Defend_B","Defend_B","Defend_B","Defend_B","Zap+1","Dualcast","Leap","Regret","Doom and Gloom","Steam","Leap","Doom and Gloom","Sunder","Regret","Lockon","Fission","Sunder","Beam Cell","Glacier","Fusion+1"],"max_hp_per_floor":[75,75,75,75,75,75,75,75,75,75,75,75,75,75,75,75,75,75,75,75,75,75,75,75],"relics":["Runic Dome","Toolbox","Symbiotic Virus","Regal Pillow","Bag of Marbles","Shuriken","Eternal Feather","Art of War"],"card_choices":[{"not_picked":["Redo","Barrage"],"picked":"Leap","floor":1.0},{"not_picked":["Hologram","Fusion"],"picked":"Doom and Gloom","floor":4.0},{"not_picked":["Fusion","Consume"],"picked":"Steam","floor":5.0},{"not_picked":["Lockon","Scrape"],"picked":"Leap","floor":7.0},{"not_picked":["White Noise","Darkness"],"picked":"Doom and Gloom","floor":10.0},{"not_picked":["Cold Snap","Chaos"],"picked":"Sunder","floor":11.0},{"not_picked":["Streamline","Hologram"],"picked":"Lockon","floor":14.0},{"not_picked":["Biased Cognition","All For One"],"picked":"Fission","floor":16.0},{"not_picked":["Barrage","Steam"],"picked":"Sunder","floor":18.0},{"not_picked":["Rebound","Sweeping Beam"],"picked":"Beam Cell","floor":19.0},{"not_picked":["Static Discharge","Beam Cell"],"picked":"Fusion+1","floor":22}],"player_experience":241279,"potions_floor_usage":[24,24,24],"damage_taken":[{"damage":8.0,"enemies":"2 Louse","floor":1.0,"turns":2.0},{"damage":7.0,"enemies":"Cultist","floor":4.0,"turns":3.0},{"damage":2.0,"enemies":"Jaw Worm","floor":5.0,"turns":2.0},{"damage":65.0,"enemies":"Gremlin Nob","floor":7.0,"turns":5.0},{"damage":16.0,"enemies":"Lagavulin","floor":10.0,"turns":7.0},{"damage":0.0,"enemies":"3 Louse","floor":11.0,"turns":1.0},{"damage":12.0,"enemies":"3 Sentries","floor":14.0,"turns":3.0},{"damage":24.0,"enemies":"The Guardian","floor":16.0,"turns":8.0},{"damage":9.0,"enemies":"Spheric Guardian","floor":18.0,"turns":4.0},{"damage":28.0,"enemies":"Shell Parasite","floor":19.0,"turns":5.0},{"damage":19,"enemies":"Cultist and Chosen","floor":22,"turns":4},{"damage":73,"enemies":"Gremlin Leader","floor":24,"turns":7}],"relics_obtained":[{"floor":7.0,"key":"Symbiotic Virus"},{"floor":9.0,"key":"Regal Pillow"},{"floor":10.0,"key":"Bag of Marbles"},{"floor":14.0,"key":"Shuriken"},{"floor":20.0,"key":"Art of War"}],"event_choices":[{"event_name":"Wheel of Change","player_choice":"Full Heal","floor":2.0,"damage_taken":0.0},{"event_name":"Big Fish","player_choice":"Box","floor":3.0,"damage_taken":0.0},{"event_name":"Golden Shrine","player_choice":"Desecrate","floor":12.0,"damage_taken":0.0},{"event_name":"Transmorgrifier","player_choice":"Transform","floor":21.0,"damage_taken":0.0}],"boss_relics":[],"items_purged_floors":[],"potions_floor_spawned":[4,11,14,18],"seed_played":"-2288305474978504430","killed_by":"Gremlin Leader","ascension_level":4,"potions_obtained":[{"floor":4.0,"key":"GamblersBrew"},{"floor":11.0,"key":"PowerPotion"},{"floor":14.0,"key":"PowerPotion"},{"floor":18.0,"key":"Strength Potion"}],"is_trial":false}