{"gold_per_floor":[13,13,25,42,42,42,72,72,72,85,96,21,84,101,101,174,174,194,206,206,218,218],"floor_reached":22,"playtime":2606,"items_purged":["Strike_G"],"score":396,"play_id":"8c735813-cba8-491e-9761-5c0707910c03","local_time":"20190525231401","is_ascension_mode":true,"campfire_choices":[{"floor":6,"key":"REST"},{"data":"Predator","floor":8,"key":"SMITH"},{"floor":15,"key":"REST"}],"neow_cost":"NO_GOLD","seed_source_timestamp":49679474846400,"circlet_count":0,"master_deck":["AscendersBane","Defend_G","Defend_G+1","Defend_G","Defend_G","Defend_G","Strike_G+1","Survivor","Neutralize","Dagger Throw","Predator+1","Slice","Decay","Cloak And Dagger","Cloak And Dagger","Dagger Spray","Crippling Poison","Deadly Poison","Die Die Die","PiercingWail","PiercingWail+1","Dagger Throw","Noxious Fumes+1"],"relics":["Ring of the Snake","Sundial","Ornamental Fan","Tiny Chest","Fusion Hammer"],"potions_floor_usage":[7,7,13,16,19,22],"damage_taken":[{"damage":4,"enemies":"Jaw Worm","floor":1,"turns":7},{"damage":0,"enemies":"Small Slimes","floor":3,"turns":3},{"damage":0,"enemies":"Cultist","floor":4,"turns":3},{"damage":13,"enemies":"3 Sentries","floor":7,"turns":10},{"damage":7,"enemies":"Exordium Thugs","floor":10,"turns":5},{"damage":0,"enemies":"2 Fungi Beasts","floor":11,"turns":3},{"damage":16,"enemies":"Lagavulin","floor":13,"turns":6},{"damage":0,"enemies":"Lots of Slimes","floor":14,"turns":3},{"damage":35,"enemies":"Slime Boss","floor":16,"turns":13},{"damage":13,"enemies":"Chosen","floor":18,"turns":5},{"damage":1,"enemies":"3 Byrds","floor":19,"turns":4},{"damage":28,"enemies":"Snecko","floor":21,"turns":7},{"damage":14,"enemies":"Shelled Parasite and Fungi","floor":22,"turns":4}],"seed_played":"-2438162047467664340","potions_obtained":[{"floor":1,"key":"Swift Potion"},{"floor":3,"key":"Strength Potion"},{"floor":11,"key":"FearPotion"},{"floor":13,"key":"SkillPotion"},{"floor":18,"key":"Block Potion"},{"floor":19,"key":"Explosive Potion"}],"is_trial":false,"path_per_floor":["M","?","M","M","?","R","E","R","T","M","M","$","E","M","R","B",null,"M","M","?","M","M"],"character_chosen":"THE_SILENT","items_purchased":[],"campfire_rested":2,"item_purchase_floors":[],"current_hp_per_floor":[55,35,35,35,35,54,41,41,41,34,34,34,18,18,37,2,50,37,36,36,8,0],"gold":218,"neow_bonus":"REMOVE_TWO","is_prod":false,"is_daily":false,"chose_seed":false,"campfire_upgraded":1,"win_rate":0,"timestamp":1558851241,"path_taken":["M","?","M","M","?","R","E","R","T","?","M","?","E","M","R","BOSS","M","M","?","?","M"],"build_version":"2019-01-23","purchased_purges":1,"victory":false,"max_hp_per_floor":[66,66,66,66,66,66,66,66,66,66,66,66,66,66,66,66,66,66,66,66,66,66],"card_choices":[{"not_picked":["Escape Plan","Backflip"],"picked":"Dagger Throw","floor":1},{"not_picked":["Dodge and Roll","Dagger Spray"],"picked":"Predator","floor":3},{"not_picked":["Backflip","Flying Knee"],"picked":"Slice","floor":4},{"not_picked":["Endless Agony","Grand Finale"],"picked":"Cloak And Dagger","floor":7},{"not_picked":["Choke","Dagger Throw"],"picked":"Cloak And Dagger","floor":10},{"not_picked":["Blade Dance","Cloak And Dagger"],"picked":"Dagger Spray","floor":11},{"not_picked":["Blade Dance","Dagger Spray"],"picked":"Crippling Poison","floor":13},{"not_picked":["Flying Knee","Dagger Spray"],"picked":"Deadly Poison","floor":14},{"not_picked":["Grand Finale","Bullet Time"],"picked":"Die Die Die","floor":16},{"not_picked":["Dodge and Roll","Prepared"],"picked":"PiercingWail","floor":18},{"not_picked":["Deadly Poison","Deflect"],"picked":"PiercingWail+1","floor":19},{"not_picked":["Calculated Gamble","Tactician"],"picked":"Noxious Fumes+1","floor":21}],"player_experience":1480819,"relics_obtained":[{"floor":7,"key":"Sundial"},{"floor":9,"key":"Ornamental Fan"},{"floor":13,"key":"Tiny Chest"}],"event_choices":[{"damage_healed":0,"gold_gain":0,"player_choice":"Entered Light","damage_taken":20,"max_hp_gain":0,"max_hp_loss":0,"event_name":"Shining Light","floor":2,"gold_loss":0,"cards_upgraded":["Strike_G","Defend_G"]},{"damage_healed":0,"gold_gain":0,"player_choice":"Cursed","damage_taken":0,"max_hp_gain":0,"max_hp_loss":0,"event_name":"Wheel of Change","floor":5,"gold_loss":0,"cards_obtained":["Decay"]},{"damage_healed":0,"gold_gain":0,"cards_transformed":["Strike_G"],"player_choice":"Transformed","damage_taken":0,"max_hp_gain":0,"max_hp_loss":0,"event_name":"Transmorgrifier","floor":20,"gold_loss":0,"cards_obtained":["Dagger Throw"]}],"is_beta":false,"boss_relics":[{"not_picked":["Lizard Tail","Orrery"],"picked":"Fusion Hammer"}],"items_purged_floors":[12],"is_endless":false,"potions_floor_spawned":[1,3,4,11,13,18,19],"killed_by":"Shelled Parasite and Fungi","ascension_level":20}