{"gold_per_floor":[116,10,21,37,112,112,445,465,533,552,568,587,587,600,600,700,700,714,714,285,304,319,319,234,234,234,234,23,23],"floor_reached":29,"playtime":1196,"items_purged":[],"score":272,"play_id":"5067dac4-02d0-44af-8ea2-c5678f655072","local_time":"20181125190205","is_ascension_mode":true,"campfire_choices":[{"data":"Chaos","floor":6.0,"key":"SMITH"},{"data":"Tempest","floor":13.0,"key":"SMITH"},{"floor":15.0,"key":"REST"},{"data":"Madness","floor":23,"key":"SMITH"},{"data":"Buffer","floor":25,"key":"SMITH"},{"data":"Multi-Cast","floor":27,"key":"SMITH"}],"neow_cost":"NONE","seed_source_timestamp":0,"circlet_count":0,"master_deck":["Strike_B","Defend_B","Defend_B","Defend_B","Defend_B","Zap","Dualcast","Machine Learning","Go for the Eyes","Storm","Chaos+1","Rip and Tear","Cold Snap","Multi-Cast+1","Tempest+1","Chill","Ball Lightning","Compile Driver","Melter","Buffer+1","Go for the Eyes+1","Machine Learning+1","Amplify+1","Storm","Madness+1","Heatsinks","Sunder+1","Ball Lightning+1","Compile Driver"],"special_seed":0,"relics":["Cracked Core","Old Coin","Blue Candle","Astrolabe","Bottled Lightning","Oddly Smooth Stone","Shuriken","Membership Card"],"potions_floor_usage":[22],"damage_taken":[{"damage":0.0,"enemies":"Cultist","floor":1.0,"turns":3.0},{"damage":1.0,"enemies":"2 Louse","floor":3.0,"turns":3.0},{"damage":1.0,"enemies":"Small Slimes","floor":4.0,"turns":3.0},{"damage":4.0,"enemies":"Lagavulin","floor":7.0,"turns":6.0},{"damage":0.0,"enemies":"Exordium Wildlife","floor":8.0,"turns":5.0},{"damage":19.0,"enemies":"3 Louse","floor":10.0,"turns":3.0},{"damage":11.0,"enemies":"Exordium Thugs","floor":11.0,"turns":3.0},{"damage":19.0,"enemies":"Lots of Slimes","floor":12.0,"turns":3.0},{"damage":12.0,"enemies":"3 Louse","floor":14.0,"turns":2.0},{"damage":15.0,"enemies":"Slime Boss","floor":16.0,"turns":8.0},{"damage":18.0,"enemies":"Shell Parasite","floor":18.0,"turns":5.0},{"damage":0,"enemies":"Spheric Guardian","floor":21,"turns":3},{"damage":12,"enemies":"Chosen and Byrds","floor":22,"turns":4},{"damage":51,"enemies":"Shelled Parasite and Fungi","floor":29,"turns":3}],"seed_played":"-2271270117192235782","potions_obtained":[{"floor":1.0,"key":"EntropicBrew"},{"floor":10.0,"key":"Strength Potion"},{"floor":12.0,"key":"Strength Potion"},{"floor":18.0,"key":"Dexterity Potion"},{"floor":21,"key":"AttackPotion"},{"floor":22,"key":"Dexterity Potion"}],"is_trial":false,"path_per_floor":["M","$","M","M","?","R","E","M","T","M","M","M","R","M","R","B",null,"M","?","$","M","M","R","?","R","T","R","$","M"],"character_chosen":"DEFECT","items_purchased":["Storm","Chaos","Madness","Bottled Lightning","Heatsinks","Membership Card","Compile Driver"],"campfire_rested":1,"item_purchase_floors":[2,2,20,20,20,28,28],"current_hp_per_floor":[75,75,74,73,66,66,62,62,62,43,32,13,13,1,23,8,75,57,57,57,57,45,45,45,45,45,45,45,0],"gold":23,"neow_bonus":"ONE_RANDOM_RARE_CARD","is_prod":false,"is_daily":false,"chose_seed":false,"campfire_upgraded":5,"win_rate":0,"timestamp":1543201325,"path_taken":["M","?","M","M","?","R","E","?","T","M","M","M","R","M","R","BOSS","M","?","$","M","M","R","?","R","T","R","$","M"],"build_version":"2018-11-15","purchased_purges":0,"victory":false,"max_hp_per_floor":[75,75,75,75,75,75,75,75,75,75,75,75,75,75,75,75,75,75,75,75,75,75,75,75,75,75,75,75,75],"card_choices":[{"not_picked":["Sunder","Gash"],"picked":"Go for the Eyes","floor":1.0},{"not_picked":["Steam","Sweeping Beam"],"picked":"Rip and Tear","floor":3.0},{"not_picked":["Gash","Hologram"],"picked":"Cold Snap","floor":4.0},{"not_picked":["Leap","Hello World"],"picked":"Multi-Cast","floor":7.0},{"not_picked":["Hello World","Barrage"],"picked":"Tempest","floor":8.0},{"not_picked":["Beam Cell","Coolheaded"],"picked":"Chill","floor":10.0},{"not_picked":["Hologram","Recycle"],"picked":"Ball Lightning","floor":11.0},{"not_picked":["Self Repair","Steam"],"picked":"Compile Driver","floor":12.0},{"not_picked":["Rebound","Steam"],"picked":"Melter","floor":14.0},{"not_picked":["Core Surge","Reboot"],"picked":"Buffer","floor":16.0},{"not_picked":["Barrage+1","Heatsinks"],"picked":"Storm","floor":18.0},{"not_picked":["Melter+1","Beam Cell"],"picked":"Sunder+1","floor":21},{"not_picked":["Undo+1","Leap"],"picked":"Ball Lightning+1","floor":22}],"player_experience":174979,"relics_obtained":[{"floor":7.0,"key":"Old Coin"},{"floor":9.0,"key":"Blue Candle"},{"floor":26,"key":"Shuriken"}],"event_choices":[{"damage_healed":0.0,"max_hp_gain":0.0,"max_hp_loss":0.0,"gold_gain":75.0,"event_name":"FaceTrader","player_choice":"Touch","floor":5.0,"gold_loss":0.0,"damage_taken":7.0},{"damage_healed":0.0,"max_hp_gain":0.0,"max_hp_loss":0.0,"gold_gain":0.0,"event_name":"Ghosts","player_choice":"Ignored","floor":19.0,"gold_loss":0.0,"damage_taken":0.0},{"damage_healed":0,"gold_gain":0,"player_choice":"Obtained Relic","damage_taken":0,"relics_obtained":["Oddly Smooth Stone"],"max_hp_gain":0,"max_hp_loss":0,"event_name":"Addict","floor":24,"gold_loss":85}],"is_beta":false,"boss_relics":[{"not_picked":["Calling Bell","Coffee Dripper"],"picked":"Astrolabe"}],"items_purged_floors":[],"is_endless":false,"potions_floor_spawned":[1,10,12,14,18,21,22],"killed_by":"Shelled Parasite and Fungi","ascension_level":4}