{"gold_per_floor":[11,26,26,42,60,93,118,118,118,157,157,190,265,281,281,405,405,426,31,0,0,0,31,31,31,31,51,72,133,157,201,201,331,331,352,352,377,39,0,44,44,75,144,160,194,217,217,248,248,248,248,248,50,93,93],"floor_reached":55,"playtime":3284,"items_purged":["Doubt"],"score":1498,"play_id":"ee793190-3671-4880-afda-62e75f30a200","local_time":"20190115221337","is_ascension_mode":true,"campfire_choices":[{"floor":8.0,"key":"REST"},{"floor":15,"key":"REST"},{"floor":25,"key":"REST"},{"floor":32,"key":"RECALL"},{"data":"Decay","floor":41,"key":"PURGE"},{"data":"Double Tap","floor":47,"key":"SMITH"},{"data":"Pummel","floor":49,"key":"SMITH"},{"data":"Limit Break","floor":52,"key":"SMITH"}],"neow_cost":"NO_GOLD","seed_source_timestamp":0,"circlet_count":0,"master_deck":["AscendersBane","Strike_R","Strike_R","Strike_R","Strike_R","Strike_R","Defend_R","Defend_R","Defend_R","Defend_R","Bash","Flex","Uppercut","Pummel","Carnage","Double Tap+1","Warcry","Warcry","Brutality","Pummel+1","Reaper","Shockwave","Seeing Red","Feed","Clothesline","Warcry+1","Perfected Strike","Pummel+1","Limit Break+1","Dual Wield+1","Rage+1","Uppercut+1","Heavy Blade+1"],"special_seed":0,"relics":["Burning Blood","Mango","Golden Idol","Ancient Tea Set","Paper Frog","Vajra","Blue Candle","Snecko Eye","Potion Belt","Brimstone","Enchiridion","Dead Branch","MutagenicStrength","Tiny Chest","Molten Egg 2","Calling Bell","Centennial Puzzle","The Courier","Peace Pipe","Orichalcum","Lee\u0027s Waffle","Red Mask","Singing Bowl","FossilizedHelix","Mercury Hourglass","Happy Flower","Strawberry","Ginger","Red Skull","Bag of Marbles"],"potions_floor_usage":[12,16,33,50,50,55,55],"damage_taken":[{"damage":3.0,"enemies":"2 Louse","floor":1.0,"turns":4.0},{"damage":5.0,"enemies":"Small Slimes","floor":2.0,"turns":3.0},{"damage":8.0,"enemies":"Cultist","floor":4.0,"turns":4.0},{"damage":21.0,"enemies":"Exordium Wildlife","floor":5.0,"turns":5.0},{"damage":25.0,"enemies":"Lagavulin","floor":6.0,"turns":5.0},{"damage":9.0,"enemies":"Blue Slaver","floor":7.0,"turns":2.0},{"damage":0,"enemies":"Gremlin Nob","floor":10,"turns":2},{"damage":30,"enemies":"Lagavulin","floor":12,"turns":4},{"damage":17,"enemies":"3 Louse","floor":14,"turns":3},{"damage":47,"enemies":"The Guardian","floor":16,"turns":7},{"damage":7,"enemies":"Chosen","floor":18,"turns":3},{"damage":70,"enemies":"Slavers","floor":23,"turns":5},{"damage":6,"enemies":"3 Byrds","floor":27,"turns":3},{"damage":0,"enemies":"Snecko","floor":28,"turns":2},{"damage":10,"enemies":"Book of Stabbing","floor":29,"turns":2},{"damage":6,"enemies":"Centurion and Healer","floor":30,"turns":2},{"damage":12,"enemies":"Slavers","floor":31,"turns":3},{"damage":25,"enemies":"Collector","floor":33,"turns":4},{"damage":1,"enemies":"3 Shapes","floor":35,"turns":1},{"damage":0,"enemies":"Orb Walker","floor":37,"turns":1},{"damage":0,"enemies":"Giant Head","floor":40,"turns":1},{"damage":14,"enemies":"Nemesis","floor":42,"turns":3},{"damage":23,"enemies":"4 Shapes","floor":44,"turns":3},{"damage":12,"enemies":"Giant Head","floor":45,"turns":5},{"damage":0,"enemies":"Reptomancer","floor":48,"turns":1},{"damage":61,"enemies":"Donu and Deca","floor":50,"turns":6},{"damage":6,"enemies":"Shield and Spear","floor":54,"turns":3},{"damage":142,"enemies":"The Heart","floor":55,"turns":5}],"seed_played":"-226728143793695884","potions_obtained":[{"floor":2.0,"key":"Poison Potion"},{"floor":4.0,"key":"Strength Potion"},{"floor":6.0,"key":"SteroidPotion"},{"floor":7.0,"key":"PowerPotion"},{"floor":14,"key":"EssenceOfSteel"},{"floor":23,"key":"FairyPotion"},{"floor":30,"key":"Fire Potion"},{"floor":31,"key":"Ancient Potion"},{"floor":33,"key":"Dexterity Potion"},{"floor":35,"key":"PowerPotion"},{"floor":40,"key":"FairyPotion"}],"is_trial":false,"path_per_floor":["M","M","?","M","M","E","M","R","T","E","?","E","?","M","R","B",null,"M","$","?","?","?","E","?","R","T","M","M","E","M","E","R","B",null,"M","?","M","$","?","E","R","E","T","M","E","T","R","E","R","B",null,"R","$","E","B"],"character_chosen":"IRONCLAD","items_purchased":["Potion Belt","Brimstone","Seeing Red","Orichalcum","Lee\u0027s Waffle","Strength Potion","Poison Potion","Red Skull"],"campfire_rested":3,"item_purchase_floors":[19,19,19,38,38,53,53,53],"current_hp_per_floor":[89,90,87,85,70,51,48,74,74,80,80,56,45,34,60,19,70,74,74,74,58,87,50,50,76,76,90,90,89,89,93,93,74,88,93,93,93,100,100,102,102,96,96,84,103,110,110,116,116,72,105,105,105,108,0],"gold":93,"neow_bonus":"ONE_RARE_RELIC","is_prod":false,"is_daily":false,"chose_seed":false,"campfire_upgraded":3,"win_rate":0,"timestamp":1547583217,"path_taken":["M","M","?","M","M","E","M","R","T","E","?","E","?","M","R","BOSS","M","$","?","?","?","E","?","R","T","M","M","E","M","E","R","BOSS","M","?","?","$","?","E","R","E","T","M","E","?","R","E","R","BOSS","R","$","E","BOSS"],"build_version":"2019-01-14v2","purchased_purges":1,"victory":false,"max_hp_per_floor":[94,94,87,87,87,87,87,87,87,87,87,87,87,87,87,87,87,87,87,87,87,87,87,87,87,87,90,90,93,93,93,93,93,93,93,93,93,100,100,102,102,104,104,109,109,116,116,116,116,116,116,116,116,119,119],"card_choices":[{"not_picked":["Twin Strike","Heavy Blade"],"picked":"Flex","floor":1.0},{"not_picked":["Hemokinesis","Havoc"],"picked":"Uppercut","floor":2.0},{"not_picked":["Ghostly Armor","Armaments"],"picked":"Pummel","floor":4.0},{"not_picked":["Second Wind","Hemokinesis"],"picked":"Carnage","floor":5.0},{"not_picked":["Reckless Charge","Blood for Blood"],"picked":"Double Tap","floor":6.0},{"not_picked":["Searing Blow","Corruption"],"picked":"Warcry","floor":7.0},{"not_picked":["Perfected Strike","Cleave"],"picked":"Warcry","floor":10},{"not_picked":["Shockwave","True Grit"],"picked":"Brutality","floor":12},{"not_picked":["Entrench","Cleave"],"picked":"Pummel","floor":14},{"not_picked":["Immolate","Fiend Fire"],"picked":"Reaper","floor":16},{"not_picked":["Anger+1","Warcry"],"picked":"Shockwave","floor":18},{"not_picked":["Iron Wave","Warcry"],"picked":"Feed","floor":23},{"not_picked":["Armaments","Hemokinesis"],"picked":"Clothesline","floor":27},{"not_picked":["Perfected Strike","Burning Pact+1","Cleave"],"picked":"SKIP","floor":28},{"not_picked":["Hemokinesis+1","Berserk"],"picked":"Warcry+1","floor":29},{"not_picked":["Headbutt","Combust"],"picked":"Perfected Strike","floor":30},{"not_picked":["Heavy Blade","Feel No Pain"],"picked":"Pummel+1","floor":31},{"not_picked":["Fiend Fire+1","Impervious"],"picked":"Limit Break","floor":33},{"not_picked":["Rampage+1","Flex"],"picked":"Dual Wield+1","floor":35},{"not_picked":["Headbutt+1","Flex","Burning Pact"],"picked":"SKIP","floor":37},{"not_picked":["True Grit+1","Juggernaut","Clothesline+1"],"picked":"Singing Bowl","floor":40},{"not_picked":["Headbutt+1","Shrug It Off","Clash+1"],"picked":"Singing Bowl","floor":42},{"not_picked":["Warcry","True Grit","Headbutt+1"],"picked":"Singing Bowl","floor":44},{"not_picked":["Infernal Blade","Corruption"],"picked":"Rage+1","floor":45},{"not_picked":["Reaper+1","Warcry"],"picked":"Uppercut+1","floor":48},{"not_picked":["Armaments","Wild Strike+1"],"picked":"Heavy Blade+1","floor":54}],"player_experience":373908,"relics_obtained":[{"floor":6.0,"key":"Ancient Tea Set"},{"floor":9.0,"key":"Paper Frog"},{"floor":10,"key":"Vajra"},{"floor":12,"key":"Blue Candle"},{"floor":21,"key":"Enchiridion"},{"floor":23,"key":"Dead Branch"},{"floor":29,"key":"Tiny Chest"},{"floor":31,"key":"Molten Egg 2"},{"floor":34,"key":"Centennial Puzzle"},{"floor":34,"key":"The Courier"},{"floor":34,"key":"Peace Pipe"},{"floor":40,"key":"Singing Bowl"},{"floor":42,"key":"FossilizedHelix"},{"floor":43,"key":"Mercury Hourglass"},{"floor":45,"key":"Happy Flower"},{"floor":46,"key":"Strawberry"},{"floor":48,"key":"Ginger"},{"floor":54,"key":"Bag of Marbles"}],"event_choices":[{"damage_healed":0.0,"max_hp_gain":0.0,"max_hp_loss":7.0,"gold_gain":0.0,"event_name":"Golden Idol","player_choice":"Lose Max HP","floor":3.0,"gold_loss":0.0,"damage_taken":0.0,"relics_obtained":["Golden Idol"]},{"damage_healed":0,"gold_gain":0,"player_choice":"Leave","damage_taken":0,"max_hp_gain":0,"max_hp_loss":0,"event_name":"The Cleric","floor":11,"gold_loss":0},{"damage_healed":0,"gold_gain":75,"player_choice":"Gather Gold","damage_taken":11,"max_hp_gain":0,"max_hp_loss":0,"event_name":"World of Goop","floor":13,"gold_loss":0},{"damage_healed":0,"gold_gain":0,"player_choice":"Paid Fearfully","damage_taken":0,"max_hp_gain":0,"max_hp_loss":0,"event_name":"Masked Bandits","floor":20,"gold_loss":31},{"damage_healed":0,"gold_gain":0,"player_choice":"Obtained Book","damage_taken":16,"max_hp_gain":0,"max_hp_loss":0,"event_name":"Cursed Tome","floor":21,"gold_loss":0},{"damage_healed":29,"gold_gain":0,"player_choice":"Heal","damage_taken":0,"max_hp_gain":0,"max_hp_loss":0,"event_name":"The Library","floor":22,"gold_loss":0},{"damage_healed":0,"gold_gain":0,"player_choice":"Inject Mutagens","damage_taken":0,"relics_obtained":["MutagenicStrength"],"max_hp_gain":0,"max_hp_loss":0,"event_name":"Drug Dealer","floor":24,"gold_loss":0},{"cards_removed":["Normality"],"damage_healed":0,"gold_gain":0,"player_choice":"Purged","damage_taken":0,"max_hp_gain":0,"max_hp_loss":0,"event_name":"Purifier","floor":36,"gold_loss":0},{"damage_healed":0,"gold_gain":0,"player_choice":"Paid","damage_taken":0,"relics_obtained":["Red Mask"],"max_hp_gain":0,"max_hp_loss":0,"event_name":"Tomb of Lord Red Mask","floor":39,"gold_loss":39}],"is_beta":true,"boss_relics":[{"not_picked":["White Beast Statue","Busted Crown"],"picked":"Snecko Eye"},{"not_picked":["Velvet Choker","Runic Cube"],"picked":"Calling Bell"}],"items_purged_floors":[38],"is_endless":false,"potions_floor_spawned":[2,4,6,7,14,23,30,31,33,35,40,44],"killed_by":"The Heart","ascension_level":11}