{"gold_per_floor":[13,13,32,32,111,144,144,172,199,199,226,239,259,259,259,331,381,393,405,418,81,81,116,116,151,202,202,202,202,202,202,202,279,279,289,301,301,317,334,334,368,368,392,420,420,433,433],"floor_reached":47,"playtime":2654,"items_purged":["Pain"],"score":1149,"play_id":"c84781c5-092a-40bc-a1e9-2bb4b6ba27fa","local_time":"20190205131206","is_ascension_mode":true,"campfire_choices":[{"floor":7,"key":"REST"},{"floor":10,"key":"REST"},{"floor":15,"key":"REST"},{"floor":24,"key":"REST"},{"floor":28,"key":"REST"},{"data":"Demon Form","floor":30,"key":"SMITH"},{"data":"Sword Boomerang","floor":32,"key":"SMITH"},{"floor":40,"key":"REST"},{"floor":42,"key":"REST"},{"floor":45,"key":"REST"}],"neow_cost":"NO_GOLD","seed_source_timestamp":1246008843495955,"circlet_count":0,"master_deck":["AscendersBane","Strike_R","Strike_R","Strike_R+1","Strike_R","Defend_R","Defend_R","Defend_R+1","Bash+1","Seeing Red","Intimidate","Demon Form+1","Metallicize","Rage+1","Twin Strike","Seeing Red+1","Offering+1","Impervious+1","Shrug It Off+1","Sword Boomerang+1","Twin Strike","Iron Wave","Feed","Evolve+1","Impervious+1","Juggernaut","Iron Wave","Iron Wave","Anger","Parasite","Flex+1","Sword Boomerang+1","Demon Form","Heavy Blade"],"relics":["Burning Blood","Incense Burner","Toxic Egg 2","Bottled Flame","Bag of Marbles","Whetstone","Strawberry","WarpedTongs","Tiny House","Ornamental Fan","Nilry\u0027s Codex","Bronze Scales","Blue Candle","Pen Nib","Fusion Hammer","PreservedInsect","Boot","Shovel"],"potions_floor_usage":[16,19,23,33,38,39,41],"damage_taken":[{"damage":12,"enemies":"Jaw Worm","floor":1,"turns":2},{"damage":11,"enemies":"Small Slimes","floor":3,"turns":5},{"damage":16,"enemies":"Lagavulin","floor":6,"turns":7},{"damage":23,"enemies":"Gremlin Nob","floor":8,"turns":5},{"damage":17,"enemies":"Lagavulin","floor":11,"turns":6},{"damage":1,"enemies":"Cultist","floor":12,"turns":4},{"damage":12,"enemies":"Exordium Thugs","floor":13,"turns":5},{"damage":25,"enemies":"The Guardian","floor":16,"turns":8},{"damage":13,"enemies":"Spheric Guardian","floor":18,"turns":5},{"damage":11,"enemies":"2 Thieves","floor":19,"turns":4},{"damage":15,"enemies":"Cultist and Chosen","floor":20,"turns":6},{"damage":27,"enemies":"Book of Stabbing","floor":23,"turns":5},{"damage":6,"enemies":"Gremlin Leader","floor":25,"turns":6},{"damage":79,"enemies":"Collector","floor":33,"turns":7},{"damage":7,"enemies":"Orb Walker","floor":35,"turns":3},{"damage":18,"enemies":"3 Darklings","floor":36,"turns":7},{"damage":6,"enemies":"Spire Growth","floor":38,"turns":4},{"damage":30,"enemies":"Writhing Mass","floor":39,"turns":5},{"damage":18,"enemies":"Nemesis","floor":41,"turns":7},{"damage":46,"enemies":"Reptomancer","floor":44,"turns":6},{"damage":49,"enemies":"Sphere and 2 Shapes","floor":46,"turns":6},{"damage":20,"enemies":"Transient","floor":47,"turns":2}],"seed_played":"6260758288624881917","potions_obtained":[{"floor":1,"key":"SpeedPotion"},{"floor":3,"key":"Explosive Potion"},{"floor":12,"key":"Poison Potion"},{"floor":17,"key":"AttackPotion"},{"floor":18,"key":"Ancient Potion"},{"floor":19,"key":"AttackPotion"},{"floor":33,"key":"SkillPotion"},{"floor":35,"key":"Ancient Potion"},{"floor":36,"key":"SteroidPotion"},{"floor":39,"key":"Block Potion"}],"is_trial":false,"path_per_floor":["M","?","M","?","T","E","R","E","T","R","E","M","M","?","R","B",null,"M","M","M","$","?","E","R","E","T","?","R","?","R","?","R","B",null,"M","M","?","M","M","R","E","R","T","E","R","M","M"],"character_chosen":"IRONCLAD","items_purchased":["Ornamental Fan"],"campfire_rested":8,"item_purchase_floors":[21],"current_hp_per_floor":[62,62,57,57,57,47,69,52,52,74,70,75,69,69,82,63,82,75,70,61,61,40,19,45,45,45,62,87,87,87,87,87,14,69,68,56,56,56,32,58,46,72,72,32,58,15,0],"gold":433,"neow_bonus":"ONE_RARE_RELIC","is_prod":false,"is_daily":false,"chose_seed":false,"campfire_upgraded":2,"win_rate":0,"timestamp":1549365126,"path_taken":["M","?","M","?","?","E","R","E","T","R","E","M","?","?","R","BOSS","M","M","?","$","?","E","R","E","T","?","R","?","R","?","R","BOSS","M","?","?","M","M","R","E","R","T","E","R","M","M"],"build_version":"2019-01-23","purchased_purges":1,"victory":false,"max_hp_per_floor":[75,75,75,75,75,75,75,75,75,75,82,82,82,82,82,82,87,87,87,87,87,87,87,87,87,87,87,87,87,87,87,87,87,87,87,87,87,87,87,87,87,87,87,87,87,87,87],"card_choices":[{"not_picked":["Rampage","Body Slam"],"picked":"Seeing Red","floor":1},{"not_picked":["Clothesline","Warcry"],"picked":"Demon Form","floor":3},{"not_picked":["Iron Wave","Heavy Blade"],"picked":"Metallicize","floor":6},{"not_picked":["Perfected Strike","Clash"],"picked":"Rage+1","floor":8},{"not_picked":["Searing Blow","Reckless Charge"],"picked":"Twin Strike","floor":11},{"not_picked":["Flex+1","Headbutt"],"picked":"Seeing Red+1","floor":12},{"not_picked":["Headbutt","Second Wind+1"],"picked":"Offering+1","floor":13},{"not_picked":["Fiend Fire","Berserk"],"picked":"Impervious+1","floor":16},{"not_picked":["Pommel Strike","Intimidate+1"],"picked":"Shrug It Off+1","floor":17},{"not_picked":["Shockwave+1","Havoc+1"],"picked":"Sword Boomerang","floor":18},{"not_picked":["Armaments+1","Headbutt"],"picked":"Twin Strike","floor":19},{"not_picked":["Corruption","Anger"],"picked":"Iron Wave","floor":20},{"not_picked":["Fire Breathing","Armaments+1"],"picked":"Feed","floor":23},{"not_picked":["Clash","Body Slam"],"picked":"Evolve+1","floor":25},{"not_picked":["Double Tap+1","Demon Form"],"picked":"Juggernaut","floor":33},{"not_picked":["Heavy Blade","Burning Pact+1"],"picked":"Iron Wave","floor":35},{"not_picked":["Headbutt","Armaments+1"],"picked":"Iron Wave","floor":36},{"not_picked":["Perfected Strike","Pommel Strike"],"picked":"Anger","floor":38},{"not_picked":["Reckless Charge+1","Pommel Strike"],"picked":"Flex+1","floor":39},{"not_picked":["Twin Strike","Combust"],"picked":"Sword Boomerang+1","floor":41},{"not_picked":["Clothesline","Twin Strike"],"picked":"Demon Form","floor":44},{"not_picked":["Clash","Pommel Strike"],"picked":"Heavy Blade","floor":46}],"player_experience":427510,"relics_obtained":[{"floor":5,"key":"Toxic Egg 2"},{"floor":6,"key":"Bottled Flame"},{"floor":8,"key":"Bag of Marbles"},{"floor":9,"key":"Whetstone"},{"floor":11,"key":"Strawberry"},{"floor":22,"key":"Nilry\u0027s Codex"},{"floor":23,"key":"Bronze Scales"},{"floor":25,"key":"Blue Candle"},{"floor":26,"key":"Pen Nib"},{"floor":41,"key":"PreservedInsect"},{"floor":43,"key":"Boot"},{"floor":44,"key":"Shovel"}],"event_choices":[{"damage_healed":0,"gold_gain":0,"cards_transformed":["Strike_R"],"player_choice":"Change","damage_taken":0,"max_hp_gain":0,"max_hp_loss":0,"event_name":"Living Wall","floor":2,"gold_loss":0,"cards_obtained":["Intimidate"]},{"damage_healed":0,"gold_gain":0,"player_choice":"Leave","damage_taken":0,"max_hp_gain":0,"max_hp_loss":0,"event_name":"The Cleric","floor":4,"gold_loss":0},{"damage_healed":0,"gold_gain":0,"player_choice":"Rummage","damage_taken":0,"relics_obtained":["WarpedTongs"],"max_hp_gain":0,"max_hp_loss":0,"event_name":"Accursed Blacksmith","floor":14,"gold_loss":0,"cards_obtained":["Pain"]},{"damage_healed":0,"gold_gain":0,"player_choice":"Obtained Book","damage_taken":21,"max_hp_gain":0,"max_hp_loss":0,"event_name":"Cursed Tome","floor":22,"gold_loss":0},{"damage_healed":17,"gold_gain":0,"player_choice":"Heal","damage_taken":0,"max_hp_gain":0,"max_hp_loss":0,"event_name":"The Library","floor":27,"gold_loss":0},{"damage_healed":0,"gold_gain":0,"player_choice":"Ignored","damage_taken":0,"max_hp_gain":0,"max_hp_loss":0,"event_name":"Beggar","floor":29,"gold_loss":0},{"damage_healed":0,"gold_gain":0,"player_choice":"Copied","damage_taken":0,"max_hp_gain":0,"max_hp_loss":0,"event_name":"Duplicator","floor":31,"gold_loss":0,"cards_obtained":["Impervious"]},{"cards_removed":["Defend_R"],"damage_healed":0,"gold_gain":0,"player_choice":"Removed Skill","damage_taken":0,"max_hp_gain":0,"max_hp_loss":0,"event_name":"Falling","floor":37,"gold_loss":0}],"is_beta":true,"boss_relics":[{"not_picked":["Empty Cage","Runic Dome"],"picked":"Tiny House"},{"not_picked":["Calling Bell","Velvet Choker"],"picked":"Fusion Hammer"}],"items_purged_floors":[21],"is_endless":false,"potions_floor_spawned":[1,3,12,18,19,33,35,36,39],"killed_by":"Transient","ascension_level":19}