{"gold_per_floor":[116,91,191,209,67,67,96,17,69,86,86,86,106,137,137,208,208,208,208,208,40,40,40,40,40,40,40],"floor_reached":27,"playtime":1324,"items_purged":[],"score":492,"play_id":"bd5f59a5-48c8-4af7-be4c-944239002334","local_time":"20190203142009","is_ascension_mode":true,"campfire_choices":[{"data":"True Grit","floor":6,"key":"SMITH"},{"data":"Feel No Pain","floor":15,"key":"SMITH"},{"floor":23,"key":"REST"}],"neow_cost":"NONE","seed_source_timestamp":1078621662131772,"circlet_count":0,"master_deck":["AscendersBane","Strike_R","Strike_R","Strike_R","Strike_R","Strike_R","Defend_R","Defend_R","Defend_R","Defend_R","Bash","Metallicize","Pommel Strike","True Grit+1","Evolve","Feel No Pain+1","Headbutt","Pommel Strike","Pummel","Demon Form+1","Intimidate","Fire Breathing+1","RitualDagger","Sentinel","Demon Form+1","Seeing Red"],"relics":["Burning Blood","NeowsBlessing","Tiny Chest","Orichalcum","Centennial Puzzle","Frozen Egg 2","Self Forming Clay","Ectoplasm","Blood Vial","Matryoshka","Paper Frog","Bag of Marbles"],"potions_floor_usage":[13,14,24,25],"damage_taken":[{"damage":0,"enemies":"2 Louse","floor":1,"turns":1},{"damage":0,"enemies":"Cultist","floor":4,"turns":1},{"damage":0,"enemies":"3 Sentries","floor":7,"turns":2},{"damage":3,"enemies":"Jaw Worm","floor":10,"turns":4},{"damage":9,"enemies":"Large Slime","floor":13,"turns":5},{"damage":11,"enemies":"Gremlin Nob","floor":14,"turns":4},{"damage":56,"enemies":"Slime Boss","floor":16,"turns":14},{"damage":21,"enemies":"Spheric Guardian","floor":18,"turns":4},{"damage":3,"enemies":"Chosen","floor":19,"turns":5},{"damage":35,"enemies":"Snecko","floor":22,"turns":7},{"damage":33,"enemies":"Slavers","floor":24,"turns":5},{"damage":7,"enemies":"Centurion and Healer","floor":25,"turns":5},{"damage":18,"enemies":"Book of Stabbing","floor":27,"turns":5}],"seed_played":"-3811294632683196995","potions_obtained":[{"floor":4,"key":"Explosive Potion"},{"floor":10,"key":"Regen Potion"},{"floor":12,"key":"PowerPotion"},{"floor":12,"key":"Fire Potion"},{"floor":16,"key":"SteroidPotion"},{"floor":18,"key":"Swift Potion"}],"is_trial":false,"path_per_floor":["M","$","?","M","$","R","E","$","T","M","T","?","M","E","R","B",null,"M","M","?","$","M","R","E","M","T","E"],"character_chosen":"IRONCLAD","items_purchased":["Pommel Strike","Tiny Chest","Feel No Pain","Blood Vial"],"campfire_rested":1,"item_purchase_floors":[2,5,8,21],"current_hp_per_floor":[74,74,74,75,75,75,75,75,75,75,75,75,72,67,67,17,61,46,49,43,43,16,38,13,14,14,0],"gold":40,"neow_bonus":"THREE_ENEMY_KILL","is_prod":false,"is_daily":false,"chose_seed":false,"campfire_upgraded":2,"win_rate":0,"timestamp":1549196409,"path_taken":["M","$","?","M","$","R","E","?","T","M","?","?","M","E","R","BOSS","M","?","?","$","M","R","E","M","T","E"],"build_version":"2019-01-23","purchased_purges":0,"victory":false,"max_hp_per_floor":[75,75,75,75,75,75,75,75,75,75,75,75,75,75,75,75,75,75,75,75,75,75,75,75,75,75,75],"card_choices":[{"not_picked":["Headbutt","Perfected Strike"],"picked":"Metallicize","floor":1},{"not_picked":["Wild Strike","Second Wind"],"picked":"True Grit","floor":4},{"not_picked":["Wild Strike","Cleave"],"picked":"Evolve","floor":7},{"not_picked":["Bloodletting","Warcry"],"picked":"Headbutt","floor":10},{"not_picked":["Evolve+1","Fiend Fire"],"picked":"Pommel Strike","floor":13},{"not_picked":["Uppercut","Body Slam"],"picked":"Pummel","floor":14},{"not_picked":["Offering","Dark Embrace+1"],"picked":"Demon Form+1","floor":16},{"not_picked":["Cleave","Thunderclap+1"],"picked":"Intimidate","floor":18},{"not_picked":["Twin Strike","Perfected Strike"],"picked":"Fire Breathing+1","floor":19},{"not_picked":["Spot Weakness","Warcry"],"picked":"Sentinel","floor":22},{"not_picked":["Havoc","Wild Strike"],"picked":"Demon Form+1","floor":24},{"not_picked":["Iron Wave","Fire Breathing+1"],"picked":"Seeing Red","floor":25}],"player_experience":415773,"relics_obtained":[{"floor":7,"key":"Orichalcum"},{"floor":9,"key":"Centennial Puzzle"},{"floor":11,"key":"Frozen Egg 2"},{"floor":14,"key":"Self Forming Clay"},{"floor":24,"key":"Matryoshka"},{"floor":26,"key":"Paper Frog"},{"floor":26,"key":"Bag of Marbles"}],"event_choices":[{"damage_healed":0,"gold_gain":100,"player_choice":"Gold","damage_taken":0,"max_hp_gain":0,"max_hp_loss":0,"event_name":"Wheel of Change","floor":3,"gold_loss":0},{"damage_healed":0,"gold_gain":0,"player_choice":"Got Potions","damage_taken":0,"max_hp_gain":0,"max_hp_loss":0,"event_name":"Lab","floor":12,"gold_loss":0},{"damage_healed":0,"gold_gain":0,"player_choice":"Joined the Cult","damage_taken":6,"max_hp_gain":0,"max_hp_loss":0,"event_name":"Nest","floor":20,"gold_loss":0,"cards_obtained":["RitualDagger"]}],"is_beta":true,"boss_relics":[{"not_picked":["Velvet Choker","White Beast Statue"],"picked":"Ectoplasm"}],"items_purged_floors":[],"is_endless":false,"potions_floor_spawned":[4,10,16,18],"killed_by":"Book of Stabbing","ascension_level":17}