{"path_per_floor":["M","$","?","M","M","E","R","?","T","?","M","?","R","E","R","B",null,"M","?","?","?","?","R","M","M","T","$","R","?","M","$","R"],"character_chosen":"THE_SILENT","items_purchased":["Outmaneuver","Terror","Endless Agony","Mind Blast","Bottled Lightning"],"gold_per_floor":[116,11,11,29,43,81,81,46,46,46,70,145,145,184,184,310,310,335,335,368,368,368,368,356,375,399,23,23,23,37,37,37,37],"floor_reached":33,"campfire_rested":5,"playtime":4236,"item_purchase_floors":[],"current_hp_per_floor":[67,67,67,67,67,57,57,70,70,70,62,44,65,52,70,54,70,66,66,17,1,1,22,30,32,32,32,53,53,53,53,70,0],"items_purged":[],"gold":37,"score":376,"play_id":"30f65b0b-1a80-4e12-8143-17f47e05466e","local_time":"20180602174349","is_prod":false,"is_daily":false,"chose_seed":false,"is_ascension_mode":false,"campfire_upgraded":1,"win_rate":0.0,"timestamp":1527954229,"campfire_choices":[{"data":"Glass Knife","floor":7,"key":"SMITH"},{"floor":13,"key":"REST"},{"floor":15,"key":"REST"},{"floor":23,"key":"REST"},{"floor":28,"key":"REST"},{"floor":32,"key":"REST"}],"path_taken":["M","$","?","M","M","E","R","?","T","?","M","?","R","E","R","BOSS","M","?","?","?","?","R","M","?","T","?","R","?","M","$","R","BOSS"],"build_version":"2018-05-30v2","seed_source_timestamp":0,"purchased_purges":0,"victory":false,"master_deck":["Defend_G","Defend_G","Defend_G","Defend_G+1","Defend_G","Strike_G","Strike_G","Strike_G","Strike_G","Strike_G","Survivor","Neutralize","Dash","Outmaneuver","Terror+1","Injury","Dagger Throw","PiercingWail","Glass Knife+1","Parasite","Finisher","Dagger Spray","Doppelganger+1","Predator","Infinite Blades","Phantasmal Killer","Pain","Parasite","Writhe","Backflip+1","Flying Knee","Escape Plan","Deflect+1","Envenom","Endless Agony","Mind Blast","Malaise","Acrobatics","Well Laid Plans"],"max_hp_per_floor":[70,70,70,70,70,70,70,70,70,70,70,70,70,70,70,70,70,70,70,70,70,70,70,70,70,70,70,70,70,70,70,70,70],"relics":["Ring of the Snake","Golden Idol","Meat on the Bone","Boot","Anchor","Dream Catcher","Calling Bell","War Paint","Dodecahedron","Thread and Needle","Red Mask","Enchiridion","Potion Belt","Bottled Lightning"],"card_choices":[{"not_picked":["Calculated Gamble","PiercingWail"],"picked":"Dash","floor":1.0},{"not_picked":["Dodge and Roll","Backflip"],"picked":"Dagger Throw","floor":4},{"not_picked":["Terror","Expertise"],"picked":"PiercingWail","floor":5},{"not_picked":["Unload","PiercingWail"],"picked":"Glass Knife","floor":6},{"not_picked":["Blade Dance","Calculated Gamble"],"picked":"Finisher","floor":11},{"not_picked":["Acrobatics","Reflex"],"picked":"Dagger Spray","floor":12},{"not_picked":["Venomology","Acrobatics"],"picked":"Doppelganger","floor":14},{"not_picked":["Expertise","Infinite Blades"],"picked":"Predator","floor":15},{"not_picked":["Expertise","Predator"],"picked":"Infinite Blades","floor":15},{"not_picked":["Doppelganger","Adrenaline"],"picked":"Phantasmal Killer","floor":16},{"not_picked":["Bouncing Flask","Quick Slash"],"picked":"Backflip+1","floor":18},{"not_picked":["Outmaneuver","Backflip"],"picked":"Flying Knee","floor":20},{"not_picked":["Quick Slash","Dodge and Roll"],"picked":"Escape Plan","floor":23},{"not_picked":["Underhanded Strike","Dagger Spray"],"picked":"Deflect+1","floor":24},{"not_picked":["Flying Knee","Deflect"],"picked":"Envenom","floor":25},{"not_picked":["Dagger Throw","Blade Dance"],"picked":"Malaise","floor":28},{"not_picked":["Outmaneuver","Prepared"],"picked":"Acrobatics","floor":30},{"not_picked":["Skewer","Underhanded Strike"],"picked":"Well Laid Plans","floor":32}],"player_experience":0,"potions_floor_usage":[20,20],"damage_taken":[{"damage":3.0,"enemies":"Jaw Worm","floor":1.0,"turns":4.0},{"damage":0.0,"enemies":"2 Louse","floor":4.0,"turns":2.0},{"damage":0,"enemies":"Small Slimes","floor":5,"turns":2},{"damage":10,"enemies":"Gremlin Nob","floor":6,"turns":4},{"damage":8,"enemies":"3 Louse","floor":11,"turns":4},{"damage":18,"enemies":"Gremlin Nob","floor":12,"turns":4},{"damage":13,"enemies":"Lagavulin","floor":14,"turns":5},{"damage":16,"enemies":"Slime Boss","floor":16,"turns":8},{"damage":4,"enemies":"Chosen","floor":18,"turns":2},{"damage":71,"enemies":"Masked Bandits","floor":20,"turns":6},{"damage":4,"enemies":"2 Thieves","floor":24,"turns":4},{"damage":10,"enemies":"Snecko","floor":25,"turns":5},{"damage":0,"enemies":"Snake Plant","floor":30,"turns":3},{"damage":72,"enemies":"Champ","floor":33,"turns":12}],"relics_obtained":[{"floor":6,"key":"Meat on the Bone"},{"floor":9,"key":"Boot"},{"floor":14,"key":"Dream Catcher"},{"floor":17,"key":"War Paint"},{"floor":17,"key":"Dodecahedron"},{"floor":17,"key":"Thread and Needle"},{"floor":20,"key":"Red Mask"},{"floor":21,"key":"Enchiridion"},{"floor":26,"key":"Potion Belt"}],"event_choices":[{"event_name":"Golden Idol","player_choice":"Take Wound","floor":3.0,"damage_taken":0.0},{"event_name":"The Cleric","player_choice":"Healed","floor":8,"damage_taken":0},{"event_name":"Mushrooms","player_choice":"Healed and dodged fight","floor":10,"damage_taken":0},{"event_name":"Dead Adventurer","player_choice":"Searched \u00273\u0027 times","floor":12,"damage_taken":0},{"event_name":"Upgrade Shrine","player_choice":"Upgraded","floor":19,"damage_taken":0},{"event_name":"Masked Bandits","player_choice":"Fought over 335 gold","floor":20,"damage_taken":0},{"event_name":"Cursed Tome","player_choice":"Obtained Book","floor":21,"damage_taken":0},{"event_name":"Ghosts","player_choice":"Ignored","floor":22,"damage_taken":0},{"event_name":"Vampires","player_choice":"Ignored","floor":29,"damage_taken":0}],"boss_relics":[{"not_picked":["Runic Dome","Runic Pyramid"],"picked":"Calling Bell"}],"items_purged_floors":[],"potions_floor_spawned":[1,4,6,11,12,20,24,30],"seed_played":"-4801843713609400488","killed_by":"Champ","ascension_level":0,"potions_obtained":[{"floor":1.0,"key":"Strength Potion"},{"floor":4,"key":"GamblersBrew"},{"floor":6,"key":"Weak Potion"},{"floor":11,"key":"SpeedPotion"},{"floor":12,"key":"FairyPotion"},{"floor":20,"key":"GhostInAJar"},{"floor":24,"key":"Block Potion"},{"floor":30,"key":"LiquidBronze"}],"is_trial":false}