{"path_per_floor":["M","M","?","M","M","R","M","R","T","R","T","M","R","$","R","B",null,"M","M","?","M","M","R","$","M","T"],"character_chosen":"IRONCLAD","items_purchased":["Dream Catcher","Shrug It Off","Shockwave"],"gold_per_floor":[111,130,130,143,157,157,175,175,175,175,175,188,188,16,16,140,140,165,183,106,119,133,133,65,90,90,90],"floor_reached":27,"campfire_rested":3,"playtime":2186,"item_purchase_floors":[14,14,24],"current_hp_per_floor":[80,80,60,59,58,80,75,75,75,75,75,74,74,74,80,11,80,65,55,55,53,7,46,46,31,31,0],"items_purged":[],"gold":90,"score":207,"play_id":"44c9bf37-ea59-473f-9a0f-8c00c17b742e","local_time":"20180602225341","is_prod":false,"is_daily":false,"chose_seed":false,"is_ascension_mode":false,"campfire_upgraded":3,"win_rate":0.0,"timestamp":1527972821,"campfire_choices":[{"floor":6,"key":"REST"},{"data":"Spot Weakness","floor":8,"key":"SMITH"},{"data":"Cleave","floor":10,"key":"SMITH"},{"data":"Shrug It Off","floor":13,"key":"SMITH"},{"floor":15,"key":"REST"},{"floor":23,"key":"REST"}],"path_taken":["M","M","?","M","M","R","M","R","T","R","?","M","R","$","R","BOSS","M","M","?","M","M","R","?","M","T","M"],"build_version":"2018-05-31","seed_source_timestamp":24982459870472,"purchased_purges":0,"victory":false,"master_deck":["Strike_R","Strike_R","Strike_R","Strike_R","Strike_R","Defend_R","Defend_R","Defend_R","Defend_R","Bash","Intimidate","Shrug It Off+1","Spot Weakness+1","Cleave+1","Second Wind","Clothesline","Shrug It Off","Rampage","Demon Form","Writhe","Normality","Doubt","Uppercut+1","Body Slam","J.A.X.","Disarm+1","Headbutt","Perfected Strike","Shockwave","Heavy Blade"],"max_hp_per_floor":[80,80,80,80,80,80,80,80,80,80,80,80,80,80,80,80,80,80,80,80,80,80,80,80,80,80,80],"relics":["Burning Blood","Bag of Preparation","Golden Idol","Regal Pillow","Calipers","Dream Catcher","Calling Bell","Champion Belt","Centennial Puzzle","Potion Belt","Pen Nib"],"card_choices":[{"not_picked":["Bloodletting","Pommel Strike"],"picked":"Intimidate","floor":1},{"not_picked":["Infernal Blade","Twin Strike"],"picked":"Shrug It Off","floor":2},{"not_picked":["Warcry","Disarm"],"picked":"Spot Weakness","floor":4},{"not_picked":["Body Slam","Sword Boomerang"],"picked":"Cleave","floor":5},{"not_picked":["Clash","Rupture"],"picked":"Second Wind","floor":7},{"not_picked":["Warcry","Dark Embrace"],"picked":"Clothesline","floor":12},{"not_picked":["Twin Strike","Shrug It Off"],"picked":"Rampage","floor":15},{"not_picked":["Dark Embrace","Brutality"],"picked":"Demon Form","floor":16},{"not_picked":["Battle Trance","Disarm"],"picked":"Uppercut+1","floor":18},{"not_picked":["Battle Trance","Warcry"],"picked":"Body Slam","floor":19},{"not_picked":["Clothesline","Anger"],"picked":"Disarm+1","floor":21},{"not_picked":["Cleave","Barricade"],"picked":"Headbutt","floor":22},{"not_picked":["True Grit","Feel No Pain+1"],"picked":"Perfected Strike","floor":23},{"not_picked":["Rage","Twin Strike"],"picked":"Heavy Blade","floor":25}],"player_experience":20596,"potions_floor_usage":[16,16,21,22,27],"damage_taken":[{"damage":3,"enemies":"2 Louse","floor":1,"turns":3},{"damage":3,"enemies":"Jaw Worm","floor":2,"turns":4},{"damage":7,"enemies":"Small Slimes","floor":4,"turns":3},{"damage":7,"enemies":"Exordium Thugs","floor":5,"turns":6},{"damage":11,"enemies":"Gremlin Gang","floor":7,"turns":4},{"damage":7,"enemies":"Looter","floor":12,"turns":3},{"damage":75,"enemies":"Slime Boss","floor":16,"turns":12},{"damage":21,"enemies":"Chosen","floor":18,"turns":6},{"damage":16,"enemies":"Spheric Guardian","floor":19,"turns":5},{"damage":16,"enemies":"Snake Plant","floor":21,"turns":5},{"damage":52,"enemies":"3 Cultists","floor":22,"turns":6},{"damage":21,"enemies":"Chosen and Byrds","floor":25,"turns":7},{"damage":45,"enemies":"Cultist and Chosen","floor":27,"turns":6}],"relics_obtained":[{"floor":9,"key":"Regal Pillow"},{"floor":11,"key":"Calipers"},{"floor":17,"key":"Champion Belt"},{"floor":17,"key":"Centennial Puzzle"},{"floor":17,"key":"Potion Belt"},{"floor":26,"key":"Pen Nib"}],"event_choices":[{"event_name":"Golden Idol","player_choice":"Take Damage","floor":3,"damage_taken":0},{"event_name":"Drug Dealer","player_choice":"Got JAXXED","floor":20,"damage_taken":0}],"boss_relics":[{"not_picked":["Ectoplasm","Black Star"],"picked":"Calling Bell"}],"items_purged_floors":[],"potions_floor_spawned":[1,4,16,19,25],"seed_played":"-1931488262001669206","killed_by":"Cultist and Chosen","ascension_level":0,"potions_obtained":[{"floor":1,"key":"FearPotion"},{"floor":4,"key":"Block Potion"},{"floor":16,"key":"BloodPotion"},{"floor":19,"key":"Ancient Potion"},{"floor":25,"key":"BloodPotion"}],"is_trial":false}