{"gold_per_floor":[116,291,291,23,37,49,49,13,13,28,54,54,83,95,95,192,192,117,117,16,16,16,16,16,16,16,16,16,16,16,16,16,16,16,16,16,16,16,16,16,16,16,16,16,16,16,16,16,16,16],"floor_reached":51,"playtime":3954,"items_purged":["Doubt"],"score":1195,"play_id":"53af2abd-b86e-4e38-a46a-8a7214447249","local_time":"20190209014751","is_ascension_mode":true,"campfire_choices":[{"floor":7,"key":"REST"},{"floor":15,"key":"REST"},{"floor":23,"key":"REST"},{"floor":27,"key":"REST"},{"floor":32,"key":"REST"},{"floor":47,"key":"REST"},{"floor":49,"key":"REST"}],"neow_cost":"NONE","seed_source_timestamp":1549246755138484,"circlet_count":0,"master_deck":["AscendersBane","Defend_G","Defend_G","Defend_G","Defend_G","Defend_G","Strike_G","Strike_G","Strike_G","Strike_G","Survivor","Neutralize","Cloak And Dagger","Finisher","All Out Attack","Well Laid Plans","Blade Dance","Blur","Dodge and Roll","Blade Dance","Adrenaline","Dagger Throw","Dagger Throw","Cloak And Dagger+1","Caltrops","Finisher","Backstab","Caltrops","RitualDagger","Backstab","Adrenaline","Dagger Spray+1","Madness","Madness","Sucker Punch+1","Wraith Form v2","Cloak And Dagger+1","Footwork","Deflect+1","Outmaneuver+1"],"relics":["Ring of the Snake","Oddly Smooth Stone","Medical Kit","Thread and Needle","Vajra","Potion Belt","Ectoplasm","Bronze Scales","Ancient Tea Set","Unceasing Top","Meat on the Bone","WristBlade","MawBank","Boot","Peace Pipe","Ginger","Dodecahedron"],"potions_floor_usage":[5,13,13,21,21,33,33,40,44,46,50,50],"damage_taken":[{"damage":0,"enemies":"Cultist","floor":1,"turns":4},{"damage":4,"enemies":"Small Slimes","floor":5,"turns":3},{"damage":0,"enemies":"Jaw Worm","floor":6,"turns":3},{"damage":0,"enemies":"Exordium Wildlife","floor":10,"turns":4},{"damage":19,"enemies":"Lagavulin","floor":11,"turns":9},{"damage":45,"enemies":"Gremlin Nob","floor":13,"turns":5},{"damage":0,"enemies":"Blue Slaver","floor":14,"turns":5},{"damage":39,"enemies":"The Guardian","floor":16,"turns":17},{"damage":16,"enemies":"2 Thieves","floor":18,"turns":5},{"damage":0,"enemies":"Spheric Guardian","floor":19,"turns":3},{"damage":1,"enemies":"Centurion and Healer","floor":21,"turns":5},{"damage":0,"enemies":"Shelled Parasite and Fungi","floor":22,"turns":5},{"damage":24,"enemies":"Gremlin Leader","floor":24,"turns":6},{"damage":0,"enemies":"Sentry and Sphere","floor":25,"turns":2},{"damage":3,"enemies":"Slavers","floor":28,"turns":4},{"damage":9,"enemies":"Book of Stabbing","floor":30,"turns":4},{"damage":53,"enemies":"Collector","floor":33,"turns":10},{"damage":2,"enemies":"3 Shapes","floor":35,"turns":4},{"damage":1,"enemies":"Orb Walker","floor":38,"turns":2},{"damage":0,"enemies":"Nemesis","floor":40,"turns":3},{"damage":31,"enemies":"Writhing Mass","floor":41,"turns":5},{"damage":20,"enemies":"Giant Head","floor":44,"turns":9},{"damage":15,"enemies":"Spire Growth","floor":45,"turns":4},{"damage":17,"enemies":"Nemesis","floor":46,"turns":6},{"damage":9,"enemies":"4 Shapes","floor":48,"turns":4},{"damage":22,"enemies":"Donu and Deca","floor":50,"turns":10}],"seed_played":"1305024948367012483","potions_obtained":[{"floor":0,"key":"FairyPotion"},{"floor":0,"key":"AttackPotion"},{"floor":0,"key":"EntropicBrew"},{"floor":5,"key":"Regen Potion"},{"floor":11,"key":"Fire Potion"},{"floor":18,"key":"GhostInAJar"},{"floor":19,"key":"Dexterity Potion"},{"floor":22,"key":"PowerPotion"},{"floor":25,"key":"FearPotion"},{"floor":38,"key":"FearPotion"},{"floor":40,"key":"Dexterity Potion"},{"floor":45,"key":"SkillPotion"},{"floor":46,"key":"Weak Potion"}],"is_trial":false,"path_per_floor":["M","?","?","$","M","M","R","$","T","M","E","?","E","M","R","B",null,"M","M","$","M","M","R","E","M","T","R","E","?","E","?","R","B",null,"M","?","$","M","?","E","M","T","T","E","M","E","R","M","R","B",null],"character_chosen":"THE_SILENT","items_purchased":["Medical Kit","Well Laid Plans","Regen Potion","Dagger Throw"],"campfire_rested":7,"item_purchase_floors":[4,8,20,20],"current_hp_per_floor":[63,63,56,56,52,52,70,70,70,70,51,56,25,25,47,8,58,42,42,42,55,55,75,51,51,51,73,70,64,55,55,75,34,65,63,63,63,62,53,53,34,34,34,26,23,18,40,43,65,43],"gold":16,"neow_bonus":"THREE_SMALL_POTIONS","is_prod":false,"is_daily":false,"chose_seed":false,"campfire_upgraded":0,"win_rate":0,"timestamp":1549669671,"path_taken":["M","?","?","?","M","M","R","$","T","?","E","?","E","M","R","BOSS","M","M","$","M","M","R","E","M","T","R","E","?","E","?","R","BOSS","M","?","?","M","?","E","M","?","T","E","?","E","R","M","R","BOSS"],"build_version":"2019-02-06","purchased_purges":1,"victory":true,"max_hp_per_floor":[70,70,70,70,70,70,70,70,70,70,70,75,75,75,75,75,75,75,75,75,75,75,75,75,75,75,75,75,75,75,75,75,75,75,75,75,75,75,75,75,75,75,75,75,75,75,75,75,75,75],"card_choices":[{"not_picked":["Predator","Dagger Spray"],"picked":"Cloak And Dagger","floor":1},{"not_picked":["Quick Slash","Expertise"],"picked":"Finisher","floor":5},{"not_picked":["Setup","Deadly Poison"],"picked":"All Out Attack","floor":6},{"not_picked":["Choke","Dagger Throw"],"picked":"Blade Dance","floor":10},{"not_picked":["Expertise","Bane"],"picked":"Blur","floor":11},{"not_picked":["Eviscerate","Bullet Time"],"picked":"Dodge and Roll","floor":13},{"not_picked":["Setup","Dagger Throw"],"picked":"Blade Dance","floor":14},{"not_picked":["Night Terror","Grand Finale"],"picked":"Adrenaline","floor":16},{"not_picked":["Outmaneuver","Reflex+1","Crippling Poison"],"picked":"SKIP","floor":18},{"not_picked":["Poisoned Stab","Outmaneuver"],"picked":"Dagger Throw","floor":19},{"not_picked":["Flechettes","Predator+1"],"picked":"Cloak And Dagger+1","floor":21},{"not_picked":["Dodge and Roll","Slice+1"],"picked":"Caltrops","floor":22},{"not_picked":["Flying Knee","Burst"],"picked":"Finisher","floor":24},{"not_picked":["Riddle With Holes","Dagger Throw"],"picked":"Backstab","floor":25},{"not_picked":["Backflip","Noxious Fumes"],"picked":"Caltrops","floor":28},{"not_picked":["Bouncing Flask","Deflect+1"],"picked":"Backstab","floor":30},{"not_picked":["Envenom","Malaise"],"picked":"Adrenaline","floor":33},{"not_picked":["Flechettes","Bane"],"picked":"Dagger Spray+1","floor":35},{"not_picked":["Dodge and Roll","Bane","Catalyst"],"picked":"SKIP","floor":38},{"not_picked":["Riddle With Holes","Outmaneuver+1"],"picked":"Sucker Punch+1","floor":40},{"not_picked":["Deadly Poison+1","Concentrate"],"picked":"Wraith Form v2","floor":41},{"not_picked":["Deflect+1","Acrobatics+1"],"picked":"Cloak And Dagger+1","floor":44},{"not_picked":["Flechettes","Quick Slash"],"picked":"Footwork","floor":45},{"not_picked":["Dodge and Roll","Bouncing Flask+1"],"picked":"Deflect+1","floor":46},{"not_picked":["Deadly Poison","Backflip"],"picked":"Outmaneuver+1","floor":48}],"player_experience":439755,"relics_obtained":[{"floor":9,"key":"Thread and Needle"},{"floor":11,"key":"Vajra"},{"floor":13,"key":"Potion Belt"},{"floor":24,"key":"Bronze Scales"},{"floor":26,"key":"Ancient Tea Set"},{"floor":28,"key":"Unceasing Top"},{"floor":30,"key":"Meat on the Bone"},{"floor":40,"key":"MawBank"},{"floor":42,"key":"Boot"},{"floor":43,"key":"Peace Pipe"},{"floor":44,"key":"Ginger"},{"floor":46,"key":"Dodecahedron"}],"event_choices":[{"damage_healed":0,"gold_gain":175,"player_choice":"AGREE","damage_taken":0,"max_hp_gain":0,"max_hp_loss":0,"event_name":"Liars Game","floor":2,"gold_loss":0,"cards_obtained":["Doubt"]},{"damage_healed":0,"gold_gain":0,"player_choice":"Success","damage_taken":7,"relics_obtained":["Oddly Smooth Stone"],"max_hp_gain":0,"max_hp_loss":0,"event_name":"Scrap Ooze","floor":3,"gold_loss":0},{"damage_healed":0,"gold_gain":0,"player_choice":"Donut","damage_taken":0,"max_hp_gain":5,"max_hp_loss":0,"event_name":"Big Fish","floor":12,"gold_loss":0},{"damage_healed":0,"gold_gain":0,"player_choice":"Joined the Cult","damage_taken":6,"max_hp_gain":0,"max_hp_loss":0,"event_name":"Nest","floor":29,"gold_loss":0,"cards_obtained":["RitualDagger"]},{"damage_healed":0,"gold_gain":0,"player_choice":"Ignored","damage_taken":0,"max_hp_gain":0,"max_hp_loss":0,"event_name":"Vampires","floor":31,"gold_loss":0},{"cards_removed":["Strike_G"],"damage_healed":0,"gold_gain":0,"player_choice":"Removed Attack","damage_taken":0,"max_hp_gain":0,"max_hp_loss":0,"event_name":"Falling","floor":36,"gold_loss":0},{"damage_healed":0,"gold_gain":0,"player_choice":"Embrace Madness","damage_taken":9,"max_hp_gain":0,"max_hp_loss":0,"event_name":"Winding Halls","floor":39,"gold_loss":0,"cards_obtained":["Madness","Madness"]}],"is_beta":true,"boss_relics":[{"not_picked":["Tiny House","Calling Bell"],"picked":"Ectoplasm"},{"not_picked":["Runic Pyramid","Ring of the Serpent"],"picked":"WristBlade"}],"items_purged_floors":[4],"is_endless":false,"potions_floor_spawned":[5,10,11,18,19,22,25,38,40,45,46],"ascension_level":10}