{"gold_per_floor":[19,36,63,75,91,91,123,123,123,53,53,53,67,82,82,186,186,201,226,244,35,55,55,73,73,73,85,85,85,85,97,97,196,196,212,212,212,227,245,245,276,296,320,320,331,350,365,4,4,4],"floor_reached":51,"playtime":3048,"items_purged":[],"score":1000,"play_id":"d20286e7-56e8-4afe-8af8-01c968914808","local_time":"20190508205028","is_ascension_mode":true,"campfire_choices":[{"data":"Zap","floor":6,"key":"SMITH"},{"data":"White Noise","floor":8,"key":"SMITH"},{"data":"Dualcast","floor":11,"key":"SMITH"},{"data":"Hologram","floor":15,"key":"SMITH"},{"data":"Capacitor","floor":23,"key":"SMITH"},{"data":"Consume","floor":28,"key":"SMITH"},{"data":"Electrodynamics","floor":30,"key":"SMITH"},{"data":"Seek","floor":32,"key":"SMITH"},{"data":"Creative AI","floor":40,"key":"SMITH"},{"floor":44,"key":"REST"},{"data":"Sunder","floor":49,"key":"SMITH"}],"neow_cost":"NO_GOLD","seed_source_timestamp":960813497091003,"circlet_count":0,"master_deck":["AscendersBane","Zap+1","Dualcast+1","White Noise+1","FTL","Go for the Eyes","Self Repair","Conserve Battery","Consume+1","Hologram+1","Electrodynamics+1","Coolheaded","Melter","Tempest","Chill","All For One","Seek+1","Go for the Eyes","Ball Lightning","Conserve Battery","Capacitor+1","Undo","Loop","Creative AI+1","Madness","Madness","BootSequence+1","Go for the Eyes+1","Thunder Strike","Sunder+1","Loop"],"relics":["Cracked Core","Bag of Marbles","Pantograph","Sundial","Boot","Pandora\u0027s Box","Red Mask","ClockworkSouvenir","Torii","Sozu","Pen Nib","Dodecahedron","Ancient Tea Set","Lee\u0027s Waffle"],"potions_floor_usage":[7,16,22,24,33,45],"damage_taken":[{"damage":1,"enemies":"Cultist","floor":1,"turns":3},{"damage":3,"enemies":"Jaw Worm","floor":2,"turns":4},{"damage":0,"enemies":"2 Louse","floor":4,"turns":2},{"damage":4,"enemies":"2 Fungi Beasts","floor":5,"turns":3},{"damage":7,"enemies":"Gremlin Nob","floor":7,"turns":3},{"damage":3,"enemies":"Looter","floor":13,"turns":3},{"damage":3,"enemies":"Exordium Thugs","floor":14,"turns":4},{"damage":9,"enemies":"The Guardian","floor":16,"turns":10},{"damage":8,"enemies":"2 Thieves","floor":18,"turns":3},{"damage":22,"enemies":"Masked Bandits","floor":19,"turns":4},{"damage":8,"enemies":"3 Byrds","floor":20,"turns":3},{"damage":0,"enemies":"Centurion and Healer","floor":22,"turns":5},{"damage":11,"enemies":"Snake Plant","floor":24,"turns":4},{"damage":1,"enemies":"3 Cultists","floor":27,"turns":3},{"damage":1,"enemies":"Cultist and Chosen","floor":31,"turns":3},{"damage":8,"enemies":"Champ","floor":33,"turns":8},{"damage":0,"enemies":"3 Shapes","floor":35,"turns":4},{"damage":14,"enemies":"Orb Walker","floor":38,"turns":4},{"damage":0,"enemies":"Jaw Worm Horde","floor":39,"turns":2},{"damage":21,"enemies":"Reptomancer","floor":41,"turns":5},{"damage":6,"enemies":"Sphere and 2 Shapes","floor":42,"turns":4},{"damage":1,"enemies":"Transient","floor":45,"turns":5},{"damage":13,"enemies":"4 Shapes","floor":46,"turns":4},{"damage":0,"enemies":"Spire Growth","floor":47,"turns":4},{"damage":91,"enemies":"Awakened One","floor":50,"turns":11}],"seed_played":"1650797697905787010","potions_obtained":[{"floor":4,"key":"Poison Potion"},{"floor":5,"key":"GamblersBrew"},{"floor":7,"key":"SkillPotion"},{"floor":16,"key":"SpeedPotion"},{"floor":18,"key":"SmokeBomb"},{"floor":24,"key":"Fire Potion"},{"floor":27,"key":"LiquidBronze"},{"floor":31,"key":"Energy Potion"}],"is_trial":false,"path_per_floor":["M","M","T","M","M","R","E","R","T","$","R","T","M","M","R","B",null,"M","?","M","$","M","R","M","?","T","M","R","?","R","M","R","B",null,"M","?","?","M","M","R","E","M","T","R","M","M","M","$","R","B",null],"character_chosen":"DEFECT","items_purchased":["Consume","ClockworkSouvenir","Lee\u0027s Waffle","Sunder","Loop"],"campfire_rested":1,"item_purchase_floors":[10,21,48,48,48],"current_hp_per_floor":[81,78,78,78,74,74,74,74,74,74,74,74,78,82,82,87,89,81,66,58,58,65,65,61,61,61,60,60,60,60,66,66,88,89,89,78,78,64,64,64,43,37,37,63,62,56,56,96,96,5],"gold":4,"neow_bonus":"TWENTY_PERCENT_HP_BONUS","is_prod":false,"is_daily":false,"chose_seed":false,"campfire_upgraded":10,"win_rate":0,"timestamp":1557373828,"path_taken":["M","M","?","M","M","R","E","R","T","$","R","?","?","M","R","BOSS","M","?","M","$","M","R","M","?","T","M","R","?","R","M","R","BOSS","M","?","?","M","M","R","E","M","T","R","?","M","M","$","R","BOSS"],"build_version":"2019-01-23","purchased_purges":0,"victory":true,"max_hp_per_floor":[89,89,89,89,89,89,89,89,89,89,89,89,89,89,89,89,89,89,89,89,89,89,89,89,89,89,89,89,89,89,89,89,89,89,89,89,89,89,89,89,89,89,89,89,89,89,89,96,96,96],"card_choices":[{"not_picked":["Streamline","Darkness"],"picked":"White Noise","floor":1},{"not_picked":["Turbo","Coolheaded"],"picked":"FTL","floor":2},{"not_picked":["Streamline","Stack"],"picked":"Go for the Eyes","floor":4},{"not_picked":["Storm","Recycle"],"picked":"Self Repair","floor":5},{"not_picked":["Streamline","Sweeping Beam"],"picked":"Conserve Battery","floor":7},{"not_picked":["Redo","Hello World","Steam"],"picked":"SKIP","floor":13},{"not_picked":["Streamline","Steam"],"picked":"Hologram","floor":14},{"not_picked":["Core Surge","Reboot"],"picked":"Electrodynamics","floor":16},{"not_picked":["Reprogram","Self Repair+1"],"picked":"Go for the Eyes","floor":18},{"not_picked":["Lockon","Go for the Eyes"],"picked":"Ball Lightning","floor":19},{"not_picked":["Reprogram","Sweeping Beam"],"picked":"Conserve Battery","floor":20},{"not_picked":["Static Discharge","Conserve Battery"],"picked":"Capacitor","floor":22},{"not_picked":["Darkness","Static Discharge"],"picked":"Undo","floor":24},{"not_picked":["Reprogram","Tempest","Force Field+1"],"picked":"SKIP","floor":27},{"not_picked":["Gash+1","Coolheaded"],"picked":"Loop","floor":31},{"not_picked":["Meteor Strike","Thunder Strike"],"picked":"Creative AI","floor":33},{"not_picked":["Skim+1","Hello World+1","Redo+1"],"picked":"SKIP","floor":35},{"not_picked":["Undo","Steam"],"picked":"BootSequence+1","floor":38},{"not_picked":["Compile Driver","Rip and Tear"],"picked":"Go for the Eyes+1","floor":39},{"not_picked":["Turbo+1","Gash+1"],"picked":"Thunder Strike","floor":41},{"not_picked":["Blizzard+1","Steam Power","Undo"],"picked":"SKIP","floor":42},{"not_picked":["Steam","Go for the Eyes+1","Redo"],"picked":"SKIP","floor":45},{"not_picked":["Rebound","Streamline","Undo"],"picked":"SKIP","floor":46},{"not_picked":["Compile Driver","BootSequence","Scrape"],"picked":"SKIP","floor":47}],"player_experience":338233,"relics_obtained":[{"floor":3,"key":"Bag of Marbles"},{"floor":7,"key":"Pantograph"},{"floor":9,"key":"Sundial"},{"floor":12,"key":"Boot"},{"floor":19,"key":"Red Mask"},{"floor":26,"key":"Torii"},{"floor":41,"key":"Dodecahedron"},{"floor":43,"key":"Ancient Tea Set"}],"event_choices":[{"damage_healed":0,"gold_gain":0,"player_choice":"Fought Bandits","damage_taken":0,"max_hp_gain":0,"max_hp_loss":0,"event_name":"Masked Bandits","floor":19,"gold_loss":0},{"cards_removed":["Auto Shields"],"damage_healed":0,"gold_gain":0,"player_choice":"Elegance","damage_taken":0,"max_hp_gain":0,"max_hp_loss":0,"event_name":"Back to Basics","floor":25,"gold_loss":0},{"cards_removed":["Stack"],"damage_healed":0,"gold_gain":0,"player_choice":"Purged","damage_taken":0,"max_hp_gain":0,"max_hp_loss":0,"event_name":"Purifier","floor":29,"gold_loss":0},{"damage_healed":0,"gold_gain":0,"player_choice":"Embrace Madness","damage_taken":11,"max_hp_gain":0,"max_hp_loss":0,"event_name":"Winding Halls","floor":36,"gold_loss":0,"cards_obtained":["Madness","Madness"]},{"damage_healed":0,"gold_gain":0,"player_choice":"Gave Potion","damage_taken":0,"relics_obtained":["Pen Nib"],"max_hp_gain":0,"max_hp_loss":0,"event_name":"WeMeetAgain","floor":37,"gold_loss":0}],"is_beta":false,"boss_relics":[{"not_picked":["Calling Bell","Astrolabe"],"picked":"Pandora\u0027s Box"},{"not_picked":["Runic Pyramid","Runic Dome"],"picked":"Sozu"}],"items_purged_floors":[],"is_endless":false,"potions_floor_spawned":[4,5,7,16,18,24,27,31,38,39,42,47],"ascension_level":10}