{"gold_per_floor":[115,115,115,135,159,159,197,372,372,372,372,396,414,414,414,534,534,553,569,569,569,539,539,558,594,594,619,619,288,304,317,317,317],"floor_reached":33,"playtime":1540,"items_purged":[],"score":332,"play_id":"391ff2f6-cdb8-4973-9807-05a5bd8f19a1","local_time":"20190318212906","is_ascension_mode":true,"campfire_choices":[{"data":"Hello World","floor":6.0,"key":"SMITH"},{"floor":10.0,"key":"DIG"},{"floor":15.0,"key":"REST"},{"data":"Dualcast","floor":23.0,"key":"SMITH"},{"data":"Storm","floor":28.0,"key":"SMITH"},{"data":"Heatsinks","floor":32,"key":"SMITH"}],"neow_cost":"NONE","seed_source_timestamp":0,"circlet_count":0,"master_deck":["Strike_B","Strike_B","Defend_B","Defend_B","Defend_B","Defend_B","Zap+1","Dualcast+1","Hello World+1","Heatsinks+1","BootSequence","Melter","Hologram+1","Leap+1","Electrodynamics","Melter","Hello World","Storm+1","Thunder Strike","Tempest+1","Leap+1","Heatsinks","Redo+1","Leap+1"],"special_seed":0,"relics":["Cracked Core","Golden Idol","Shovel","Toxic Egg 2","Vajra","Empty Cage","Cables","Girya","Mummified Hand","Ancient Tea Set"],"potions_floor_usage":[33,33],"damage_taken":[{"damage":1.0,"enemies":"2 Louse","floor":1.0,"turns":3.0},{"damage":2.0,"enemies":"Jaw Worm","floor":4.0,"turns":3.0},{"damage":1.0,"enemies":"Small Slimes","floor":5.0,"turns":4.0},{"damage":4.0,"enemies":"Lagavulin","floor":7.0,"turns":10.0},{"damage":0.0,"enemies":"2 Fungi Beasts","floor":12.0,"turns":4.0},{"damage":45.0,"enemies":"Gremlin Gang","floor":13.0,"turns":5.0},{"damage":0.0,"enemies":"Gremlin Nob","floor":14.0,"turns":2.0},{"damage":27.0,"enemies":"The Guardian","floor":16.0,"turns":10.0},{"damage":0.0,"enemies":"Spheric Guardian","floor":18.0,"turns":2.0},{"damage":19.0,"enemies":"2 Thieves","floor":19.0,"turns":4.0},{"damage":3.0,"enemies":"Centurion and Healer","floor":24.0,"turns":4.0},{"damage":12.0,"enemies":"Slavers","floor":25.0,"turns":3.0},{"damage":8.0,"enemies":"3 Cultists","floor":27.0,"turns":4.0},{"damage":8.0,"enemies":"Chosen and Byrds","floor":30.0,"turns":3.0},{"damage":0,"enemies":"Snake Plant","floor":31,"turns":2},{"damage":35,"enemies":"Collector","floor":33,"turns":6}],"seed_played":"-5742196065261072336","potions_obtained":[{"floor":1.0,"key":"FocusPotion"},{"floor":4.0,"key":"EssenceOfSteel"},{"floor":11.0,"key":"SpeedPotion"},{"floor":11.0,"key":"Fruit Juice"},{"floor":11.0,"key":"EntropicBrew"},{"floor":22.0,"key":"Strength Potion"},{"floor":22.0,"key":"SkillPotion"},{"floor":27.0,"key":"Ancient Potion"},{"floor":31,"key":"SpeedPotion"}],"is_trial":false,"path_per_floor":["M","?","?","M","M","R","E","?","T","R","?","M","M","E","R","B",null,"M","M","?","?","?","R","M","E","T","M","R","$","M","M","R","B"],"character_chosen":"DEFECT","items_purchased":["Leap+1","Heatsinks","Redo+1","Ancient Tea Set"],"campfire_rested":1,"item_purchase_floors":[29,29,29,29],"current_hp_per_floor":[74,56,56,54,53,53,49,49,49,49,54,54,9,9,33,6,80,80,61,61,61,61,61,58,46,46,38,38,38,30,30,30,0],"gold":317,"neow_bonus":"UPGRADE_CARD","is_prod":false,"is_daily":false,"chose_seed":false,"campfire_upgraded":4,"win_rate":0,"timestamp":1552969746,"path_taken":["M","?","?","M","M","R","E","?","T","R","?","M","?","E","R","BOSS","M","?","?","?","?","R","M","E","T","M","R","$","M","M","R","BOSS"],"build_version":"2019-01-23","purchased_purges":0,"victory":false,"max_hp_per_floor":[75,75,75,75,75,75,75,75,75,75,80,80,80,80,80,80,80,80,80,80,80,80,80,80,80,80,80,80,80,80,80,80,80],"card_choices":[{"not_picked":["Barrage","Skim"],"picked":"Hello World","floor":1.0},{"not_picked":["Coolheaded","Turbo"],"picked":"Heatsinks","floor":4.0},{"not_picked":["Undo","Turbo"],"picked":"BootSequence","floor":5.0},{"not_picked":["Aggregate","Beam Cell"],"picked":"Melter","floor":7.0},{"not_picked":["Aggregate+1","Recycle+1"],"picked":"Hologram+1","floor":12.0},{"not_picked":["Turbo+1","Beam Cell"],"picked":"Leap+1","floor":13.0},{"not_picked":["Reboot+1","Rainbow+1"],"picked":"Electrodynamics","floor":16.0},{"not_picked":["Stack+1","Sweeping Beam"],"picked":"Melter","floor":18.0},{"not_picked":["Rip and Tear+1","Barrage"],"picked":"Hello World","floor":19.0},{"not_picked":["Rebound","Chill+1"],"picked":"Storm","floor":24.0},{"not_picked":["Chaos+1","Lockon"],"picked":"Thunder Strike","floor":25.0},{"not_picked":["Redo+1","Go for the Eyes+1"],"picked":"Tempest+1","floor":27.0},{"not_picked":["Gash","Compile Driver"],"picked":"Leap+1","floor":30.0},{"not_picked":["Streamline+1","Compile Driver","Sweeping Beam"],"picked":"SKIP","floor":31}],"player_experience":203396,"relics_obtained":[{"floor":7.0,"key":"Shovel"},{"floor":9.0,"key":"Toxic Egg 2"},{"floor":10.0,"key":"Vajra"},{"floor":25.0,"key":"Girya"},{"floor":26.0,"key":"Mummified Hand"}],"event_choices":[{"damage_healed":0.0,"max_hp_gain":0.0,"max_hp_loss":0.0,"gold_gain":0.0,"event_name":"Golden Idol","player_choice":"Take Damage","floor":2.0,"gold_loss":0.0,"damage_taken":18.0,"relics_obtained":["Golden Idol"]},{"cards_removed":["Strike_B"],"damage_healed":0.0,"max_hp_gain":0.0,"max_hp_loss":0.0,"gold_gain":0.0,"event_name":"Living Wall","player_choice":"Forget","floor":3.0,"gold_loss":0.0,"damage_taken":0.0},{"damage_healed":0.0,"max_hp_gain":0.0,"max_hp_loss":0.0,"gold_gain":175.0,"event_name":"Liars Game","player_choice":"AGREE","floor":8.0,"gold_loss":0.0,"damage_taken":0.0,"cards_obtained":["Doubt"]},{"damage_healed":0.0,"max_hp_gain":0.0,"max_hp_loss":0.0,"gold_gain":0.0,"event_name":"Lab","player_choice":"Got Potions","floor":11.0,"gold_loss":0.0,"damage_taken":0.0},{"damage_healed":0.0,"max_hp_gain":0.0,"max_hp_loss":0.0,"gold_gain":0.0,"event_name":"The Mausoleum","player_choice":"Opened","floor":20.0,"gold_loss":0.0,"damage_taken":0.0,"relics_obtained":["Cables"]},{"damage_healed":0.0,"max_hp_gain":0.0,"max_hp_loss":0.0,"gold_gain":0.0,"event_name":"Ghosts","player_choice":"Ignored","floor":21.0,"gold_loss":0.0,"damage_taken":0.0},{"damage_healed":0.0,"max_hp_gain":0.0,"max_hp_loss":0.0,"gold_gain":0.0,"event_name":"The Woman in Blue","player_choice":"Bought 2 Potions","floor":22.0,"gold_loss":0.0,"damage_taken":0.0}],"is_beta":false,"boss_relics":[{"not_picked":["Coffee Dripper","Eternal Feather"],"picked":"Empty Cage"}],"items_purged_floors":[],"is_endless":false,"potions_floor_spawned":[1,4,13,14,24,27,31],"killed_by":"Collector","ascension_level":4}