{"path_per_floor":["M","M","?","M","M","R","M","$","T","?","M","$","M","M","R","B",null,"M","?","M","?","$","R","$","R","T","E","M","R","M","M","R"],"character_chosen":"THE_SILENT","items_purchased":["Well Laid Plans","Finisher","Sucker Punch","Escape Plan","PiercingWail","Dramatic Entrance"],"gold_per_floor":[116,128,194,213,233,233,247,4,55,55,68,18,35,50,50,150,150,161,161,172,95,1,1,1,1,1,34,45,45,45,59,59,59],"floor_reached":33,"campfire_rested":4,"playtime":2831,"item_purchase_floors":[8,8,8,8,12,22],"current_hp_per_floor":[70,69,69,69,61,61,54,54,54,54,54,54,52,52,70,70,70,59,59,46,46,46,67,67,67,67,17,6,27,27,15,36,0],"items_purged":[],"gold":59,"score":336,"play_id":"a872df0b-f6ce-42b1-b8db-397313e3b4e9","local_time":"20180603005104","is_prod":false,"is_daily":false,"chose_seed":false,"is_ascension_mode":false,"campfire_upgraded":2,"win_rate":0.0,"timestamp":1527979864,"campfire_choices":[{"data":"Backstab","floor":6,"key":"SMITH"},{"floor":15,"key":"REST"},{"floor":23,"key":"REST"},{"data":"Night Terror","floor":25,"key":"SMITH"},{"floor":29,"key":"REST"},{"floor":32,"key":"REST"}],"path_taken":["M","M","?","M","M","R","M","?","T","?","M","$","M","M","R","BOSS","M","?","M","?","$","R","$","R","T","E","?","R","M","M","R","BOSS"],"build_version":"2018-05-31","seed_source_timestamp":31391291103069,"purchased_purges":0,"victory":false,"master_deck":["Defend_G","Defend_G","Defend_G","Defend_G","Defend_G","Strike_G","Strike_G","Strike_G","Strike_G","Strike_G","Survivor","Neutralize","Burst","Bane","Backstab+1","Choke","Poisoned Stab","Quick Slash","Well Laid Plans","Finisher","Sucker Punch","Night Terror+1","Flying Knee","PiercingWail","Poisoned Stab","Infinite Blades","Die Die Die","Catalyst","Dagger Spray","Deflect","Outmaneuver","Choke","Deadly Poison","Writhe","Quick Slash+1","J.A.X.","Dramatic Entrance","Backflip+1","Dodge and Roll","Poisoned Stab+1"],"max_hp_per_floor":[70,70,70,70,70,70,70,70,70,70,70,70,70,70,70,70,70,70,70,70,70,70,70,70,70,70,70,70,70,70,70,70,70],"relics":["Ring of the Snake","Lantern","Orrery","Centennial Puzzle","Shuriken","Boot"],"card_choices":[{"not_picked":["Underhanded Strike","Slice"],"picked":"Bane","floor":1},{"not_picked":["Bane","Heel Hook"],"picked":"Backstab","floor":2},{"not_picked":["Malaise","Bane"],"picked":"Choke","floor":4},{"not_picked":["Dodge and Roll","Outmaneuver"],"picked":"Poisoned Stab","floor":5},{"not_picked":["Bane","Night Terror"],"picked":"Quick Slash","floor":7},{"not_picked":["Predator","Bane"],"picked":"Flying Knee","floor":11},{"not_picked":["Outmaneuver","Deadly Poison"],"picked":"Poisoned Stab","floor":13},{"not_picked":["Bane","Quick Slash"],"picked":"Infinite Blades","floor":14},{"not_picked":["Tactician","Tools of the Trade"],"picked":"Die Die Die","floor":16},{"not_picked":["Flying Knee","Acrobatics"],"picked":"Catalyst","floor":17},{"not_picked":["Slice","Flying Knee"],"picked":"Dagger Spray","floor":17},{"not_picked":["Dagger Spray","Poisoned Stab"],"picked":"Deflect","floor":17},{"not_picked":["Dagger Spray","Blur"],"picked":"Outmaneuver","floor":17},{"not_picked":["Backflip","Dodge and Roll"],"picked":"Choke","floor":17},{"not_picked":["Predator","Footwork"],"picked":"Deadly Poison","floor":18},{"not_picked":["Footwork","Dagger Spray"],"picked":"Quick Slash+1","floor":20},{"not_picked":["Leg Sweep","Sucker Punch"],"picked":"Backflip+1","floor":27},{"not_picked":["Night Terror","Dagger Spray"],"picked":"Dodge and Roll","floor":28},{"not_picked":["Predator","Underhanded Strike"],"picked":"Poisoned Stab+1","floor":31}],"player_experience":26764,"potions_floor_usage":[7,16,16,16,27,30,30],"damage_taken":[{"damage":0,"enemies":"Small Slimes","floor":1,"turns":5},{"damage":1,"enemies":"2 Louse","floor":2,"turns":4},{"damage":0,"enemies":"Cultist","floor":4,"turns":3},{"damage":8,"enemies":"Large Slime","floor":5,"turns":8},{"damage":7,"enemies":"Exordium Thugs","floor":7,"turns":4},{"damage":0,"enemies":"Blue Slaver","floor":11,"turns":1},{"damage":2,"enemies":"Looter","floor":13,"turns":2},{"damage":0,"enemies":"Large Slime","floor":14,"turns":3},{"damage":0,"enemies":"Hexaghost","floor":16,"turns":2},{"damage":11,"enemies":"Chosen","floor":18,"turns":4},{"damage":13,"enemies":"Shell Parasite","floor":20,"turns":4},{"damage":50,"enemies":"Gremlin Leader","floor":27,"turns":8},{"damage":11,"enemies":"Snecko","floor":28,"turns":3},{"damage":0,"enemies":"Centurion and Healer","floor":30,"turns":2},{"damage":12,"enemies":"3 Cultists","floor":31,"turns":5},{"damage":38,"enemies":"Collector","floor":33,"turns":4}],"relics_obtained":[{"floor":9,"key":"Lantern"},{"floor":26,"key":"Shuriken"},{"floor":27,"key":"Boot"}],"event_choices":[{"event_name":"Golden Wing","player_choice":"Gained Gold","floor":3,"damage_taken":0},{"event_name":"Living Wall","player_choice":"Change","floor":10,"damage_taken":0},{"event_name":"The Mausoleum","player_choice":"Yes","floor":19,"damage_taken":0},{"event_name":"Drug Dealer","player_choice":"Got JAXXED","floor":21,"damage_taken":0}],"boss_relics":[{"not_picked":["Sozu","White Beast Statue"],"picked":"Orrery"}],"items_purged_floors":[],"potions_floor_spawned":[2,4,5,7,18,27,28],"seed_played":"3444916048742401495","killed_by":"Collector","ascension_level":0,"potions_obtained":[{"floor":2,"key":"SteroidPotion"},{"floor":4,"key":"Energy Potion"},{"floor":5,"key":"Fire Potion"},{"floor":7,"key":"Regen Potion"},{"floor":18,"key":"Swift Potion"},{"floor":27,"key":"SmokeBomb"},{"floor":28,"key":"PowerPotion"}],"is_trial":false}