{"gold_per_floor":[113,113,130,141,141,141,169,232,232,232],"floor_reached":10,"playtime":548,"items_purged":[],"score":119,"play_id":"278e4af4-d02e-4f81-bf55-d5eab15fe7ee","local_time":"20190202150710","is_ascension_mode":true,"campfire_choices":[{"floor":6,"key":"REST"}],"neow_cost":"NONE","seed_source_timestamp":995817593844684,"circlet_count":0,"master_deck":["AscendersBane","Strike_R","Strike_R","Strike_R","Strike_R","Strike_R+1","Defend_R+1","Defend_R","Defend_R","Defend_R","Bash","Clothesline","Twin Strike","Twin Strike","True Grit"],"relics":["Burning Blood","Letter Opener","Dead Branch","Kunai"],"potions_floor_usage":[10],"damage_taken":[{"damage":0,"enemies":"2 Louse","floor":1,"turns":4},{"damage":9,"enemies":"Jaw Worm","floor":3,"turns":3},{"damage":4,"enemies":"Small Slimes","floor":4,"turns":3},{"damage":28,"enemies":"Gremlin Nob","floor":7,"turns":4},{"damage":39,"enemies":"3 Sentries","floor":8,"turns":11},{"damage":30,"enemies":"3 Sentries","floor":10,"turns":7}],"seed_played":"2510604736458749185","potions_obtained":[{"floor":3,"key":"BloodPotion"},{"floor":8,"key":"Ancient Potion"}],"is_trial":false,"path_per_floor":["M","?","M","M","$","R","E","?","T","E"],"character_chosen":"IRONCLAD","items_purchased":[],"campfire_rested":1,"item_purchase_floors":[],"current_hp_per_floor":[81,56,53,55,55,79,57,24,24,2],"gold":232,"neow_bonus":"TEN_PERCENT_HP_BONUS","is_prod":false,"is_daily":false,"chose_seed":false,"campfire_upgraded":0,"win_rate":0,"timestamp":1549112830,"path_taken":["M","?","M","M","?","R","E","?","T","E"],"build_version":"2019-01-23","purchased_purges":0,"victory":false,"max_hp_per_floor":[82,82,82,82,82,82,82,82,82,82],"card_choices":[{"not_picked":["Warcry","Anger"],"picked":"Clothesline","floor":1},{"not_picked":["Clothesline","True Grit"],"picked":"Twin Strike","floor":3},{"not_picked":["Warcry","Heavy Blade","Body Slam"],"picked":"SKIP","floor":4},{"not_picked":["Pommel Strike","Bloodletting"],"picked":"Twin Strike","floor":7},{"not_picked":["Thunderclap","Intimidate"],"picked":"True Grit","floor":8}],"player_experience":411036,"relics_obtained":[{"floor":7,"key":"Letter Opener"},{"floor":8,"key":"Dead Branch"},{"floor":9,"key":"Kunai"}],"event_choices":[{"damage_healed":0,"gold_gain":0,"player_choice":"Entered Light","damage_taken":25,"max_hp_gain":0,"max_hp_loss":0,"event_name":"Shining Light","floor":2,"gold_loss":0,"cards_upgraded":["Defend_R","Strike_R"]},{"damage_healed":0,"gold_gain":0,"player_choice":"Searched \u00271\u0027 times","damage_taken":0,"max_hp_gain":0,"max_hp_loss":0,"event_name":"Dead Adventurer","floor":8,"gold_loss":0}],"is_beta":true,"boss_relics":[],"items_purged_floors":[],"is_endless":false,"potions_floor_spawned":[3,8],"killed_by":"3 Sentries","ascension_level":16}