{"path_per_floor":["M","$","?","M","?","R","E","M","T","$","M","?","M","M","R","B",null,"M","$","M","?","?","R","E","M","T","?","M","R","M"],"character_chosen":"THE_SILENT","items_purchased":["Flying Knee","Regen Potion","Venomology","Quick Slash","Caltrops"],"gold_per_floor":[111,36,211,222,172,172,203,216,242,72,84,64,78,94,94,197,197,209,140,157,157,82,82,111,131,177,177,195,195,207],"floor_reached":31,"campfire_rested":1,"playtime":2315,"current_hp_per_floor":[70,70,70,69,69,69,47,53,53,53,52,52,49,58,58,44,70,67,67,59,46,46,46,7,6,6,6,15,37,13],"items_purged":[],"gold":207,"score":283,"play_id":"5334627d-5af8-4332-a982-5fd5a4945ad8","is_prod":false,"is_daily":false,"is_ascension_mode":false,"campfire_upgraded":3,"path_taken":["M","$","?","M","?","R","E","M","T","$","?","?","?","M","R","BOSS","M","$","M","?","?","R","E","M","T","?","?","R","M","E"],"build_version":"2018-02-22-PROD2","purchased_purges":1,"victory":false,"master_deck":["Defend_G","Defend_G","Defend_G","Defend_G","Strike_G","Strike_G","Survivor","Neutralize+1","Terror","Flying Knee","Slice","Well Laid Plans","Deflect","Venomology+1","Quick Slash","Deflect","Night Terror+1","Cloak And Dagger","Burst","A Thousand Cuts+1","Footwork+1","PiercingWail+1","Cloak And Dagger","Caltrops","Deflect","Deadly Poison+1","Dagger Spray","Deflect","Poisoned Stab+1"],"max_hp_per_floor":[70,70,70,70,70,70,70,70,70,70,70,70,70,70,70,70,70,70,70,70,75,75,75,75,75,75,75,75,75,75],"relics":["Ring of the Snake","Pen Nib","Ancient Tea Set","Astrolabe","Gambling Chip","Anchor"],"card_choices":[{"not_picked":["Acrobatics","Flying Knee"],"picked":"Terror"},{"not_picked":["Phantasmal Killer","Flechettes"],"picked":"Slice"},{"not_picked":["Heel Hook","Prepared"],"picked":"Well Laid Plans"},{"not_picked":["Dagger Spray","Cloak And Dagger"],"picked":"Deflect"},{"not_picked":["Masterful Stab","Flying Knee"],"picked":"Deflect"},{"not_picked":["Caltrops","Dagger Throw"],"picked":"Night Terror"},{"not_picked":["Dagger Throw","Caltrops"],"picked":"Cloak And Dagger"},{"not_picked":["Envenom","Corpse Explosion"],"picked":"Burst"},{"not_picked":["PiercingWail","Acrobatics"],"picked":"Cloak And Dagger"},{"not_picked":["Infinite Blades","Prepared"],"picked":"Deflect"},{"not_picked":["Acrobatics","Underhanded Strike"],"picked":"Deadly Poison"},{"not_picked":["Skewer","Dash"],"picked":"Dagger Spray"},{"not_picked":["Reflex","Dagger Spray"],"picked":"Deflect"},{"not_picked":["Eviscerate","Expertise"],"picked":"Poisoned Stab"}],"player_experience":111762,"potions_floor_usage":[24,25,28,28,28,30,30,31],"damage_taken":[{"damage":0.0,"enemies":"2 Louse","floor":1.0,"turns":3.0},{"damage":1.0,"enemies":"Jaw Worm","floor":4.0,"turns":4.0},{"damage":22.0,"enemies":"Lagavulin","floor":7.0,"turns":6.0},{"damage":0.0,"enemies":"Small Slimes","floor":8.0,"turns":3.0},{"damage":1.0,"enemies":"Looter","floor":11.0,"turns":2.0},{"damage":3.0,"enemies":"Gremlin Gang","floor":13.0,"turns":4.0},{"damage":0.0,"enemies":"Exordium Thugs","floor":14.0,"turns":4.0},{"damage":14.0,"enemies":"The Guardian","floor":16.0,"turns":13.0},{"damage":12.0,"enemies":"3 Byrds","floor":18.0,"turns":7.0},{"damage":8.0,"enemies":"Chosen","floor":20.0,"turns":5.0},{"damage":39,"enemies":"Gremlin Leader","floor":24,"turns":10},{"damage":1,"enemies":"Snake Plant","floor":25,"turns":5},{"damage":0,"enemies":"3 Cultists","floor":28,"turns":4},{"damage":24,"enemies":"Sentry and Sphere","floor":30,"turns":6},{"damage":21,"enemies":"Slavers","floor":31,"turns":4}],"event_choices":[{"event_name":"Liars Game","player_choice":"agreed","floor":3.0,"damage_taken":0.0},{"event_name":"The Cleric","player_choice":"Card Removal","floor":5.0,"damage_taken":0.0},{"event_name":"The Woman in Blue","player_choice":"Bought 1 Potion","floor":12.0,"damage_taken":0.0},{"event_name":"Forgotten Altar","player_choice":"Shed Blood","floor":21.0,"damage_taken":0.0},{"event_name":"Beggar","player_choice":"Gave Gold","floor":22.0,"damage_taken":0.0},{"event_name":"Cursed Tome","player_choice":"Ignored","floor":27,"damage_taken":0}],"boss_relics":[],"potions_floor_spawned":[1,11,14,16,18,20,25,28],"seed_played":"-2035427262194045958","killed_by":"Slavers","ascension_level":0,"is_trial":false}