{"gold_per_floor":[214,224,224,238,238,238,264,12,39,39,64,17,51,51,51,171,171,190,190,190,203,203,230,230,256,334,334,289,289,289,289],"floor_reached":31,"playtime":2465,"items_purged":[],"score":326,"play_id":"40ee3e00-606b-4e80-83cb-c32a114b6b63","local_time":"20181203230729","is_ascension_mode":true,"campfire_choices":[{"data":"Sucker Punch","floor":6,"key":"SMITH"},{"floor":10,"key":"REST"},{"floor":15,"key":"REST"},{"data":"Phantasmal Killer","floor":24,"key":"SMITH"},{"floor":27,"key":"REST"},{"data":"RitualDagger","floor":30,"key":"SMITH"}],"neow_cost":"NONE","seed_source_timestamp":7064441252100,"circlet_count":0,"master_deck":["Defend_G+1","Defend_G+1","Defend_G+1","Defend_G+1","Defend_G+1","Strike_G+1","Strike_G+1","Strike_G+1","Strike_G+1","Strike_G+1","Survivor","Neutralize+1","Footwork+1","Sucker Punch+1","Flying Knee","Quick Slash","Quick Slash","Backflip","Dagger Spray","Phantasmal Killer+1","Well Laid Plans","Prepared+1","Crippling Poison","Dodge and Roll","RitualDagger+1"],"relics":["Ring of the Snake","Pen Nib","Paper Crane","Omamori","Whetstone","Darkstone Periapt","Bloody Idol","Snecko Eye","Dodecahedron","Shuriken","Pear","Bottled Tornado"],"potions_floor_usage":[18,23,23,23],"damage_taken":[{"damage":6,"enemies":"Jaw Worm","floor":1,"turns":5},{"damage":1,"enemies":"Small Slimes","floor":2,"turns":4},{"damage":0,"enemies":"2 Louse","floor":4,"turns":4},{"damage":16,"enemies":"Gremlin Nob","floor":7,"turns":6},{"damage":29,"enemies":"3 Sentries","floor":11,"turns":10},{"damage":0,"enemies":"Lagavulin","floor":13,"turns":7},{"damage":41,"enemies":"Slime Boss","floor":16,"turns":11},{"damage":0,"enemies":"Chosen","floor":18,"turns":4},{"damage":0,"enemies":"Spheric Guardian","floor":21,"turns":3},{"damage":19,"enemies":"Gremlin Leader","floor":23,"turns":8},{"damage":41,"enemies":"Slavers","floor":25,"turns":8},{"damage":61,"enemies":"Gremlin Leader","floor":31,"turns":9}],"seed_played":"-3479091766065703861","potions_obtained":[{"floor":1,"key":"GamblersBrew"},{"floor":11,"key":"Swift Potion"},{"floor":18,"key":"Energy Potion"},{"floor":21,"key":"Energy Potion"}],"is_trial":false,"path_per_floor":["M","M","?","M","?","R","E","$","T","R","E","$","E","?","R","B",null,"M","?","?","M","?","E","R","E","T","R","$","?","R","E"],"character_chosen":"THE_SILENT","items_purchased":["Paper Crane","Backflip","Dodge and Roll"],"campfire_rested":3,"item_purchase_floors":[8,12,28],"current_hp_per_floor":[64,63,63,63,63,63,47,47,47,68,39,39,39,39,60,19,70,70,70,70,70,70,56,56,30,35,59,59,53,53,0],"gold":289,"neow_bonus":"HUNDRED_GOLD","is_prod":false,"is_daily":false,"chose_seed":false,"campfire_upgraded":3,"win_rate":0,"timestamp":1543874849,"path_taken":["M","M","?","M","?","R","E","$","T","R","E","?","E","?","R","BOSS","M","?","?","M","?","E","R","E","T","R","?","?","R","E"],"build_version":"2018-11-15","purchased_purges":0,"victory":false,"max_hp_per_floor":[70,70,70,70,70,70,70,70,70,70,70,70,70,70,70,70,70,70,70,70,70,70,70,70,80,80,80,80,80,80,80],"card_choices":[{"not_picked":["Dash","Calculated Gamble"],"picked":"Footwork","floor":1},{"not_picked":["Acrobatics","Outmaneuver"],"picked":"Sucker Punch","floor":2},{"not_picked":["Deflect","Prepared"],"picked":"Flying Knee","floor":4},{"not_picked":["Wraith Form v2","Calculated Gamble"],"picked":"Quick Slash","floor":7},{"not_picked":["Outmaneuver","Bouncing Flask"],"picked":"Quick Slash","floor":11},{"not_picked":["Calculated Gamble","Poisoned Stab"],"picked":"Dagger Spray","floor":13},{"not_picked":["Glass Knife","Venomology"],"picked":"Phantasmal Killer","floor":16},{"not_picked":["Endless Agony","Dagger Throw"],"picked":"Well Laid Plans","floor":18},{"not_picked":["Deadly Poison+1","Endless Agony"],"picked":"Prepared+1","floor":21},{"not_picked":["Infinite Blades","Outmaneuver","Deflect"],"picked":"SKIP","floor":23},{"not_picked":["Finisher","Flechettes"],"picked":"Crippling Poison","floor":25}],"player_experience":264911,"relics_obtained":[{"floor":7,"key":"Pen Nib"},{"floor":9,"key":"Omamori"},{"floor":11,"key":"Whetstone"},{"floor":13,"key":"Darkstone Periapt"},{"floor":23,"key":"Shuriken"},{"floor":25,"key":"Pear"},{"floor":26,"key":"Bottled Tornado"}],"event_choices":[{"damage_healed":0,"gold_gain":0,"player_choice":"Leave","damage_taken":0,"max_hp_gain":0,"max_hp_loss":0,"event_name":"The Cleric","floor":3,"gold_loss":0},{"damage_healed":0,"gold_gain":0,"player_choice":"Grow","damage_taken":0,"max_hp_gain":0,"max_hp_loss":0,"event_name":"Living Wall","floor":5,"gold_loss":0,"cards_upgraded":["Footwork"]},{"damage_healed":0,"gold_gain":0,"player_choice":"Take Wound","damage_taken":0,"relics_obtained":["Golden Idol"],"max_hp_gain":0,"max_hp_loss":0,"event_name":"Golden Idol","floor":14,"gold_loss":0,"cards_obtained":["Injury"]},{"damage_healed":0,"gold_gain":0,"player_choice":"Gave Idol","damage_taken":0,"relics_obtained":["Bloody Idol"],"max_hp_gain":0,"max_hp_loss":0,"event_name":"Forgotten Altar","floor":19,"relics_lost":["Golden Idol"],"gold_loss":0},{"damage_healed":0,"gold_gain":0,"player_choice":"Simplicity","damage_taken":0,"max_hp_gain":0,"max_hp_loss":0,"event_name":"Back to Basics","floor":20,"gold_loss":0,"cards_upgraded":["Defend_G","Defend_G","Defend_G","Defend_G","Defend_G","Strike_G","Strike_G","Strike_G","Strike_G"]},{"damage_healed":0,"gold_gain":0,"player_choice":"Opened","damage_taken":0,"relics_obtained":["Dodecahedron"],"max_hp_gain":0,"max_hp_loss":0,"event_name":"The Mausoleum","floor":22,"gold_loss":0},{"damage_healed":0,"gold_gain":0,"player_choice":"Joined the Cult","damage_taken":6,"max_hp_gain":0,"max_hp_loss":0,"event_name":"Nest","floor":29,"gold_loss":0,"cards_obtained":["RitualDagger"]}],"is_beta":false,"boss_relics":[{"not_picked":["Pandora\u0027s Box","Philosopher\u0027s Stone"],"picked":"Snecko Eye"}],"items_purged_floors":[],"is_endless":false,"potions_floor_spawned":[1,11,18,21],"killed_by":"Gremlin Leader","ascension_level":1}