{"gold_per_floor":[209,37,37,52,72,103,103,128,175,205,220,220,71,85,85,182,232,251,234,246,15,30,30,30],"floor_reached":24,"playtime":2105,"items_purged":["Strike_R"],"score":294,"play_id":"37add6a9-39ca-42b2-b9d3-a91675379476","local_time":"20190406203413","is_ascension_mode":true,"campfire_choices":[{"data":"Armaments","floor":7.0,"key":"SMITH"},{"floor":15.0,"key":"REST"},{"floor":23,"key":"REST"}],"neow_cost":"NONE","seed_source_timestamp":0,"circlet_count":0,"master_deck":["Strike_R+1","Strike_R","Strike_R","Strike_R","Defend_R","Defend_R","Defend_R","Defend_R+1","Bash","Entrench","Iron Wave","Corruption","Shrug It Off","Armaments+1","Power Through","Exhume","Battle Trance","Flame Barrier","Clothesline+1","Limit Break","Shrug It Off","Ghostly Armor","Pommel Strike","Power Through","Feel No Pain","Impervious","Uppercut+1"],"special_seed":0,"relics":["Burning Blood","Anchor","Blue Candle","Bag of Marbles","FossilizedHelix","Happy Flower","Mummified Hand","Tiny House"],"potions_floor_usage":[16,16,18,19,24],"damage_taken":[{"damage":7.0,"enemies":"Jaw Worm","floor":1.0,"turns":5.0},{"damage":2.0,"enemies":"2 Louse","floor":4.0,"turns":3.0},{"damage":3.0,"enemies":"Small Slimes","floor":5.0,"turns":6.0},{"damage":63.0,"enemies":"Lagavulin","floor":6.0,"turns":9.0},{"damage":10.0,"enemies":"3 Sentries","floor":8.0,"turns":13.0},{"damage":16.0,"enemies":"Lagavulin","floor":10.0,"turns":11.0},{"damage":0.0,"enemies":"3 Louse","floor":11.0,"turns":6.0},{"damage":0.0,"enemies":"Exordium Thugs","floor":14.0,"turns":7.0},{"damage":30,"enemies":"Hexaghost","floor":16,"turns":14},{"damage":23,"enemies":"Shell Parasite","floor":18,"turns":8},{"damage":11,"enemies":"2 Thieves","floor":19,"turns":4},{"damage":39,"enemies":"Sentry and Sphere","floor":20,"turns":23},{"damage":0,"enemies":"Snecko","floor":22,"turns":8},{"damage":61,"enemies":"3 Cultists","floor":24,"turns":10}],"seed_played":"1369268846980423775","potions_obtained":[{"floor":1.0,"key":"Regen Potion"},{"floor":10.0,"key":"Swift Potion"},{"floor":11.0,"key":"Regen Potion"},{"floor":16,"key":"SneckoOil"},{"floor":17,"key":"LiquidBronze"},{"floor":20,"key":"Energy Potion"}],"is_trial":false,"path_per_floor":["M","$","?","M","M","E","R","E","T","E","M","?","$","M","R","B",null,"M","M","M","$","M","R","M"],"character_chosen":"IRONCLAD","items_purchased":["Anchor","Iron Wave","Flame Barrier","Regen Potion","Feel No Pain","Impervious"],"campfire_rested":2,"item_purchase_floors":[2,2,13,13,21,21],"current_hp_per_floor":[71,71,68,72,75,33,33,29,29,19,25,9,9,30,54,45,76,59,54,21,21,27,52,0],"gold":30,"neow_bonus":"HUNDRED_GOLD","is_prod":false,"is_daily":false,"chose_seed":false,"campfire_upgraded":1,"win_rate":0,"timestamp":1554608053,"path_taken":["M","$","?","M","M","E","R","E","T","E","M","?","$","M","R","BOSS","M","M","M","$","M","R","M"],"build_version":"2019-01-23","purchased_purges":1,"victory":false,"max_hp_per_floor":[80,80,80,80,80,80,80,80,80,80,80,80,80,80,80,80,85,85,85,85,85,85,85,85],"card_choices":[{"not_picked":["Sword Boomerang","Sever Soul"],"picked":"Entrench","floor":1.0},{"not_picked":["Wild Strike","Warcry"],"picked":"Corruption","floor":4.0},{"not_picked":["Flex","Ghostly Armor"],"picked":"Shrug It Off","floor":5.0},{"not_picked":["Anger","Clothesline"],"picked":"Armaments","floor":6.0},{"not_picked":["Second Wind","Perfected Strike"],"picked":"Power Through","floor":8.0},{"not_picked":["Wild Strike","Warcry"],"picked":"Exhume","floor":10.0},{"not_picked":["Flex","Sword Boomerang"],"picked":"Battle Trance","floor":11.0},{"not_picked":["Bloodletting","Anger"],"picked":"Clothesline","floor":14.0},{"not_picked":["Double Tap","Fiend Fire"],"picked":"Limit Break","floor":16},{"not_picked":["Flex","Clash"],"picked":"Shrug It Off","floor":17},{"not_picked":["Sword Boomerang","Pummel+1"],"picked":"Ghostly Armor","floor":18},{"not_picked":["Headbutt","Rampage"],"picked":"Pommel Strike","floor":19},{"not_picked":["Sword Boomerang+1","Searing Blow+1"],"picked":"Power Through","floor":20},{"not_picked":["Warcry+1","Havoc"],"picked":"Uppercut+1","floor":22}],"player_experience":286064,"relics_obtained":[{"floor":6.0,"key":"Bag of Marbles"},{"floor":8.0,"key":"FossilizedHelix"},{"floor":9.0,"key":"Happy Flower"},{"floor":10.0,"key":"Mummified Hand"}],"event_choices":[{"damage_healed":0.0,"max_hp_gain":0.0,"max_hp_loss":0.0,"gold_gain":0.0,"event_name":"Scrap Ooze","player_choice":"Success","floor":3.0,"gold_loss":0.0,"damage_taken":3.0,"relics_obtained":["Blue Candle"]},{"damage_healed":0.0,"max_hp_gain":0.0,"max_hp_loss":0.0,"gold_gain":0.0,"event_name":"Shining Light","player_choice":"Entered Light","floor":12.0,"gold_loss":0.0,"damage_taken":16.0,"cards_upgraded":["Strike_R","Defend_R"]}],"is_beta":false,"boss_relics":[{"not_picked":["Ectoplasm","Coffee Dripper"],"picked":"Tiny House"}],"items_purged_floors":[21],"is_endless":false,"potions_floor_spawned":[1,10,11,16,20],"killed_by":"3 Cultists","ascension_level":7}