{"gold_per_floor":[109,125,28,40,60,60,116,126,126,142,154,154,179,213,213,315,315,325,325,336,352,365,365,365],"floor_reached":24,"playtime":1840,"items_purged":["Normality"],"score":301,"play_id":"01e0bebc-131f-4550-8ecc-f2757e6398ae","local_time":"20190325193644","is_ascension_mode":true,"campfire_choices":[{"data":"Flame Barrier","floor":6,"key":"SMITH"},{"data":"Whirlwind","floor":12,"key":"SMITH"},{"data":"Shrug It Off","floor":15,"key":"SMITH"},{"data":"Pain","floor":23,"key":"PURGE"}],"neow_cost":"CURSE","seed_source_timestamp":252369868970628,"circlet_count":0,"master_deck":["Strike_R","Strike_R","Strike_R","Strike_R","Strike_R","Defend_R","Defend_R","Defend_R","Defend_R","Bash","Flame Barrier+1","Shrug It Off+1","Headbutt","Feel No Pain","Whirlwind+1","Feed","Shockwave","Metallicize","Exhume","Impervious","Burning Pact","True Grit","Pommel Strike","Iron Wave+1"],"relics":["Black Blood","Peace Pipe","Tiny Chest","Paper Frog","Happy Flower","Bottled Lightning","WarpedTongs"],"potions_floor_usage":[7,7,14,18,22],"damage_taken":[{"damage":6,"enemies":"Cultist","floor":1,"turns":3},{"damage":1,"enemies":"Small Slimes","floor":2,"turns":4},{"damage":0,"enemies":"Jaw Worm","floor":4,"turns":4},{"damage":2,"enemies":"2 Fungi Beasts","floor":5,"turns":4},{"damage":28,"enemies":"Lagavulin","floor":7,"turns":12},{"damage":0,"enemies":"Red Slaver","floor":8,"turns":4},{"damage":0,"enemies":"3 Louse","floor":10,"turns":2},{"damage":1,"enemies":"Blue Slaver","floor":11,"turns":4},{"damage":9,"enemies":"3 Sentries","floor":14,"turns":7},{"damage":13,"enemies":"The Guardian","floor":16,"turns":15},{"damage":16,"enemies":"2 Thieves","floor":18,"turns":4},{"damage":16,"enemies":"Chosen","floor":20,"turns":6},{"damage":17,"enemies":"Snecko","floor":21,"turns":6},{"damage":58,"enemies":"3 Cultists","floor":22,"turns":7},{"damage":25,"enemies":"Sentry and Sphere","floor":24,"turns":6}],"seed_played":"7881242542320775458","potions_obtained":[{"floor":1,"key":"Explosive Potion"},{"floor":2,"key":"Dexterity Potion"},{"floor":10,"key":"SkillPotion"},{"floor":16,"key":"Fire Potion"},{"floor":20,"key":"SpeedPotion"}],"is_trial":false,"path_per_floor":["M","M","$","M","M","R","E","M","T","M","M","R","T","E","R","B",null,"M","?","M","M","M","R","M"],"character_chosen":"IRONCLAD","items_purchased":["Shrug It Off"],"campfire_rested":0,"item_purchase_floors":[3],"current_hp_per_floor":[72,77,77,80,80,80,58,64,64,73,78,78,78,78,78,74,85,82,82,76,69,25,25,0],"gold":365,"neow_bonus":"ONE_RARE_RELIC","is_prod":false,"is_daily":false,"chose_seed":false,"campfire_upgraded":3,"win_rate":0,"timestamp":1553567804,"path_taken":["M","M","$","M","M","R","E","M","T","M","M","R","?","E","R","BOSS","M","?","M","M","?","R","?"],"build_version":"2019-01-23","purchased_purges":1,"victory":false,"max_hp_per_floor":[80,80,80,80,80,80,80,80,80,83,83,83,83,86,86,89,89,92,92,92,92,96,96,96],"card_choices":[{"not_picked":["Perfected Strike","Fire Breathing"],"picked":"Flame Barrier","floor":1},{"not_picked":["Flex","Blood for Blood","Reckless Charge"],"picked":"SKIP","floor":2},{"not_picked":["Cleave","Heavy Blade"],"picked":"Headbutt","floor":4},{"not_picked":["Cleave","Clothesline"],"picked":"Feel No Pain","floor":5},{"not_picked":["Thunderclap","Power Through"],"picked":"Whirlwind","floor":7},{"not_picked":["Pummel","Clash"],"picked":"Feed","floor":8},{"not_picked":["Feel No Pain","Clash"],"picked":"Shockwave","floor":10},{"not_picked":["Body Slam","Flex"],"picked":"Metallicize","floor":11},{"not_picked":["Heavy Blade","Rupture"],"picked":"Exhume","floor":14},{"not_picked":["Berserk","Brutality"],"picked":"Impervious","floor":16},{"not_picked":["Clash+1","Havoc"],"picked":"Burning Pact","floor":18},{"not_picked":["Dual Wield","Heavy Blade"],"picked":"True Grit","floor":20},{"not_picked":["Thunderclap+1","Double Tap"],"picked":"Pommel Strike","floor":21},{"not_picked":["Havoc","Rage"],"picked":"Iron Wave+1","floor":22}],"player_experience":258222,"relics_obtained":[{"floor":7,"key":"Tiny Chest"},{"floor":9,"key":"Paper Frog"},{"floor":13,"key":"Happy Flower"},{"floor":14,"key":"Bottled Lightning"}],"event_choices":[{"damage_healed":0,"gold_gain":0,"player_choice":"Rummage","damage_taken":0,"relics_obtained":["WarpedTongs"],"max_hp_gain":0,"max_hp_loss":0,"event_name":"Accursed Blacksmith","floor":19,"gold_loss":0,"cards_obtained":["Pain"]}],"is_beta":false,"boss_relics":[{"not_picked":["Calling Bell","Fusion Hammer"],"picked":"Black Blood"}],"items_purged_floors":[3],"is_endless":false,"potions_floor_spawned":[1,2,10,16,20],"killed_by":"Sentry and Sphere","ascension_level":6}