{"gold_per_floor":[118,133,133,158,168,193,193,210,290,290,320,331,342,369,369,469,469,480,490,500,500,516,550,550,564,564,593,604,616,616,648,648,744,744,757,53,105,105,124,158,158,189,259,259,322,339,358,384,384,384],"floor_reached":51,"playtime":2770,"items_purged":[],"score":1286,"play_id":"e439db39-e48b-4037-8913-612f4dccef44","local_time":"20181108111409","is_ascension_mode":true,"campfire_choices":[{"data":"Infernal Blade","floor":7,"key":"SMITH"},{"data":"Bludgeon","floor":10,"key":"SMITH"},{"data":"Anger","floor":15,"key":"SMITH"},{"data":"Flex","floor":24,"key":"SMITH"},{"data":"Bludgeon","floor":32,"key":"SMITH"},{"data":"Flex","floor":41,"key":"SMITH"},{"data":"Perfected Strike","floor":44,"key":"SMITH"},{"data":"Perfected Strike","floor":49,"key":"SMITH"}],"neow_cost":"NONE","seed_source_timestamp":1745400059636053,"circlet_count":0,"master_deck":["Strike_R","Strike_R","Strike_R","Strike_R","Strike_R","Defend_R","Bash","Metallicize","Metallicize+1","Anger","Infernal Blade+1","Bludgeon+1","Flex+1","Carnage","Fire Breathing+1","Anger+1","Bludgeon+1","Seeing Red+1","Anger+1","Wild Strike+1","Twin Strike","Perfected Strike+1","Inflame+1","Evolve+1","Thunderclap+1","Perfected Strike+1","Impervious","Flex+1","Necronomicurse","Anger+1","Demon Form+1","Inflame+1","Madness","Madness","Rage+1","Perfected Strike+1","Warcry","Blood for Blood+1","Inflame+1","Warcry+1","True Grit+1"],"relics":["Burning Blood","Smiling Mask","PreservedInsect","Frozen Egg 2","Bag of Preparation","Pen Nib","Astrolabe","MutagenicStrength","FossilizedHelix","Blue Candle","Art of War","Necronomicon","Anchor","Busted Crown","Centennial Puzzle","Bird Faced Urn","Toy Ornithopter","Dead Branch","Dream Catcher","Happy Flower","Shuriken","Tiny Chest","Bronze Scales"],"potions_floor_usage":[6,11,23,28,33,33,47,50],"damage_taken":[{"damage":6,"enemies":"Cultist","floor":1,"turns":3},{"damage":19,"enemies":"Jaw Worm","floor":2,"turns":4},{"damage":0,"enemies":"2 Louse","floor":5,"turns":4},{"damage":13,"enemies":"3 Sentries","floor":6,"turns":10},{"damage":3,"enemies":"2 Fungi Beasts","floor":8,"turns":3},{"damage":0,"enemies":"Gremlin Nob","floor":11,"turns":2},{"damage":0,"enemies":"Looter","floor":12,"turns":1},{"damage":5,"enemies":"Exordium Thugs","floor":13,"turns":3},{"damage":1,"enemies":"3 Sentries","floor":14,"turns":4},{"damage":60,"enemies":"Hexaghost","floor":16,"turns":6},{"damage":0,"enemies":"Spheric Guardian","floor":18,"turns":1},{"damage":11,"enemies":"2 Thieves","floor":19,"turns":2},{"damage":0,"enemies":"Snake Plant","floor":20,"turns":2},{"damage":0,"enemies":"Sentry and Sphere","floor":22,"turns":2},{"damage":33,"enemies":"Book of Stabbing","floor":23,"turns":3},{"damage":0,"enemies":"Snecko","floor":25,"turns":2},{"damage":14,"enemies":"Slavers","floor":27,"turns":3},{"damage":0,"enemies":"Centurion and Healer","floor":28,"turns":2},{"damage":0,"enemies":"3 Cultists","floor":29,"turns":3},{"damage":0,"enemies":"Gremlin Leader","floor":31,"turns":3},{"damage":35,"enemies":"Collector","floor":33,"turns":7},{"damage":0,"enemies":"3 Shapes","floor":35,"turns":1},{"damage":29,"enemies":"2 Orb Walkers","floor":37,"turns":3},{"damage":0,"enemies":"Orb Walker","floor":39,"turns":2},{"damage":0,"enemies":"Giant Head","floor":40,"turns":4},{"damage":0,"enemies":"Nemesis","floor":42,"turns":3},{"damage":0,"enemies":"Giant Head","floor":45,"turns":3},{"damage":0,"enemies":"4 Shapes","floor":46,"turns":3},{"damage":0,"enemies":"Transient","floor":47,"turns":5},{"damage":0,"enemies":"Nemesis","floor":48,"turns":3},{"damage":24,"enemies":"Time Eater","floor":50,"turns":4}],"seed_played":"8032170563948561664","potions_obtained":[{"floor":1,"key":"GamblersBrew"},{"floor":5,"key":"Strength Potion"},{"floor":8,"key":"Swift Potion"},{"floor":12,"key":"Poison Potion"},{"floor":19,"key":"GamblersBrew"},{"floor":23,"key":"Weak Potion"},{"floor":25,"key":"SteroidPotion"},{"floor":29,"key":"Fire Potion"},{"floor":35,"key":"EssenceOfSteel"},{"floor":37,"key":"Explosive Potion"},{"floor":39,"key":"Swift Potion"},{"floor":42,"key":"Strength Potion"}],"is_trial":false,"path_per_floor":["M","M","?","T","M","E","R","M","T","R","E","M","M","E","R","B",null,"M","M","M","?","M","E","R","M","T","E","M","M","?","E","R","B",null,"M","$","?","?","M","E","R","E","T","R","E","M","M","E","R","B",null],"character_chosen":"IRONCLAD","items_purchased":["Centennial Puzzle","Inflame+1","Bird Faced Urn","Toy Ornithopter"],"campfire_rested":0,"item_purchase_floors":[36,36,36,36],"current_hp_per_floor":[88,75,75,75,81,74,74,77,77,77,83,88,88,88,88,34,75,81,76,82,82,88,61,61,67,67,59,65,71,55,61,61,32,74,80,80,57,46,52,64,64,74,74,74,82,88,88,88,88,72],"gold":384,"neow_bonus":"TEN_PERCENT_HP_BONUS","is_prod":false,"is_daily":false,"chose_seed":false,"campfire_upgraded":8,"win_rate":0,"timestamp":1541668449,"path_taken":["M","M","?","?","M","E","R","M","T","R","E","M","?","E","R","BOSS","M","?","M","?","M","E","R","M","T","E","M","M","?","E","R","BOSS","M","$","?","?","?","E","R","E","T","R","E","M","M","E","R","BOSS"],"build_version":"2018-11-07","purchased_purges":0,"victory":true,"max_hp_per_floor":[88,88,88,88,88,88,88,88,88,88,88,88,88,88,88,88,88,88,88,88,88,88,88,88,88,88,88,88,88,88,88,88,88,88,88,88,88,88,88,88,88,88,88,88,88,88,88,88,88,88],"card_choices":[{"not_picked":["Carnage","Shockwave"],"picked":"Metallicize","floor":1},{"not_picked":["Rage","Iron Wave"],"picked":"Metallicize","floor":2},{"not_picked":["Twin Strike","Pommel Strike"],"picked":"Anger","floor":5},{"not_picked":["Warcry","Iron Wave"],"picked":"Infernal Blade","floor":6},{"not_picked":["Headbutt","Cleave"],"picked":"Bludgeon","floor":8},{"not_picked":["Shrug It Off","Second Wind"],"picked":"Flex","floor":11},{"not_picked":["Perfected Strike","Corruption+1"],"picked":"Carnage","floor":12},{"not_picked":["Clothesline","Shrug It Off"],"picked":"Fire Breathing+1","floor":13},{"not_picked":["Headbutt","Havoc"],"picked":"Anger","floor":14},{"not_picked":["Barricade+1","Fiend Fire"],"picked":"Bludgeon","floor":16},{"not_picked":["Bloodletting+1","Feel No Pain+1","Heavy Blade+1"],"picked":"SKIP","floor":18},{"not_picked":["Pommel Strike","Entrench"],"picked":"Twin Strike","floor":19},{"not_picked":["Reaper","Pommel Strike"],"picked":"Perfected Strike","floor":20},{"not_picked":["Shrug It Off","Feel No Pain+1"],"picked":"Inflame+1","floor":22},{"not_picked":["Shrug It Off","Uppercut"],"picked":"Evolve+1","floor":23},{"not_picked":["Sever Soul+1","True Grit"],"picked":"Thunderclap+1","floor":25},{"not_picked":["Thunderclap+1","Carnage"],"picked":"Perfected Strike","floor":27},{"not_picked":["Havoc","True Grit"],"picked":"Impervious","floor":28},{"not_picked":["Sword Boomerang+1","Perfected Strike"],"picked":"Flex","floor":29},{"not_picked":["Clothesline","Perfected Strike"],"picked":"Anger+1","floor":31},{"not_picked":["Limit Break","Barricade+1"],"picked":"Demon Form+1","floor":33},{"not_picked":["Burning Pact"],"picked":"SKIP","floor":35},{"not_picked":[],"picked":"Rage+1","floor":39},{"not_picked":[],"picked":"Perfected Strike+1","floor":40},{"not_picked":[],"picked":"Warcry","floor":42},{"not_picked":[],"picked":"Blood for Blood+1","floor":45},{"not_picked":[],"picked":"Inflame+1","floor":46},{"not_picked":[],"picked":"Warcry+1","floor":47},{"not_picked":[],"picked":"True Grit+1","floor":48}],"player_experience":278586,"relics_obtained":[{"floor":4,"key":"Smiling Mask"},{"floor":6,"key":"PreservedInsect"},{"floor":9,"key":"Frozen Egg 2"},{"floor":11,"key":"Bag of Preparation"},{"floor":14,"key":"Pen Nib"},{"floor":23,"key":"FossilizedHelix"},{"floor":26,"key":"Blue Candle"},{"floor":27,"key":"Art of War"},{"floor":30,"key":"Necronomicon"},{"floor":31,"key":"Anchor"},{"floor":37,"key":"Dead Branch"},{"floor":40,"key":"Dream Catcher"},{"floor":42,"key":"Happy Flower"},{"floor":43,"key":"Shuriken"},{"floor":45,"key":"Tiny Chest"},{"floor":48,"key":"Bronze Scales"}],"event_choices":[{"damage_healed":0,"gold_gain":0,"player_choice":"Grow","damage_taken":0,"max_hp_gain":0,"max_hp_loss":0,"event_name":"Living Wall","floor":3,"gold_loss":0,"cards_upgraded":["Metallicize"]},{"damage_healed":0,"gold_gain":0,"player_choice":"Inject Mutagens","damage_taken":0,"relics_obtained":["MutagenicStrength"],"max_hp_gain":0,"max_hp_loss":0,"event_name":"Drug Dealer","floor":21,"gold_loss":0},{"damage_healed":0,"gold_gain":0,"player_choice":"Obtained Book","damage_taken":16,"max_hp_gain":0,"max_hp_loss":0,"event_name":"Cursed Tome","floor":30,"gold_loss":0},{"damage_healed":0,"gold_gain":0,"player_choice":"Fight","damage_taken":0,"max_hp_gain":0,"max_hp_loss":0,"event_name":"Mysterious Sphere","floor":37,"gold_loss":0},{"damage_healed":0,"gold_gain":0,"player_choice":"Embrace Madness","damage_taken":11,"max_hp_gain":0,"max_hp_loss":0,"event_name":"Winding Halls","floor":38,"gold_loss":0,"cards_obtained":["Madness","Madness"]}],"is_beta":true,"boss_relics":[{"not_picked":["Coffee Dripper","Ectoplasm"],"picked":"Astrolabe"},{"not_picked":["Lizard Tail","Fusion Hammer"],"picked":"Busted Crown"}],"items_purged_floors":[],"is_endless":false,"potions_floor_spawned":[1,5,8,12,19,23,25,29,35,37,39,42],"ascension_level":5}