{"gold_per_floor":[109,127,127,127,127,127,162,180,204,236,278,304,326,352,364,481,493,525,537,559,590,527,527,539,539,615,631,663,61,76,89,89,189,189,206,0,0,0,14,14,42,42,88,88,101,119,119],"floor_reached":47,"playtime":2612,"items_purged":["Strike_R","Pain"],"score":645,"play_id":"a806fe59-0193-4e98-99d4-5069c53eefcc","local_time":"20181007173738","is_ascension_mode":true,"campfire_choices":[{"data":"Perfected Strike","floor":6,"key":"SMITH"},{"data":"Infernal Blade","floor":15,"key":"SMITH"},{"floor":23,"key":"REST"},{"floor":32,"key":"REST"},{"data":"Demon Form","floor":40,"key":"SMITH"},{"data":"Heavy Blade","floor":44,"key":"SMITH"}],"neow_cost":"NONE","seed_source_timestamp":19280867256400,"circlet_count":0,"master_deck":["Strike_R","Strike_R","Strike_R","Defend_R+1","Defend_R","Defend_R","Defend_R","Bash+1","Perfected Strike+1","Wild Strike","Inflame","Headbutt","Infernal Blade+1","Thunderclap","Cleave","Heavy Blade+1","Wild Strike","Demon Form+1","Intimidate","Shrug It Off+1","Battle Trance","Rampage","True Grit+1","Shrug It Off+1","Armaments+1","Exhume+1","Discovery+1","Metamorphosis+1","Intimidate+1","Seeing Red+1","Limit Break+1","Warcry+1","Madness+1","Madness+1","Cleave+1","Ghostly Armor+1","Seeing Red+1","Dropkick"],"relics":["Black Blood","NeowsBlessing","Gremlin Horn","Sundial","MawBank","Pen Nib","MutagenicStrength","WarpedTongs","Toxic Egg 2","Bag of Marbles","Eternal Feather","Red Mask","Regal Pillow","Blood Vial"],"potions_floor_usage":[16,20,21,27,28,28,31,47],"damage_taken":[{"damage":0,"enemies":"Cultist","floor":1,"turns":1},{"damage":0,"enemies":"Small Slimes","floor":2,"turns":1},{"damage":0,"enemies":"Gremlin Nob","floor":7,"turns":1},{"damage":0,"enemies":"Jaw Worm","floor":8,"turns":2},{"damage":6,"enemies":"2 Fungi Beasts","floor":10,"turns":2},{"damage":1,"enemies":"3 Sentries","floor":11,"turns":5},{"damage":16,"enemies":"Blue Slaver","floor":12,"turns":4},{"damage":2,"enemies":"Exordium Wildlife","floor":13,"turns":2},{"damage":0,"enemies":"3 Louse","floor":14,"turns":1},{"damage":68,"enemies":"The Guardian","floor":16,"turns":7},{"damage":23,"enemies":"Shell Parasite","floor":18,"turns":3},{"damage":12,"enemies":"3 Byrds","floor":20,"turns":4},{"damage":26,"enemies":"Shelled Parasite and Fungi","floor":21,"turns":4},{"damage":18,"enemies":"Snake Plant","floor":24,"turns":2},{"damage":15,"enemies":"3 Cultists","floor":27,"turns":4},{"damage":35,"enemies":"Slavers","floor":28,"turns":5},{"damage":0,"enemies":"Shelled Parasite and Fungi","floor":30,"turns":1},{"damage":33,"enemies":"Centurion and Healer","floor":31,"turns":6},{"damage":35,"enemies":"Collector","floor":33,"turns":6},{"damage":19,"enemies":"3 Shapes","floor":35,"turns":2},{"damage":15,"enemies":"Orb Walker","floor":39,"turns":4},{"damage":52,"enemies":"2 Orb Walkers","floor":41,"turns":5},{"damage":23,"enemies":"Transient","floor":45,"turns":5},{"damage":11,"enemies":"Sphere and 2 Shapes","floor":46,"turns":3},{"damage":49,"enemies":"Maw","floor":47,"turns":7}],"seed_played":"-7820912340057504246","potions_obtained":[{"floor":1,"key":"SmokeBomb"},{"floor":8,"key":"Swift Potion"},{"floor":12,"key":"FearPotion"},{"floor":14,"key":"Ancient Potion"},{"floor":16,"key":"SmokeBomb"},{"floor":18,"key":"Energy Potion"},{"floor":20,"key":"AttackPotion"},{"floor":24,"key":"Regen Potion"},{"floor":28,"key":"Poison Potion"},{"floor":41,"key":"Energy Potion"}],"is_trial":false,"path_per_floor":["M","M","?","?","T","R","E","M","T","M","E","M","M","M","R","B",null,"M","?","M","M","$","R","M","?","T","M","E","$","M","M","R","B",null,"M","?","$","?","M","R","E","?","T","R","M","M"],"character_chosen":"IRONCLAD","items_purchased":["Armaments+1","Exhume+1","Discovery+1","Metamorphosis+1"],"campfire_rested":2,"item_purchase_floors":[29,29,29,29],"current_hp_per_floor":[80,80,64,64,64,64,70,76,76,76,80,70,74,80,80,18,80,67,67,65,49,49,73,65,65,65,72,47,47,57,34,58,33,80,71,71,71,61,56,77,35,35,35,56,45,46,0],"gold":119,"neow_bonus":"THREE_ENEMY_KILL","is_prod":false,"is_daily":false,"chose_seed":false,"campfire_upgraded":4,"win_rate":0,"timestamp":1538926658,"path_taken":["M","?","?","?","?","R","E","M","T","?","E","?","M","M","R","BOSS","M","?","?","M","$","R","M","?","T","?","E","$","?","M","R","BOSS","M","?","$","?","M","R","E","?","T","R","M","?","?"],"build_version":"2018-10-04v2","purchased_purges":2,"victory":false,"max_hp_per_floor":[80,80,80,80,80,80,80,80,80,80,80,80,80,80,80,80,80,80,80,80,80,80,80,80,80,80,80,80,80,80,80,80,80,80,80,80,80,80,80,80,80,80,80,80,80,80,80],"card_choices":[{"not_picked":["Power Through","Pommel Strike"],"picked":"Perfected Strike","floor":1},{"not_picked":["Intimidate","Shrug It Off"],"picked":"Wild Strike","floor":2},{"not_picked":["Warcry","True Grit"],"picked":"Inflame","floor":7},{"not_picked":["Carnage","Sentinel"],"picked":"Headbutt","floor":8},{"not_picked":["True Grit","Blood for Blood"],"picked":"Infernal Blade","floor":10},{"not_picked":["Dual Wield","Headbutt"],"picked":"Thunderclap","floor":11},{"not_picked":["Disarm","Barricade"],"picked":"Cleave","floor":12},{"not_picked":["Dual Wield","Havoc"],"picked":"Heavy Blade","floor":13},{"not_picked":["Rage","Dual Wield"],"picked":"Wild Strike","floor":14},{"not_picked":["Immolate","Berserk"],"picked":"Demon Form","floor":16},{"not_picked":["Thunderclap","Sword Boomerang"],"picked":"Intimidate","floor":18},{"not_picked":["Anger","Entrench"],"picked":"Shrug It Off+1","floor":20},{"not_picked":["Feel No Pain","Reckless Charge"],"picked":"Battle Trance","floor":21},{"not_picked":["Rage","Rupture"],"picked":"Rampage","floor":24},{"not_picked":["Havoc+1","Fire Breathing+1"],"picked":"True Grit+1","floor":27},{"not_picked":["Sword Boomerang","Infernal Blade+1"],"picked":"Shrug It Off+1","floor":28},{"not_picked":["Clash+1","Twin Strike"],"picked":"Intimidate+1","floor":30},{"not_picked":["Pommel Strike","Headbutt"],"picked":"Seeing Red+1","floor":31},{"not_picked":["Barricade","Berserk"],"picked":"Limit Break+1","floor":33},{"not_picked":["Dual Wield+1","Sword Boomerang+1"],"picked":"Warcry+1","floor":35},{"not_picked":["Clothesline+1","Thunderclap"],"picked":"Cleave+1","floor":39},{"not_picked":["Bloodletting+1","Clash"],"picked":"Ghostly Armor+1","floor":41},{"not_picked":["Shrug It Off+1","Cleave+1"],"picked":"Seeing Red+1","floor":45},{"not_picked":["Warcry+1","Blood for Blood+1"],"picked":"Dropkick","floor":46}],"player_experience":239096,"relics_obtained":[{"floor":5,"key":"Gremlin Horn"},{"floor":7,"key":"Sundial"},{"floor":9,"key":"MawBank"},{"floor":11,"key":"Pen Nib"},{"floor":26,"key":"Toxic Egg 2"},{"floor":28,"key":"Bag of Marbles"},{"floor":41,"key":"Regal Pillow"},{"floor":43,"key":"Blood Vial"}],"event_choices":[{"event_name":"Shining Light","player_choice":"Entered Light","floor":3,"damage_taken":0},{"event_name":"The Cleric","player_choice":"Leave","floor":4,"damage_taken":0},{"event_name":"Drug Dealer","player_choice":"Inject Mutagens","floor":19,"damage_taken":0},{"event_name":"Accursed Blacksmith","player_choice":"Rummage","floor":25,"damage_taken":0},{"event_name":"Tomb of Lord Red Mask","player_choice":"Paid","floor":36,"damage_taken":0},{"event_name":"Winding Halls","player_choice":"Embrace Madness","floor":38,"damage_taken":0},{"event_name":"Purifier","player_choice":"One Purge","floor":42,"damage_taken":0}],"is_beta":false,"boss_relics":[{"not_picked":["Coffee Dripper","Philosopher\u0027s Stone"],"picked":"Black Blood"},{"not_picked":["Runic Dome","Empty Cage"],"picked":"Eternal Feather"}],"items_purged_floors":[22,29],"is_endless":false,"potions_floor_spawned":[1,8,12,14,16,18,20,24,28,41],"killed_by":"Maw","ascension_level":2}