{"gold_per_floor":[361,205,205,253,253,287,307,325,348,378,378,39,39,65,65,169,169,185,185,204,232,249,282,282,299,326,351,370,370,370,381,381,482,482,493,493,272,285,296,328,88,88,88,88,88,88,114,127,127,127],"floor_reached":50,"playtime":3194,"items_purged":["Clumsy"],"score":714,"play_id":"5490867c-ce86-485d-8dd1-3d86b2f22a13","local_time":"20181201180904","is_ascension_mode":true,"campfire_choices":[{"data":"Perfected Strike","floor":11.0,"key":"SMITH"},{"floor":15.0,"key":"REST"},{"data":"Havoc","floor":24,"key":"SMITH"},{"data":"Armaments","floor":30,"key":"SMITH"},{"floor":32,"key":"REST"},{"floor":42,"key":"REST"},{"floor":45,"key":"REST"},{"floor":49,"key":"REST"}],"neow_cost":"CURSE","seed_source_timestamp":0,"circlet_count":0,"master_deck":["Strike_R","Strike_R","Strike_R","Strike_R","Strike_R","Defend_R","Defend_R","Defend_R","Defend_R","Bash","Perfected Strike+1","Corruption+1","Whirlwind","Shrug It Off","Infernal Blade","Rage","Seeing Red","Metallicize+1","Exhume","Armaments","Perfected Strike","Armaments","Iron Wave","Fire Breathing+1","Rupture+1","Havoc+1","Bloodletting","Armaments+1","True Grit+1","True Grit","Flex","Reaper","Bloodletting","Sentinel","The Bomb","Rupture+1","Headbutt","Rupture+1","Perfected Strike","Limit Break","Dual Wield","Madness","Madness","Armaments+1"],"special_seed":0,"relics":["Burning Blood","Potion Belt","Lantern","Pen Nib","Vajra","Red Skull","Frozen Egg 2","FaceOfCleric","Boot","Orrery","Red Mask","Dead Branch","Happy Flower","PreservedInsect","Fusion Hammer","Mummified Hand","Kunai","Omamori"],"potions_floor_usage":[27,31,39,40,47,50],"damage_taken":[{"damage":1.0,"enemies":"Cultist","floor":1.0,"turns":3.0},{"damage":16.0,"enemies":"Lagavulin","floor":6.0,"turns":6.0},{"damage":4.0,"enemies":"Jaw Worm","floor":7.0,"turns":3.0},{"damage":10.0,"enemies":"2 Louse","floor":8.0,"turns":3.0},{"damage":9.0,"enemies":"3 Sentries","floor":10.0,"turns":3.0},{"damage":15.0,"enemies":"Lagavulin","floor":14.0,"turns":4.0},{"damage":31.0,"enemies":"Hexaghost","floor":16.0,"turns":7.0},{"damage":15.0,"enemies":"Spheric Guardian","floor":18.0,"turns":4.0},{"damage":3.0,"enemies":"3 Byrds","floor":20.0,"turns":4.0},{"damage":0.0,"enemies":"Masked Bandits","floor":21.0,"turns":2.0},{"damage":14.0,"enemies":"Snecko","floor":22.0,"turns":3.0},{"damage":29.0,"enemies":"Slavers","floor":23.0,"turns":5.0},{"damage":25,"enemies":"Snake Plant","floor":25,"turns":4},{"damage":25,"enemies":"Gremlin Leader","floor":27,"turns":4},{"damage":8,"enemies":"3 Cultists","floor":28,"turns":3},{"damage":8,"enemies":"Snecko","floor":31,"turns":4},{"damage":56,"enemies":"Collector","floor":33,"turns":8},{"damage":11,"enemies":"3 Shapes","floor":35,"turns":4},{"damage":21,"enemies":"3 Darklings","floor":38,"turns":5},{"damage":47,"enemies":"Transient","floor":39,"turns":5},{"damage":20,"enemies":"Nemesis","floor":40,"turns":5},{"damage":68,"enemies":"Reptomancer","floor":47,"turns":3},{"damage":8,"enemies":"4 Shapes","floor":48,"turns":2},{"damage":93,"enemies":"Donu and Deca","floor":50,"turns":5}],"seed_played":"-1519235191300994020","potions_obtained":[{"floor":6.0,"key":"Fire Potion"},{"floor":8.0,"key":"Block Potion"},{"floor":16.0,"key":"FearPotion"},{"floor":22.0,"key":"EssenceOfSteel"},{"floor":25,"key":"FearPotion"},{"floor":28,"key":"AttackPotion"},{"floor":33,"key":"Weak Potion"},{"floor":39,"key":"FearPotion"},{"floor":40,"key":"Energy Potion"},{"floor":48,"key":"SteroidPotion"}],"is_trial":false,"path_per_floor":["M","$","?","T","?","E","M","M","T","E","R","$","?","E","R","B",null,"M","$","M","?","M","E","R","M","T","E","M","?","R","M","R","B",null,"M","?","$","M","M","E","$","R","T","$","R","?","E","M","R","B"],"character_chosen":"IRONCLAD","items_purchased":["Corruption","Frozen Egg 2","Seeing Red","Sentinel","The Bomb","Perfected Strike","Limit Break","Dual Wield"],"campfire_rested":5,"item_purchase_floors":[2,12,12,37,37,41,41,41],"current_hp_per_floor":[80,80,62,62,62,52,54,50,50,47,47,47,47,39,63,39,82,74,74,78,85,78,56,56,38,38,20,19,49,49,48,75,26,92,88,88,88,74,47,34,34,62,62,62,90,78,17,40,69,0],"gold":127,"neow_bonus":"TWO_FIFTY_GOLD","is_prod":false,"is_daily":false,"chose_seed":false,"campfire_upgraded":3,"win_rate":0,"timestamp":1543684144,"path_taken":["M","$","?","?","?","E","?","M","T","E","R","$","?","E","R","BOSS","M","$","M","?","M","E","R","M","T","E","M","?","R","M","R","BOSS","M","?","$","?","M","E","?","R","T","$","R","?","E","M","R","BOSS"],"build_version":"2018-11-15","purchased_purges":1,"victory":false,"max_hp_per_floor":[80,80,80,80,80,80,80,80,80,80,80,80,80,81,81,82,82,83,83,84,85,86,87,87,88,88,89,90,90,90,91,91,92,92,93,93,93,94,95,96,96,96,96,96,96,96,97,98,98,98],"card_choices":[{"not_picked":["Ghostly Armor","Second Wind"],"picked":"Perfected Strike","floor":1.0},{"not_picked":["Twin Strike","Pommel Strike"],"picked":"Whirlwind","floor":6.0},{"not_picked":["Cleave","Metallicize"],"picked":"Shrug It Off","floor":7.0},{"not_picked":["Headbutt","Havoc"],"picked":"Infernal Blade","floor":8.0},{"not_picked":["Evolve","Combust"],"picked":"Rage","floor":10.0},{"not_picked":["Burning Pact","Wild Strike"],"picked":"Metallicize+1","floor":14.0},{"not_picked":["Fiend Fire","Limit Break"],"picked":"Exhume","floor":16.0},{"not_picked":["Anger","Spot Weakness"],"picked":"Armaments","floor":17.0},{"not_picked":["Flame Barrier","Feel No Pain+1"],"picked":"Perfected Strike","floor":17.0},{"not_picked":["Havoc","Twin Strike"],"picked":"Armaments","floor":17.0},{"not_picked":["Havoc","Pommel Strike"],"picked":"Iron Wave","floor":17.0},{"not_picked":["Offering","Twin Strike"],"picked":"Fire Breathing+1","floor":17.0},{"not_picked":["Shockwave","Combust+1"],"picked":"Rupture+1","floor":18.0},{"not_picked":["Heavy Blade","Pommel Strike"],"picked":"Havoc","floor":20.0},{"not_picked":["Havoc","Headbutt"],"picked":"Bloodletting","floor":21.0},{"not_picked":["Wild Strike","Burning Pact"],"picked":"Armaments","floor":22.0},{"not_picked":["Heavy Blade","Burning Pact"],"picked":"True Grit+1","floor":23.0},{"not_picked":["Clothesline","Body Slam+1"],"picked":"True Grit","floor":25},{"not_picked":["Whirlwind","Iron Wave","Sword Boomerang"],"picked":"SKIP","floor":27},{"not_picked":["Shockwave","Carnage","Body Slam"],"picked":"SKIP","floor":28},{"not_picked":["Body Slam+1","Sword Boomerang"],"picked":"Flex","floor":31},{"not_picked":["Berserk+1","Feed"],"picked":"Reaper","floor":33},{"not_picked":["Body Slam","Anger+1"],"picked":"Bloodletting","floor":35},{"not_picked":["Clash","Headbutt"],"picked":"Rupture+1","floor":38},{"not_picked":["Clash+1","Searing Blow"],"picked":"Headbutt","floor":39},{"not_picked":["Exhume","Battle Trance+1"],"picked":"Rupture+1","floor":40},{"not_picked":["Infernal Blade","Burning Pact"],"picked":"Armaments+1","floor":47},{"not_picked":["Wild Strike+1","Pommel Strike","Twin Strike"],"picked":"SKIP","floor":48}],"player_experience":260228,"relics_obtained":[{"floor":4.0,"key":"Lantern"},{"floor":6.0,"key":"Pen Nib"},{"floor":9.0,"key":"Vajra"},{"floor":10.0,"key":"Red Skull"},{"floor":14.0,"key":"Boot"},{"floor":21.0,"key":"Red Mask"},{"floor":23.0,"key":"Dead Branch"},{"floor":26,"key":"Happy Flower"},{"floor":27,"key":"PreservedInsect"},{"floor":40,"key":"Mummified Hand"},{"floor":43,"key":"Kunai"},{"floor":47,"key":"Omamori"}],"event_choices":[{"damage_healed":0.0,"max_hp_gain":0.0,"max_hp_loss":0.0,"gold_gain":0.0,"event_name":"Scrap Ooze","player_choice":"Success","floor":3.0,"gold_loss":0.0,"damage_taken":18.0,"relics_obtained":["Potion Belt"]},{"damage_healed":0.0,"max_hp_gain":0.0,"max_hp_loss":0.0,"gold_gain":0.0,"event_name":"Liars Game","player_choice":"Ignored","floor":5.0,"gold_loss":0.0,"damage_taken":0.0},{"damage_healed":0.0,"max_hp_gain":0.0,"max_hp_loss":0.0,"gold_gain":0.0,"event_name":"FaceTrader","player_choice":"Trade","floor":13.0,"gold_loss":0.0,"damage_taken":0.0,"relics_obtained":["FaceOfCleric"]},{"damage_healed":0.0,"max_hp_gain":0.0,"max_hp_loss":0.0,"gold_gain":0.0,"event_name":"Masked Bandits","player_choice":"Fought Bandits","floor":21.0,"gold_loss":0.0,"damage_taken":0.0},{"damage_healed":30,"gold_gain":0,"player_choice":"Heal","damage_taken":0,"max_hp_gain":0,"max_hp_loss":0,"event_name":"The Library","floor":29,"gold_loss":0},{"damage_healed":0,"gold_gain":0,"player_choice":"Upgraded","damage_taken":0,"max_hp_gain":0,"max_hp_loss":0,"event_name":"Upgrade Shrine","floor":36,"gold_loss":0,"cards_upgraded":["Corruption"]},{"damage_healed":0,"gold_gain":0,"player_choice":"Embrace Madness","damage_taken":12,"max_hp_gain":0,"max_hp_loss":0,"event_name":"Winding Halls","floor":46,"gold_loss":0,"cards_obtained":["Madness","Madness"]}],"is_beta":false,"boss_relics":[{"not_picked":["Cursed Key","Runic Pyramid"],"picked":"Orrery"},{"not_picked":["Coffee Dripper","Astrolabe"],"picked":"Fusion Hammer"}],"items_purged_floors":[2],"is_endless":false,"potions_floor_spawned":[6,8,16,22,25,28,33,39,40,48],"killed_by":"Donu and Deca","ascension_level":2}