{"gold_per_floor":[109,129,129,129,144,171,183,195],"floor_reached":8,"playtime":255,"items_purged":[],"score":109,"play_id":"29e0c651-6b68-42e9-b2d2-d99b3d87f6f0","local_time":"20190207224919","is_ascension_mode":true,"campfire_choices":[{"floor":7.0,"key":"REST"}],"neow_cost":"NONE","seed_source_timestamp":0,"circlet_count":0,"master_deck":["AscendersBane","Strike_R","Strike_R","Strike_R","Strike_R","Strike_R","Defend_R","Defend_R+1","Defend_R","Defend_R","Bash","Corruption","Flame Barrier+1","Sentinel","Havoc"],"special_seed":0,"relics":["Burning Blood","NeowsBlessing","FaceOfCleric","MawBank"],"potions_floor_usage":[8],"damage_taken":[{"damage":0.0,"enemies":"Jaw Worm","floor":1.0,"turns":1.0},{"damage":0.0,"enemies":"2 Louse","floor":2.0,"turns":1.0},{"damage":0.0,"enemies":"Cultist","floor":5.0,"turns":1.0},{"damage":39.0,"enemies":"Lagavulin","floor":6.0,"turns":9.0},{"damage":66,"enemies":"3 Sentries","floor":8,"turns":8}],"seed_played":"-8915792788942677719","potions_obtained":[{"floor":1.0,"key":"Regen Potion"},{"floor":6.0,"key":"Energy Potion"}],"is_trial":false,"path_per_floor":["M","M","?","?","M","E","R","E"],"character_chosen":"IRONCLAD","items_purchased":[],"campfire_rested":1,"item_purchase_floors":[],"current_hp_per_floor":[74,75,52,52,59,42,65,0],"gold":195,"neow_bonus":"THREE_ENEMY_KILL","is_prod":false,"is_daily":false,"chose_seed":false,"campfire_upgraded":0,"win_rate":0,"timestamp":1549572559,"path_taken":["M","M","?","?","?","E","R","E"],"build_version":"2019-02-06","purchased_purges":0,"victory":false,"max_hp_per_floor":[75,75,75,75,76,77,77,77],"card_choices":[{"not_picked":["Blood for Blood","Anger"],"picked":"Corruption","floor":1.0},{"not_picked":["Pommel Strike","Intimidate"],"picked":"Flame Barrier","floor":2.0},{"not_picked":["Reckless Charge","Perfected Strike"],"picked":"Sentinel","floor":5.0},{"not_picked":["Searing Blow","Shockwave"],"picked":"Havoc","floor":6.0}],"player_experience":435644,"relics_obtained":[{"floor":6.0,"key":"MawBank"}],"event_choices":[{"damage_healed":0.0,"max_hp_gain":0.0,"max_hp_loss":0.0,"gold_gain":0.0,"event_name":"Shining Light","player_choice":"Entered Light","floor":3.0,"gold_loss":0.0,"damage_taken":23.0,"cards_upgraded":["Defend_R","Flame Barrier"]},{"damage_healed":0.0,"max_hp_gain":0.0,"max_hp_loss":0.0,"gold_gain":0.0,"event_name":"FaceTrader","player_choice":"Trade","floor":4.0,"gold_loss":0.0,"damage_taken":0.0,"relics_obtained":["FaceOfCleric"]}],"is_beta":true,"boss_relics":[],"items_purged_floors":[],"is_endless":false,"potions_floor_spawned":[1,6],"killed_by":"3 Sentries","ascension_level":19}