{"gold_per_floor":[211,211,229,31,47,47,47,47,74,107,126,189,189,206,206,307,307,326,475,494,505,555,555,568,585,585,635,705,705,755,772,772,772],"floor_reached":33,"playtime":1545,"items_purged":[],"score":402,"play_id":"0dc26cb6-187c-4106-91ca-e30d2f28a2ce","local_time":"20190511123433","is_ascension_mode":true,"campfire_choices":[{"data":"Armaments","floor":6,"key":"SMITH"},{"data":"Bash","floor":8,"key":"SMITH"},{"data":"Flame Barrier","floor":13,"key":"SMITH"},{"data":"Uppercut","floor":15,"key":"SMITH"},{"data":"Shrug It Off","floor":23,"key":"SMITH"},{"floor":29,"key":"REST"},{"floor":32,"key":"REST"}],"neow_cost":"NONE","seed_source_timestamp":1191767805866741,"circlet_count":0,"master_deck":["AscendersBane","Strike_R","Strike_R","Strike_R","Strike_R","Strike_R","Defend_R","Defend_R","Defend_R","Defend_R","Bash+1","Uppercut+1","Armaments+1","PiercingWail","Flame Barrier+1","Shrug It Off+1","Impervious","Cold Snap","Flame Barrier+1","Ball Lightning","Spot Weakness","PiercingWail"],"relics":["Burning Blood","Paper Frog","PrismaticShard","SsserpentHead","Boot","Happy Flower","Velvet Choker","Matryoshka"],"potions_floor_usage":[10,16,21,24,33],"damage_taken":[{"damage":1,"enemies":"Cultist","floor":1,"turns":4},{"damage":9,"enemies":"Jaw Worm","floor":3,"turns":3},{"damage":7,"enemies":"2 Louse","floor":5,"turns":3},{"damage":25,"enemies":"Gremlin Nob","floor":10,"turns":4},{"damage":1,"enemies":"Looter","floor":11,"turns":3},{"damage":5,"enemies":"2 Fungi Beasts","floor":12,"turns":4},{"damage":7,"enemies":"Gremlin Gang","floor":14,"turns":7},{"damage":20,"enemies":"Hexaghost","floor":16,"turns":12},{"damage":2,"enemies":"Spheric Guardian","floor":18,"turns":7},{"damage":5,"enemies":"3 Byrds","floor":20,"turns":6},{"damage":3,"enemies":"Cultist and Chosen","floor":21,"turns":9},{"damage":19,"enemies":"Sentry and Sphere","floor":24,"turns":7},{"damage":8,"enemies":"Snecko","floor":25,"turns":5},{"damage":53,"enemies":"3 Cultists","floor":28,"turns":10},{"damage":12,"enemies":"Shelled Parasite and Fungi","floor":31,"turns":6},{"damage":75,"enemies":"Collector","floor":33,"turns":12}],"seed_played":"6868843472094281484","potions_obtained":[{"floor":1,"key":"SkillPotion"},{"floor":10,"key":"Regen Potion"},{"floor":14,"key":"Ancient Potion"},{"floor":16,"key":"Fire Potion"},{"floor":31,"key":"Dexterity Potion"}],"is_trial":false,"path_per_floor":["M","T","M","$","M","R","?","R","T","E","M","M","R","M","R","B",null,"M","?","M","M","?","R","M","M","T","?","M","R","?","M","R","B"],"character_chosen":"IRONCLAD","items_purchased":["PrismaticShard"],"campfire_rested":2,"item_purchase_floors":[4],"current_hp_per_floor":[77,77,74,74,73,73,73,73,73,54,59,60,60,59,59,60,75,79,79,80,80,80,80,67,65,65,65,18,42,42,36,60,0],"gold":772,"neow_bonus":"HUNDRED_GOLD","is_prod":false,"is_daily":false,"chose_seed":false,"campfire_upgraded":5,"win_rate":0,"timestamp":1557603273,"path_taken":["M","?","M","$","M","R","?","R","T","E","M","?","R","M","R","BOSS","M","?","M","M","?","R","M","M","T","?","?","R","?","M","R","BOSS"],"build_version":"2019-01-23","purchased_purges":0,"victory":false,"max_hp_per_floor":[80,80,80,80,80,80,80,80,80,80,80,80,80,80,80,80,80,80,80,80,80,80,80,80,80,80,80,80,80,80,80,80,80],"card_choices":[{"not_picked":["Intimidate","Iron Wave"],"picked":"Uppercut","floor":1},{"not_picked":["Pommel Strike","Spot Weakness"],"picked":"Armaments","floor":3},{"not_picked":["Doom and Gloom","Havoc","Barrage"],"picked":"SKIP","floor":5},{"not_picked":["Steam Power","Bouncing Flask"],"picked":"PiercingWail","floor":10},{"not_picked":["Recycle","Blade Dance","Anger"],"picked":"SKIP","floor":11},{"not_picked":["Evolve","Conserve Battery"],"picked":"Flame Barrier","floor":12},{"not_picked":["Deadly Poison","Choke"],"picked":"Shrug It Off","floor":14},{"not_picked":["The Bomb","Apotheosis"],"picked":"Impervious","floor":16},{"not_picked":["Hello World","Warcry","Beam Cell"],"picked":"SKIP","floor":18},{"not_picked":["Backstab","Reflex","Stack"],"picked":"SKIP","floor":20},{"not_picked":["Backstab","Reflex","Stack"],"picked":"SKIP","floor":20},{"not_picked":["Outmaneuver","Dropkick","Accuracy+1"],"picked":"SKIP","floor":21},{"not_picked":["Sucker Punch","Stack","Twin Strike"],"picked":"SKIP","floor":24},{"not_picked":["True Grit","Pommel Strike"],"picked":"Cold Snap","floor":25},{"not_picked":["Gash+1","Unload"],"picked":"Ball Lightning","floor":28},{"not_picked":["Dodge and Roll","Forethought"],"picked":"PiercingWail","floor":31}],"player_experience":362873,"relics_obtained":[{"floor":2,"key":"Paper Frog"},{"floor":9,"key":"Boot"},{"floor":10,"key":"Happy Flower"},{"floor":26,"key":"Matryoshka"}],"event_choices":[{"damage_healed":0,"gold_gain":0,"player_choice":"Trade","damage_taken":0,"relics_obtained":["SsserpentHead"],"max_hp_gain":0,"max_hp_loss":0,"event_name":"FaceTrader","floor":7,"gold_loss":0},{"damage_healed":0,"gold_gain":99,"player_choice":"Stole From Cult","damage_taken":0,"max_hp_gain":0,"max_hp_loss":0,"event_name":"Nest","floor":19,"gold_loss":0},{"damage_healed":0,"gold_gain":0,"player_choice":"Ignored","damage_taken":0,"max_hp_gain":0,"max_hp_loss":0,"event_name":"Vampires","floor":22,"gold_loss":0},{"damage_healed":0,"gold_gain":0,"player_choice":"Copied","damage_taken":0,"max_hp_gain":0,"max_hp_loss":0,"event_name":"Duplicator","floor":27,"gold_loss":0,"cards_obtained":["Flame Barrier"]},{"damage_healed":0,"gold_gain":0,"player_choice":"Read","damage_taken":0,"max_hp_gain":0,"max_hp_loss":0,"event_name":"The Library","floor":30,"gold_loss":0,"cards_obtained":["Spot Weakness"]}],"is_beta":false,"boss_relics":[{"not_picked":["Pandora\u0027s Box","Black Star"],"picked":"Velvet Choker"}],"items_purged_floors":[],"is_endless":false,"potions_floor_spawned":[1,10,14,16,18,20,31],"killed_by":"Collector","ascension_level":12}