{"gold_per_floor":[110,128,128,139,64,64,95,113,113,113,138,166,199,216,216,313,313,326,342,342,359,372,372,390,390,415,426,291,291,391,100,100,197,197,210,120,21,21,39,39,49,49,49,49,60,9,20,20,20,20],"floor_reached":51,"playtime":2859,"items_purged":["Strike_G","Strike_G","Strike_G","Defend_G"],"score":1028,"play_id":"18adfbdc-08c5-4846-a59e-ef2c43678200","local_time":"20190509202228","is_ascension_mode":true,"campfire_choices":[{"data":"Riddle With Holes","floor":6,"key":"SMITH"},{"data":"Well Laid Plans","floor":10,"key":"SMITH"},{"data":"Adrenaline","floor":15,"key":"SMITH"},{"floor":23,"key":"REST"},{"data":"Well Laid Plans","floor":32,"key":"SMITH"},{"data":"Night Terror","floor":40,"key":"SMITH"},{"floor":42,"key":"REST"},{"floor":49,"key":"REST"}],"neow_cost":"NONE","seed_source_timestamp":1045725088148022,"circlet_count":0,"master_deck":["Defend_G","Defend_G","Defend_G","Strike_G+1","Survivor+1","Neutralize+1","Masterful Stab","Noxious Fumes","Storm of Steel","Riddle With Holes+1","Leg Sweep","Well Laid Plans+1","Corpse Explosion","Crippling Poison","Adrenaline+1","Leg Sweep+1","Skewer","Bouncing Flask+1","Good Instincts","Well Laid Plans+1","Envenom","Dash","Night Terror+1","Backflip","Deflect","Secret Technique","Flechettes+1","Cloak And Dagger+1","PiercingWail+1","Madness","Madness"],"relics":["Ring of the Snake","Smiling Mask","Juzu Bracelet","Sundial","Odd Mushroom","Ninja Scroll","Philosopher\u0027s Stone","Meat on the Bone","Whetstone","Tough Bandages","Bottled Flame","WristBlade","Potion Belt"],"potions_floor_usage":[7,11,13,14,30,33,50,50,50,50,50],"damage_taken":[{"damage":0,"enemies":"Jaw Worm","floor":1,"turns":5},{"damage":0,"enemies":"Cultist","floor":2,"turns":3},{"damage":0,"enemies":"2 Louse","floor":4,"turns":3},{"damage":0,"enemies":"Gremlin Nob","floor":7,"turns":3},{"damage":0,"enemies":"Gremlin Gang","floor":8,"turns":7},{"damage":0,"enemies":"3 Sentries","floor":11,"turns":7},{"damage":0,"enemies":"The Mushroom Lair","floor":12,"turns":2},{"damage":14,"enemies":"Gremlin Nob","floor":13,"turns":4},{"damage":4,"enemies":"Red Slaver","floor":14,"turns":5},{"damage":12,"enemies":"Slime Boss","floor":16,"turns":9},{"damage":3,"enemies":"Spheric Guardian","floor":18,"turns":4},{"damage":2,"enemies":"Shell Parasite","floor":19,"turns":5},{"damage":18,"enemies":"Snake Plant","floor":21,"turns":6},{"damage":16,"enemies":"Centurion and Healer","floor":22,"turns":7},{"damage":0,"enemies":"Snecko","floor":24,"turns":5},{"damage":0,"enemies":"Snake Plant","floor":27,"turns":4},{"damage":1,"enemies":"Colosseum Slavers","floor":30,"turns":2},{"damage":0,"enemies":"Colosseum Nobs","floor":30,"turns":3},{"damage":43,"enemies":"Champ","floor":33,"turns":12},{"damage":1,"enemies":"Orb Walker","floor":35,"turns":4},{"damage":0,"enemies":"3 Shapes","floor":39,"turns":5},{"damage":10,"enemies":"Writhing Mass","floor":41,"turns":8},{"damage":0,"enemies":"4 Shapes","floor":45,"turns":1},{"damage":0,"enemies":"Jaw Worm Horde","floor":47,"turns":2},{"damage":46,"enemies":"Donu and Deca","floor":50,"turns":7}],"seed_played":"-6269206278069235088","potions_obtained":[{"floor":2,"key":"SteroidPotion"},{"floor":4,"key":"Swift Potion"},{"floor":7,"key":"EssenceOfSteel"},{"floor":13,"key":"Regen Potion"},{"floor":16,"key":"Dexterity Potion"},{"floor":19,"key":"Weak Potion"},{"floor":22,"key":"Explosive Potion"},{"floor":27,"key":"EssenceOfSteel"},{"floor":30,"key":"Poison Potion"},{"floor":35,"key":"FearPotion"},{"floor":47,"key":"Energy Potion"}],"is_trial":false,"path_per_floor":["M","M","?","M","$","R","E","M","T","R","E","?","E","M","R","B",null,"M","M","?","M","M","R","M","?","T","M","$","?","?","$","R","B",null,"M","?","$","?","M","R","M","R","T","$","M","$","M","?","R","B",null],"character_chosen":"THE_SILENT","items_purchased":["Good Instincts","Envenom","Dash","Dexterity Potion","Deflect","Swift Potion"],"campfire_rested":3,"item_purchase_floors":[28,31,31,31,37,46],"current_hp_per_floor":[70,70,70,70,70,70,70,70,70,70,70,70,56,67,67,55,72,69,67,67,49,45,68,68,61,61,61,61,61,60,60,60,29,65,64,64,64,64,64,64,54,77,77,77,77,77,77,67,77,43],"gold":20,"neow_bonus":"TEN_PERCENT_HP_BONUS","is_prod":false,"is_daily":false,"chose_seed":false,"campfire_upgraded":5,"win_rate":0,"timestamp":1557458548,"path_taken":["M","M","?","M","?","R","E","M","T","R","E","?","E","M","R","BOSS","M","M","?","M","M","R","M","?","T","M","?","?","?","$","R","BOSS","M","?","$","?","M","R","M","R","T","$","M","$","M","?","R","BOSS"],"build_version":"2019-01-23","purchased_purges":4,"victory":true,"max_hp_per_floor":[77,77,77,77,77,77,77,77,77,77,77,77,77,77,77,77,77,77,77,77,77,77,77,77,77,77,77,77,77,77,77,77,77,77,77,77,77,77,77,77,77,77,77,77,77,77,77,77,77,77],"card_choices":[{"not_picked":["Blade Dance","Dodge and Roll"],"picked":"Masterful Stab","floor":1},{"not_picked":["Concentrate","Dagger Spray"],"picked":"Noxious Fumes","floor":2},{"not_picked":["Dagger Spray","Dagger Throw"],"picked":"Riddle With Holes","floor":4},{"not_picked":["Riddle With Holes","Tactician"],"picked":"Leg Sweep","floor":7},{"not_picked":["Outmaneuver","Blade Dance"],"picked":"Well Laid Plans","floor":8},{"not_picked":["Accuracy","Cloak And Dagger"],"picked":"Corpse Explosion","floor":11},{"not_picked":["Deflect","Dodge and Roll"],"picked":"Crippling Poison","floor":13},{"not_picked":["Sucker Punch","Calculated Gamble"],"picked":"Adrenaline","floor":14},{"not_picked":["Noxious Fumes","Quick Slash","Riddle With Holes+1"],"picked":"SKIP","floor":18},{"not_picked":["Poisoned Stab+1","Caltrops"],"picked":"Leg Sweep+1","floor":19},{"not_picked":["Riddle With Holes","Flying Knee","Underhanded Strike"],"picked":"SKIP","floor":21},{"not_picked":["Quick Slash","Calculated Gamble"],"picked":"Skewer","floor":22},{"not_picked":["Quick Slash","Outmaneuver"],"picked":"Bouncing Flask+1","floor":24},{"not_picked":["Slice","Sucker Punch+1","Calculated Gamble"],"picked":"SKIP","floor":27},{"not_picked":["Escape Plan","Dagger Spray+1"],"picked":"Well Laid Plans","floor":30},{"not_picked":["Venomology","Envenom"],"picked":"Night Terror","floor":33},{"not_picked":["Poisoned Stab","Dagger Throw"],"picked":"Backflip","floor":35},{"not_picked":["Purity","Enlightenment"],"picked":"Secret Technique","floor":38},{"not_picked":["Blade Dance","Dodge and Roll","Dagger Spray"],"picked":"SKIP","floor":39},{"not_picked":["Slice","Tactician"],"picked":"Flechettes+1","floor":41},{"not_picked":["Dodge and Roll","Acrobatics"],"picked":"Cloak And Dagger+1","floor":45},{"not_picked":["Bane+1","Sucker Punch+1"],"picked":"PiercingWail+1","floor":47}],"player_experience":345206,"relics_obtained":[{"floor":7,"key":"Smiling Mask"},{"floor":9,"key":"Juzu Bracelet"},{"floor":11,"key":"Sundial"},{"floor":12,"key":"Odd Mushroom"},{"floor":13,"key":"Ninja Scroll"},{"floor":26,"key":"Whetstone"},{"floor":30,"key":"Tough Bandages"},{"floor":30,"key":"Bottled Flame"},{"floor":43,"key":"Potion Belt"}],"event_choices":[{"damage_healed":0,"gold_gain":0,"cards_transformed":["Strike_G"],"player_choice":"Transformed","damage_taken":0,"max_hp_gain":0,"max_hp_loss":0,"event_name":"Transmorgrifier","floor":3,"gold_loss":0,"cards_obtained":["Storm of Steel"]},{"damage_healed":0,"gold_gain":0,"player_choice":"Fought Mushrooms","damage_taken":0,"max_hp_gain":0,"max_hp_loss":0,"event_name":"Mushrooms","floor":12,"gold_loss":0},{"damage_healed":0,"gold_gain":0,"player_choice":"Gave Potion","damage_taken":0,"relics_obtained":["Meat on the Bone"],"max_hp_gain":0,"max_hp_loss":0,"event_name":"WeMeetAgain","floor":20,"gold_loss":0},{"damage_healed":0,"gold_gain":0,"player_choice":"Damaged","damage_taken":7,"max_hp_gain":0,"max_hp_loss":0,"event_name":"Wheel of Change","floor":25,"gold_loss":0},{"damage_healed":0,"gold_gain":0,"player_choice":"Ignored","damage_taken":0,"max_hp_gain":0,"max_hp_loss":0,"event_name":"Ghosts","floor":29,"gold_loss":0},{"damage_healed":0,"gold_gain":0,"player_choice":"Fight","damage_taken":0,"max_hp_gain":0,"max_hp_loss":0,"event_name":"Colosseum","floor":30,"gold_loss":0},{"damage_healed":0,"gold_gain":0,"player_choice":"Fought Nobs","damage_taken":0,"max_hp_gain":0,"max_hp_loss":0,"event_name":"Colosseum","floor":30,"gold_loss":0},{"cards_removed":["Defend_G"],"damage_healed":0,"gold_gain":0,"player_choice":"Upgrade and Remove","damage_taken":0,"max_hp_gain":0,"max_hp_loss":0,"event_name":"Designer","floor":36,"gold_loss":90,"cards_upgraded":["Survivor"]},{"damage_healed":0,"gold_gain":0,"player_choice":"Memory 1","damage_taken":0,"max_hp_gain":0,"max_hp_loss":0,"event_name":"SensoryStone","floor":38,"gold_loss":0},{"damage_healed":0,"gold_gain":0,"player_choice":"Embrace Madness","damage_taken":10,"max_hp_gain":0,"max_hp_loss":0,"event_name":"Winding Halls","floor":48,"gold_loss":0,"cards_obtained":["Madness","Madness"]}],"is_beta":false,"boss_relics":[{"not_picked":["Snecko Eye","Lizard Tail"],"picked":"Philosopher\u0027s Stone"},{"not_picked":["Astrolabe","Eternal Feather"],"picked":"WristBlade"}],"items_purged_floors":[5,28,31,37],"is_endless":false,"potions_floor_spawned":[2,4,7,13,16,19,22,27,30,35,47],"ascension_level":9}