{"gold_per_floor":[109,59,59,59,59,97,116,116,116,116,137,162,201,217,217,307,307,330,240,240,47,47,91,91,112,112,112,112,112],"floor_reached":29,"playtime":2295,"items_purged":[],"score":436,"play_id":"4e8c97ab-373e-48ae-b128-e53301d2f96b","local_time":"20190526112051","is_ascension_mode":true,"campfire_choices":[{"floor":8.0,"key":"REST"},{"floor":10.0,"key":"REST"},{"data":"Chill","floor":15.0,"key":"SMITH"},{"data":"Buffer","floor":24.0,"key":"SMITH"},{"floor":27,"key":"REST"}],"neow_cost":"CURSE","seed_source_timestamp":0,"circlet_count":0,"master_deck":["AscendersBane","Defend_B","Defend_B","Defend_B","Defend_B","Zap","Dualcast","Go for the Eyes","Conserve Battery","Go for the Eyes","Glacier","Genetic Algorithm","Chill+1","Cold Snap","Buffer+1","Cold Snap","Chill","Conserve Battery","Rebound","Bite","Bite","Bite","Bite","Bite"],"special_seed":0,"relics":["Cracked Core","Golden Idol","Incense Burner","Oddly Smooth Stone","Potion Belt","Eternal Feather","Membership Card","Gremlin Horn","Blue Candle"],"potions_floor_usage":[25,25],"damage_taken":[{"damage":4.0,"enemies":"2 Louse","floor":1.0,"turns":3.0},{"damage":32.0,"enemies":"3 Sentries","floor":6.0,"turns":7.0},{"damage":2.0,"enemies":"Jaw Worm","floor":7.0,"turns":3.0},{"damage":2.0,"enemies":"Small Slimes","floor":11.0,"turns":3.0},{"damage":21.0,"enemies":"3 Louse","floor":12.0,"turns":4.0},{"damage":1.0,"enemies":"Lagavulin","floor":13.0,"turns":11.0},{"damage":0.0,"enemies":"Red Slaver","floor":14.0,"turns":3.0},{"damage":59.0,"enemies":"The Guardian","floor":16.0,"turns":22.0},{"damage":0.0,"enemies":"3 Byrds","floor":18.0,"turns":3.0},{"damage":11.0,"enemies":"2 Thieves","floor":19.0,"turns":5.0},{"damage":37.0,"enemies":"Book of Stabbing","floor":23.0,"turns":13.0},{"damage":55,"enemies":"Centurion and Healer","floor":25,"turns":19},{"damage":86,"enemies":"Gremlin Leader","floor":29,"turns":12}],"seed_played":"-4429163349764551875","potions_obtained":[{"floor":1.0,"key":"Explosive Potion"},{"floor":12.0,"key":"Regen Potion"},{"floor":16.0,"key":"LiquidBronze"},{"floor":18.0,"key":"FocusPotion"},{"floor":22.0,"key":"Strength Potion"},{"floor":22.0,"key":"Dexterity Potion"},{"floor":22.0,"key":"Fire Potion"},{"floor":23.0,"key":"Poison Potion"}],"is_trial":false,"path_per_floor":["M","?","?","?","$","E","M","R","T","R","M","M","E","M","R","B",null,"M","M","?","$","?","E","R","M","T","R","?","E"],"character_chosen":"DEFECT","items_purchased":["Membership Card"],"campfire_rested":3,"item_purchase_floors":[21],"current_hp_per_floor":[78,78,78,78,78,46,44,70,70,89,87,66,65,65,65,21,72,72,61,89,89,89,52,64,9,9,47,47,0],"gold":112,"neow_bonus":"TWENTY_PERCENT_HP_BONUS","is_prod":false,"is_daily":false,"chose_seed":false,"campfire_upgraded":2,"win_rate":0,"timestamp":1558858851,"path_taken":["M","?","?","?","?","E","M","R","T","R","M","M","E","?","R","BOSS","M","M","?","$","?","E","R","?","T","R","?","E"],"build_version":"2019-01-23","purchased_purges":0,"victory":false,"max_hp_per_floor":[89,89,89,89,89,89,89,89,89,89,89,89,89,89,89,89,89,89,89,89,89,89,89,89,89,89,89,62,62],"card_choices":[{"not_picked":["Chaos","Beam Cell"],"picked":"Go for the Eyes","floor":1.0},{"not_picked":["Tempest","Steam Power"],"picked":"Conserve Battery","floor":6.0},{"not_picked":["Rebound","Redo"],"picked":"Go for the Eyes","floor":7.0},{"not_picked":["Rebound","All For One"],"picked":"Glacier","floor":11.0},{"not_picked":["Capacitor","Gash"],"picked":"Genetic Algorithm","floor":12.0},{"not_picked":["Go for the Eyes","Hologram"],"picked":"Chill","floor":13.0},{"not_picked":["Coolheaded","Steam"],"picked":"Cold Snap","floor":14.0},{"not_picked":["All For One","Hyperbeam"],"picked":"Buffer","floor":16.0},{"not_picked":["Redo","Reinforced Body"],"picked":"Cold Snap","floor":18.0},{"not_picked":["Compile Driver","Steam+1"],"picked":"Chill","floor":19.0},{"not_picked":["Sweeping Beam+1","Biased Cognition"],"picked":"Conserve Battery","floor":23.0},{"not_picked":["Chaos","Streamline"],"picked":"Rebound","floor":25}],"player_experience":544036,"relics_obtained":[{"floor":6.0,"key":"Incense Burner"},{"floor":9.0,"key":"Oddly Smooth Stone"},{"floor":13.0,"key":"Potion Belt"},{"floor":23.0,"key":"Gremlin Horn"},{"floor":26,"key":"Blue Candle"}],"event_choices":[{"cards_removed":["Injury"],"damage_healed":0.0,"max_hp_gain":0.0,"max_hp_loss":0.0,"gold_gain":0.0,"event_name":"The Cleric","player_choice":"Card Removal","floor":2.0,"gold_loss":50.0,"damage_taken":0.0},{"damage_healed":0.0,"max_hp_gain":0.0,"max_hp_loss":0.0,"gold_gain":0.0,"event_name":"Golden Idol","player_choice":"Take Wound","floor":3.0,"gold_loss":0.0,"damage_taken":0.0,"relics_obtained":["Golden Idol"],"cards_obtained":["Injury"]},{"cards_removed":["Injury"],"damage_healed":0.0,"max_hp_gain":0.0,"max_hp_loss":0.0,"gold_gain":0.0,"event_name":"Living Wall","player_choice":"Forget","floor":4.0,"gold_loss":0.0,"damage_taken":0.0},{"damage_healed":29.0,"max_hp_gain":0.0,"max_hp_loss":0.0,"gold_gain":0.0,"event_name":"The Library","player_choice":"Heal","floor":20.0,"gold_loss":0.0,"damage_taken":0.0},{"damage_healed":0.0,"max_hp_gain":0.0,"max_hp_loss":0.0,"gold_gain":0.0,"event_name":"Lab","player_choice":"Got Potions","floor":22.0,"gold_loss":0.0,"damage_taken":0.0},{"damage_healed":0,"gold_gain":0,"player_choice":"Became a vampire","damage_taken":0,"max_hp_gain":0,"max_hp_loss":27,"event_name":"Vampires","floor":28,"gold_loss":0,"cards_obtained":["Bite","Bite","Bite","Bite","Bite"]}],"is_beta":false,"boss_relics":[{"not_picked":["Runic Pyramid","Busted Crown"],"picked":"Eternal Feather"}],"items_purged_floors":[],"is_endless":false,"potions_floor_spawned":[1,12,16,18,23],"killed_by":"Gremlin Leader","ascension_level":13}