{"path_per_floor":["M","?","?","$","M","$","R","M","T","M","M","R","M","M","R","B",null,"M","M","$","M","M","R","E"],"character_chosen":"THE_SILENT","items_purchased":["Slice","Apotheosis","Noxious Fumes","Distraction","Regen Potion"],"gold_per_floor":[117,292,292,191,208,28,28,45,121,137,155,155,167,186,186,287,287,302,322,66,86,106,106,132],"floor_reached":25,"campfire_rested":2,"playtime":2270,"current_hp_per_floor":[68,68,65,65,63,63,63,63,63,52,52,70,65,65,65,65,70,54,26,26,47,37,58,10],"items_purged":["Doubt","Strike_G"],"gold":132,"score":267,"play_id":"1bf3f398-33f2-45c8-a6ce-24729bc124dc","is_prod":false,"is_daily":false,"is_ascension_mode":false,"campfire_upgraded":2,"path_taken":["M","?","?","$","M","$","R","M","T","M","M","R","M","M","R","BOSS","M","M","$","M","M","R","E","M"],"build_version":"2018-02-15-PROD1","purchased_purges":2,"victory":false,"master_deck":["Defend_G","Defend_G","Defend_G","Defend_G","Defend_G","Strike_G","Strike_G","Strike_G","Strike_G","Survivor","Neutralize+1","Phantasmal Killer","Quick Slash","Slice","Dodge and Roll","Apotheosis+1","After Image","Quick Slash","Prepared","Escape Plan","Envenom","Deflect","Footwork","Venomology","Dagger Spray","Backflip","Noxious Fumes","Distraction","Distraction","Deadly Poison"],"max_hp_per_floor":[70,70,70,70,70,70,70,70,70,70,70,70,70,70,70,70,70,70,70,70,70,70,70,70],"relics":["Ring of the Snake","Ancient Tea Set","Bottled Flame","Orrery","Ninja Scroll"],"card_choices":[{"not_picked":["Night Terror","Blur"],"picked":"Quick Slash"},{"not_picked":["Dash","Underhanded Strike"],"picked":"Dodge and Roll"},{"not_picked":["Poisoned Stab","Dagger Spray"],"picked":"After Image"},{"not_picked":["Acrobatics","Finisher"],"picked":"Quick Slash"},{"not_picked":["Dodge and Roll","Blade Dance"],"picked":"Prepared"},{"not_picked":["Backflip","Sucker Punch"],"picked":"Escape Plan"},{"not_picked":["After Image","A Thousand Cuts"],"picked":"Envenom"},{"not_picked":["Flechettes","Bane"],"picked":"Deflect"},{"not_picked":["Underhanded Strike","Acrobatics"],"picked":"Footwork"},{"not_picked":["Flechettes","Finisher"],"picked":"Venomology"},{"not_picked":["Backflip","Dagger Throw"],"picked":"Dagger Spray"},{"not_picked":["Acrobatics","Escape Plan"],"picked":"Backflip"},{"not_picked":["Underhanded Strike","Flechettes"],"picked":"Distraction"},{"not_picked":["Heel Hook","Doppelganger"],"picked":"Deadly Poison"}],"player_experience":63804,"potions_floor_usage":[],"damage_taken":[{"damage":2.0,"enemies":"Small Slimes","floor":1.0,"turns":6.0},{"damage":2.0,"enemies":"2 Louse","floor":5.0,"turns":4.0},{"damage":0.0,"enemies":"Jaw Worm","floor":8.0,"turns":3.0},{"damage":11.0,"enemies":"3 Louse","floor":10.0,"turns":4.0},{"damage":0.0,"enemies":"Looter","floor":11.0,"turns":3.0},{"damage":5.0,"enemies":"2 Fungi Beasts","floor":13.0,"turns":3.0},{"damage":0.0,"enemies":"Large Slime","floor":14.0,"turns":5.0},{"damage":0.0,"enemies":"Hexaghost","floor":16.0,"turns":9.0},{"damage":16.0,"enemies":"Spheric Guardian","floor":18.0,"turns":7.0},{"damage":28.0,"enemies":"Chosen","floor":19.0,"turns":6.0},{"damage":0.0,"enemies":"Snecko","floor":21.0,"turns":7.0},{"damage":10.0,"enemies":"Centurion and Healer","floor":22.0,"turns":8.0},{"damage":48.0,"enemies":"Gremlin Leader","floor":24.0,"turns":8.0},{"damage":0,"enemies":"Chosen and Byrds","floor":25,"turns":1}],"event_choices":[{"event_name":"Liars Game","player_choice":"agreed","floor":2.0,"damage_taken":0.0},{"event_name":"Scrap Ooze","player_choice":"success","floor":3.0,"damage_taken":3.0}],"boss_relics":[],"potions_floor_spawned":[5,10,14,18,21,22],"seed_played":"3831384616905541883","killed_by":"Chosen and Byrds","ascension_level":0,"is_trial":false}