{"path_per_floor":["M","$","?","?","M","E","R","M","T","?","E","M","E","M","R","B",null,"M","M","$","M","M","R","?","E","T","M","E","$","M","M","R","B",null,"M","M","?","?","M","E","M","R","T","M","M","E","M","E","R","B"],"character_chosen":"IRONCLAD","items_purchased":["Flex","Darkstone Periapt","Pommel Strike","Sundial"],"gold_per_floor":[112,88,163,163,179,209,209,222,245,420,455,473,501,517,517,612,612,626,637,280,290,303,303,303,328,351,364,399,8,25,45,45,146,146,162,180,180,0,10,39,50,50,50,65,83,148,160,195,195,195],"floor_reached":51,"campfire_rested":0,"playtime":3700,"current_hp_per_floor":[81,81,70,53,59,54,54,60,60,60,39,45,47,43,43,40,86,86,73,73,64,56,56,56,57,63,69,68,68,76,84,84,60,92,85,78,66,66,74,81,89,89,95,98,87,89,97,98,98,92],"items_purged":["Doubt","Pain"],"gold":195,"score":729,"play_id":"ce276a20-6e67-4166-a7e7-f970869ac978","is_prod":false,"is_daily":false,"is_ascension_mode":false,"campfire_upgraded":6,"path_taken":["M","?","?","?","?","E","R","?","T","?","E","M","E","M","R","BOSS","M","M","$","M","M","R","?","E","T","?","E","$","M","M","R","BOSS","M","M","?","?","M","E","?","R","T","M","M","E","M","E","R","BOSS"],"build_version":"2018-02-08-BETA1","purchased_purges":2,"victory":true,"master_deck":["Strike_R+1","Strike_R+1","Strike_R+1","Strike_R+1","Strike_R+1","Defend_R+1","Defend_R+1","Defend_R+1","Defend_R+1","Bash","Dropkick","Flex+1","Power Through+1","Cleave+1","Perfected Strike+1","Power Through+1","Pummel+1","Body Slam+1","Barricade+1","Pummel+1","Evolve+1","Pommel Strike+1","Flame Barrier","Perfected Strike+1","Pommel Strike+1","Twin Strike+1","Warcry","Flex+1","Shockwave","Impervious","Rage+1","Shrug It Off+1","Madness","Madness","Perfected Strike+1","Inflame+1","Injury","Perfected Strike+1","Demon Form+1","Shrug It Off"],"max_hp_per_floor":[86,86,86,86,86,86,86,86,86,86,86,86,86,86,86,86,86,86,86,86,86,86,86,86,86,92,92,92,92,92,92,92,92,92,92,92,92,92,92,92,92,92,98,98,98,98,98,98,98,98],"relics":["Burning Blood","Mango","Molten Egg 2","Oddly Smooth Stone","Lantern","Bronze Scales","Cursed Key","Darkstone Periapt","War Paint","Blood Vial","Shuriken","Sundial","Mark of Pain","Red Mask","Gremlin Horn","Gambling Chip","Tiny Chest","Matryoshka"],"card_choices":[{"not_picked":["Feel No Pain","Thunderclap"],"picked":"Dropkick"},{"not_picked":["Clash","Body Slam"],"picked":"Power Through"},{"not_picked":["Hemokinesis","Warcry"],"picked":"Cleave"},{"not_picked":["Anger","Clothesline"],"picked":"Perfected Strike"},{"not_picked":["Rupture","Flame Barrier"],"picked":"Power Through"},{"not_picked":["True Grit","Whirlwind"],"picked":"Pummel"},{"not_picked":["Rage","Combust"],"picked":"Body Slam"},{"not_picked":["Shrug It Off","Evolve"],"picked":"Barricade"},{"not_picked":["True Grit","Thunderclap"],"picked":"Pummel"},{"not_picked":["Feel No Pain","Sword Boomerang"],"picked":"Evolve"},{"not_picked":["Anger","Rampage"],"picked":"Flame Barrier"},{"not_picked":["Wild Strike","Flex"],"picked":"Perfected Strike"},{"not_picked":["Rupture","Shrug It Off"],"picked":"Pommel Strike"},{"not_picked":["Rupture","Flex"],"picked":"Twin Strike"},{"not_picked":["Reckless Charge","Headbutt"],"picked":"Warcry"},{"not_picked":["Pummel","Heavy Blade"],"picked":"Flex"},{"not_picked":["Sword Boomerang","Fire Breathing"],"picked":"Shockwave"},{"not_picked":["Juggernaut","Reaper"],"picked":"Impervious"},{"not_picked":["Pummel","Hemokinesis"],"picked":"Rage"},{"not_picked":["Cleave","Thunderclap"],"picked":"Shrug It Off"},{"not_picked":["Shockwave","Shrug It Off"],"picked":"Perfected Strike"},{"not_picked":["Intimidate","Anger"],"picked":"Inflame"},{"not_picked":["Fire Breathing","Pommel Strike"],"picked":"Perfected Strike"},{"not_picked":["Headbutt","Reckless Charge"],"picked":"Demon Form"},{"not_picked":["Clothesline","Infernal Blade"],"picked":"Shrug It Off"}],"player_experience":58907,"potions_floor_usage":[6,13,16,21,28,35,50,50,50],"damage_taken":[{"damage":11,"enemies":"Blue Slaver","floor":1,"turns":8},{"damage":0,"enemies":"2 Louse","floor":5,"turns":2},{"damage":11,"enemies":"3 Sentries","floor":6,"turns":9},{"damage":0,"enemies":"Cultist","floor":8,"turns":3},{"damage":27,"enemies":"Lagavulin","floor":11,"turns":5},{"damage":0,"enemies":"Gremlin Gang","floor":12,"turns":4},{"damage":16,"enemies":"3 Sentries","floor":13,"turns":6},{"damage":10,"enemies":"Looter","floor":14,"turns":2},{"damage":9,"enemies":"Slime Boss","floor":16,"turns":7},{"damage":1,"enemies":"Spheric Guardian","floor":18,"turns":4},{"damage":19,"enemies":"2 Thieves","floor":19,"turns":4},{"damage":15,"enemies":"Snake Plant","floor":21,"turns":2},{"damage":14,"enemies":"Centurion and Healer","floor":22,"turns":6},{"damage":5,"enemies":"Slavers","floor":25,"turns":5},{"damage":2,"enemies":"Snecko","floor":27,"turns":4},{"damage":18,"enemies":"Book of Stabbing","floor":28,"turns":4},{"damage":0,"enemies":"Sentry and Sphere","floor":30,"turns":3},{"damage":0,"enemies":"Cultist and Chosen","floor":31,"turns":4},{"damage":32,"enemies":"Collector","floor":33,"turns":9},{"damage":13,"enemies":"Flame Bruiser 1 Orb","floor":35,"turns":3},{"damage":15,"enemies":"Orb Walker","floor":36,"turns":2},{"damage":0,"enemies":"Maw","floor":39,"turns":6},{"damage":1,"enemies":"Giant Head","floor":40,"turns":7},{"damage":0,"enemies":"Sphere and 2 Shapes","floor":41,"turns":4},{"damage":0,"enemies":"Spire Growth","floor":44,"turns":4},{"damage":17,"enemies":"Maw","floor":45,"turns":7},{"damage":6,"enemies":"2 Orb Walkers","floor":46,"turns":3},{"damage":0,"enemies":"Flame Bruiser 2 Orb","floor":47,"turns":3},{"damage":4,"enemies":"Giant Head","floor":48,"turns":5},{"damage":12,"enemies":"Time Eater","floor":50,"turns":10}],"event_choices":[{"event_name":"World of Goop","player_choice":"Gather Gold","floor":3,"damage_taken":0},{"event_name":"Shining Light","player_choice":"Entered Light","floor":4,"damage_taken":0},{"event_name":"Liars Game","player_choice":"agreed","floor":10,"damage_taken":0},{"event_name":"Back to Basics","player_choice":"Simplicity","floor":24,"damage_taken":0},{"event_name":"Winding Halls","player_choice":"Embrace Madness","floor":37,"damage_taken":0},{"event_name":"Tomb of Lord Red Mask","player_choice":"Paid","floor":38,"damage_taken":0}],"boss_relics":[{"not_picked":["Runic Pyramid","White Beast Statue"],"picked":"Cursed Key"},{"not_picked":["Philosopher\u0027s Stone","Tiny House"],"picked":"Mark of Pain"}],"potions_floor_spawned":[1,6,8,16,18,19,25,28,35,36,39,46,48],"seed_played":"-4348693320570188231","ascension_level":0,"is_trial":false}