{"gold_per_floor":[115,115,125,138,138,163,177,177,177,177,201,173,190,208,208,312,312,326,4,16,16,0,0,20,20,100,8,108,126,126,146,146,248,248,264,40,58,69,0,0,28,45,98,113,113,113,113,131,131,131],"floor_reached":51,"playtime":4833,"items_purged":["Regret"],"score":1000,"play_id":"00d86525-0c72-437e-8eda-294fbee9cabf","local_time":"20181010013614","is_ascension_mode":true,"campfire_choices":[{"floor":8,"key":"REST"},{"floor":10,"key":"DIG"},{"floor":15,"key":"REST"},{"floor":23,"key":"DIG"},{"floor":25,"key":"DIG"},{"floor":32,"key":"REST"},{"floor":40,"key":"REST"},{"floor":47,"key":"REST"},{"floor":49,"key":"REST"}],"neow_cost":"NONE","seed_source_timestamp":1429100236602296,"circlet_count":0,"master_deck":["Survivor","Neutralize","Catalyst","Prepared","Cloak And Dagger","Dodge and Roll","Backstab","Flechettes","Crippling Poison","Deflect","Skewer","Backflip","Envenom+1","Crippling Poison","Tactician","Terror","After Image","Poisoned Stab","Deflect+1","Endless Agony","Prepared+1","Night Terror+1","Deadly Poison+1","Deflect+1","Bane+1","Bandage Up+1","Calculated Gamble+1","Bane+1","Backflip+1","Caltrops","Venomology+1","Expertise+1","Apotheosis+1","Backflip+1","Deadly Poison+1","Leg Sweep+1","Sucker Punch+1","Tactician+1","Tools of the Trade","Poisoned Stab+1","Caltrops+1","Backflip+1","Deadly Poison+1"],"relics":["Pandora\u0027s Box","Dream Catcher","Gambling Chip","Shovel","Sundial","Toxic Egg 2","Odd Mushroom","Velvet Choker","Molten Egg 2","Orichalcum","Oddly Smooth Stone","Bottled Lightning","Bird Faced Urn","Dodecahedron","Lizard Tail","Red Mask","Mercury Hourglass","Art of War"],"potions_floor_usage":[16,28,37,38,38,41,42,42,44,44,48,48,50,50],"damage_taken":[{"damage":7,"enemies":"2 Louse","floor":1,"turns":2},{"damage":5,"enemies":"Jaw Worm","floor":3,"turns":3},{"damage":0,"enemies":"Cultist","floor":4,"turns":4},{"damage":26,"enemies":"Gremlin Nob","floor":6,"turns":5},{"damage":3,"enemies":"Blue Slaver","floor":7,"turns":3},{"damage":11,"enemies":"The Mushroom Lair","floor":11,"turns":4},{"damage":16,"enemies":"Exordium Thugs","floor":13,"turns":5},{"damage":7,"enemies":"2 Fungi Beasts","floor":14,"turns":3},{"damage":2,"enemies":"Hexaghost","floor":16,"turns":7},{"damage":4,"enemies":"Chosen","floor":18,"turns":5},{"damage":13,"enemies":"Shell Parasite","floor":20,"turns":3},{"damage":4,"enemies":"Cultist and Chosen","floor":24,"turns":5},{"damage":20,"enemies":"Colosseum Slavers","floor":28,"turns":5},{"damage":25,"enemies":"Colosseum Nobs","floor":28,"turns":5},{"damage":20,"enemies":"Snake Plant","floor":29,"turns":4},{"damage":9,"enemies":"Chosen and Byrds","floor":31,"turns":6},{"damage":45,"enemies":"Champ","floor":33,"turns":8},{"damage":15,"enemies":"Orb Walker","floor":35,"turns":3},{"damage":5,"enemies":"3 Shapes","floor":37,"turns":4},{"damage":52,"enemies":"Reptomancer","floor":38,"turns":4},{"damage":35,"enemies":"Nemesis","floor":41,"turns":7},{"damage":17,"enemies":"3 Darklings","floor":42,"turns":5},{"damage":10,"enemies":"4 Shapes","floor":44,"turns":4},{"damage":24,"enemies":"Spire Growth","floor":48,"turns":5},{"damage":64,"enemies":"Time Eater","floor":50,"turns":12}],"seed_played":"-3570242483230243310","potions_obtained":[{"floor":1,"key":"GamblersBrew"},{"floor":3,"key":"Ancient Potion"},{"floor":4,"key":"FearPotion"},{"floor":7,"key":"GamblersBrew"},{"floor":11,"key":"SteroidPotion"},{"floor":14,"key":"Block Potion"},{"floor":28,"key":"GamblersBrew"},{"floor":29,"key":"Strength Potion"},{"floor":33,"key":"Poison Potion"},{"floor":35,"key":"Strength Potion"},{"floor":44,"key":"EssenceOfSteel"},{"floor":48,"key":"EssenceOfSteel"}],"is_trial":false,"path_per_floor":["M","?","M","M","?","E","M","R","T","R","?","?","M","M","R","B",null,"M","$","M","?","?","R","M","R","T","$","?","M","?","M","R","B",null,"M","$","M","M","?","R","E","M","T","M","?","?","R","M","R","B"],"character_chosen":"THE_SILENT","items_purchased":["Molten Egg 2","Bandage Up+1","Apotheosis+1","Backflip+1"],"campfire_rested":6,"item_purchase_floors":[19,27,36,36],"current_hp_per_floor":[56,56,51,51,51,25,22,43,43,43,32,32,16,9,30,28,60,56,56,43,66,66,66,62,62,62,62,29,21,21,24,45,14,56,49,49,56,23,23,44,23,18,18,18,18,18,39,27,48,15],"gold":131,"neow_bonus":"BOSS_RELIC","is_prod":false,"is_daily":false,"chose_seed":false,"campfire_upgraded":0,"win_rate":0,"timestamp":1539124574,"path_taken":["M","?","M","M","?","E","M","R","T","R","?","?","M","?","R","BOSS","M","$","M","?","?","R","M","R","T","$","?","?","?","M","R","BOSS","M","$","M","M","?","R","E","M","T","M","?","?","R","?","R","BOSS"],"build_version":"2018-10-08","purchased_purges":1,"victory":true,"max_hp_per_floor":[70,70,70,70,70,70,70,70,70,70,70,70,70,70,70,70,70,70,70,70,70,70,70,70,70,70,70,70,70,70,70,70,70,70,70,70,70,70,70,70,70,70,70,70,70,70,70,70,70,70],"card_choices":[{"not_picked":["Riddle With Holes","Sucker Punch"],"picked":"Backflip","floor":1},{"not_picked":["Dagger Spray","All Out Attack"],"picked":"Envenom","floor":3},{"not_picked":["Tactician","Outmaneuver"],"picked":"Crippling Poison","floor":4},{"not_picked":["Predator","Underhanded Strike"],"picked":"Tactician","floor":6},{"not_picked":["Underhanded Strike","Setup"],"picked":"Terror","floor":7},{"not_picked":["Outmaneuver","Slice"],"picked":"After Image","floor":8},{"not_picked":["Reflex+1","Sucker Punch"],"picked":"Poisoned Stab","floor":11},{"not_picked":["Dash","Slice"],"picked":"Deflect+1","floor":13},{"not_picked":["Underhanded Strike","Accuracy"],"picked":"Endless Agony","floor":14},{"not_picked":["Acrobatics+1","Finisher"],"picked":"Prepared+1","floor":15},{"not_picked":["Wraith Form v2","Corpse Explosion+1"],"picked":"Night Terror+1","floor":16},{"not_picked":["Noxious Fumes","Poisoned Stab+1"],"picked":"Deadly Poison+1","floor":18},{"not_picked":["Dodge and Roll+1","Quick Slash+1"],"picked":"Deflect+1","floor":20},{"not_picked":["Underhanded Strike+1","Riddle With Holes+1"],"picked":"Bane+1","floor":24},{"not_picked":["Distraction+1","Cloak And Dagger+1"],"picked":"Calculated Gamble+1","floor":28},{"not_picked":["Dodge and Roll+1","Acrobatics+1"],"picked":"Bane+1","floor":29},{"not_picked":["Calculated Gamble+1","Well Laid Plans+1"],"picked":"Backflip+1","floor":31},{"not_picked":["Reflex+1","Sucker Punch+1"],"picked":"Caltrops","floor":32},{"not_picked":["Bullet Time+1","Doppelganger+1"],"picked":"Venomology+1","floor":33},{"not_picked":["Dagger Spray+1","Reflex+1"],"picked":"Expertise+1","floor":35},{"not_picked":["Poisoned Stab+1","Dodge and Roll+1"],"picked":"Deadly Poison+1","floor":37},{"not_picked":["Prepared+1","Quick Slash+1"],"picked":"Leg Sweep+1","floor":38},{"not_picked":["Cloak And Dagger+1","Masterful Stab+1"],"picked":"Sucker Punch+1","floor":40},{"not_picked":["Escape Plan+1","Distraction+1"],"picked":"Tactician+1","floor":41},{"not_picked":["Backflip+1","Infinite Blades+1"],"picked":"Tools of the Trade","floor":42},{"not_picked":["Acrobatics+1","Flying Knee+1"],"picked":"Poisoned Stab+1","floor":44},{"not_picked":["Prepared+1","Blade Dance+1"],"picked":"Caltrops+1","floor":47},{"not_picked":["Concentrate+1","Escape Plan+1"],"picked":"Backflip+1","floor":48},{"not_picked":["Deflect+1","Underhanded Strike+1"],"picked":"Deadly Poison+1","floor":49}],"player_experience":253779,"relics_obtained":[{"floor":6,"key":"Shovel"},{"floor":9,"key":"Sundial"},{"floor":10,"key":"Toxic Egg 2"},{"floor":11,"key":"Odd Mushroom"},{"floor":23,"key":"Orichalcum"},{"floor":25,"key":"Oddly Smooth Stone"},{"floor":26,"key":"Bottled Lightning"},{"floor":28,"key":"Bird Faced Urn"},{"floor":28,"key":"Dodecahedron"},{"floor":41,"key":"Mercury Hourglass"},{"floor":43,"key":"Art of War"}],"event_choices":[{"event_name":"Big Fish","player_choice":"Box","floor":2,"damage_taken":0},{"event_name":"WeMeetAgain","player_choice":"Potion","floor":5,"damage_taken":0},{"event_name":"Mushrooms","player_choice":"Fought Mushrooms","floor":11,"damage_taken":0},{"event_name":"World of Goop","player_choice":"Left","floor":12,"damage_taken":0},{"event_name":"The Library","player_choice":"Heal","floor":21,"damage_taken":0},{"event_name":"Masked Bandits","player_choice":"Paid Fearfully","floor":22,"damage_taken":0},{"event_name":"Colosseum","player_choice":"Fight","floor":28,"damage_taken":0},{"event_name":"Colosseum","player_choice":"Fought Nobs","floor":28,"damage_taken":0},{"event_name":"Upgrade Shrine","player_choice":"Upgraded","floor":30,"damage_taken":0},{"event_name":"Tomb of Lord Red Mask","player_choice":"Paid","floor":39,"damage_taken":0},{"event_name":"Mysterious Sphere","player_choice":"Ignore","floor":45,"damage_taken":0},{"event_name":"Falling","player_choice":"Removed Power","floor":46,"damage_taken":0}],"is_beta":true,"boss_relics":[{"not_picked":["Coffee Dripper","WristBlade"],"picked":"Velvet Choker"},{"not_picked":["HoveringKite","Astrolabe"],"picked":"Lizard Tail"}],"items_purged_floors":[19],"is_endless":false,"potions_floor_spawned":[1,3,4,7,11,14,28,29,33,35,44,48],"ascension_level":7}