{"path_per_floor":["M","M","M","M","M","R","E","M","T","M","R","M","E","M","R","B",null,"M","M","$","?","M","R","M","R","T","?","E","M","R","M","R","B",null,"M","M","$","M","M","R","$","M","T","R","M","E","M","M","R","B"],"character_chosen":"IRONCLAD","items_purchased":["Apotheosis","Bottled Lightning","Impervious","Magnetism","Inflame"],"gold_per_floor":[110,125,135,153,170,170,204,219,288,303,303,318,352,369,369,474,474,494,512,18,18,34,34,53,53,78,78,103,120,120,135,135,235,235,247,263,77,92,108,108,40,50,105,105,121,149,165,184,184,184],"floor_reached":51,"campfire_rested":7,"playtime":6874,"item_purchase_floors":[20,20,20,37,41],"current_hp_per_floor":[80,78,73,74,71,71,65,59,59,52,52,52,49,53,77,54,80,80,72,72,72,62,80,52,76,76,76,56,48,48,47,71,49,80,66,67,67,60,60,80,80,69,69,80,67,52,58,54,78,33],"items_purged":[],"gold":184,"score":696,"play_id":"a30b5239-a3de-4279-bb7e-d6c1dc2e1688","local_time":"20180604232549","is_prod":false,"is_daily":false,"chose_seed":false,"is_ascension_mode":false,"campfire_upgraded":3,"win_rate":0.0,"timestamp":1528147549,"campfire_choices":[{"data":"Thunderclap","floor":6,"key":"SMITH"},{"data":"Thunderclap","floor":11,"key":"SMITH"},{"floor":15,"key":"REST"},{"floor":23,"key":"REST"},{"floor":25,"key":"REST"},{"data":"Apotheosis","floor":30,"key":"SMITH"},{"floor":32,"key":"REST"},{"floor":40,"key":"REST"},{"floor":44,"key":"REST"},{"floor":49,"key":"REST"}],"path_taken":["M","M","M","M","M","R","E","M","T","M","R","M","E","M","R","BOSS","M","M","$","?","M","R","M","R","T","?","E","M","R","?","R","BOSS","M","?","$","M","M","R","$","M","T","R","M","E","M","M","R","BOSS"],"build_version":"2018-05-31","seed_source_timestamp":9697977369752,"purchased_purges":0,"victory":true,"master_deck":["Strike_R","Strike_R","Strike_R","Strike_R","Strike_R","Defend_R","Defend_R","Defend_R","Defend_R","Intimidate","Thunderclap+1","Flame Barrier","Dropkick","Thunderclap+1","Clothesline","Pummel","Intimidate","Cleave","Shrug It Off","Rampage","Sword Boomerang","Offering","Spot Weakness","Clash","Apotheosis+1","Impervious","Flex+1","Whirlwind","Double Tap","Carnage","Fire Breathing","Infernal Blade","Bludgeon","Anger+1","Heavy Blade+1","Magnetism","Inflame","Shockwave","Flex","Thunderclap","Whirlwind","Flex"],"max_hp_per_floor":[80,80,80,80,80,80,80,80,80,80,80,80,80,80,80,80,80,80,80,80,80,80,80,80,80,80,80,80,80,80,80,80,80,80,80,80,80,80,80,80,80,80,80,80,80,80,80,80,80,80],"relics":["Burning Blood","Sundial","Meat on the Bone","Sozu","Bottled Lightning","Nloth\u0027s Gift","Oddly Smooth Stone","Charon\u0027s Ashes","Runic Cube","Pen Nib","Ancient Tea Set"],"card_choices":[{"not_picked":["Metallicize","Clothesline"],"picked":"Thunderclap","floor":1},{"not_picked":["Twin Strike","Burning Pact"],"picked":"Flame Barrier","floor":2},{"not_picked":["Rupture","Anger"],"picked":"Dropkick","floor":3},{"not_picked":["Clash","Heavy Blade"],"picked":"Thunderclap","floor":4},{"not_picked":["Thunderclap","Perfected Strike"],"picked":"Clothesline","floor":5},{"not_picked":["Dark Embrace","Clash"],"picked":"Pummel","floor":7},{"not_picked":["Sword Boomerang","Power Through"],"picked":"Intimidate","floor":8},{"not_picked":["Hemokinesis","Twin Strike"],"picked":"Cleave","floor":10},{"not_picked":["Infernal Blade","Cleave"],"picked":"Shrug It Off","floor":12},{"not_picked":["Shrug It Off","Sword Boomerang"],"picked":"Rampage","floor":13},{"not_picked":["True Grit","Flame Barrier"],"picked":"Sword Boomerang","floor":14},{"not_picked":["Barricade","Juggernaut"],"picked":"Offering","floor":16},{"not_picked":["Second Wind","Sword Boomerang"],"picked":"Spot Weakness","floor":18},{"not_picked":["Flame Barrier","Entrench"],"picked":"Clash","floor":19},{"not_picked":["Berserk","Shrug It Off"],"picked":"Flex+1","floor":22},{"not_picked":["Thunderclap","Clash"],"picked":"Whirlwind","floor":24},{"not_picked":["Twin Strike","Shrug It Off"],"picked":"Carnage","floor":28},{"not_picked":["Perfected Strike","Uppercut"],"picked":"Fire Breathing","floor":29},{"not_picked":["Entrench","Headbutt"],"picked":"Infernal Blade","floor":31},{"not_picked":["Juggernaut","Brutality"],"picked":"Bludgeon","floor":33},{"not_picked":["Uppercut+1","True Grit"],"picked":"Anger+1","floor":35},{"not_picked":["Thunderclap+1","Fiend Fire"],"picked":"Heavy Blade+1","floor":36},{"not_picked":["Cleave","Anger+1","Armaments"],"picked":"SKIP","floor":38},{"not_picked":["Bloodletting","Heavy Blade","Perfected Strike+1"],"picked":"SKIP","floor":39},{"not_picked":["Clothesline+1","Rupture+1"],"picked":"Shockwave","floor":42},{"not_picked":["Pommel Strike","Fiend Fire"],"picked":"Flex","floor":45},{"not_picked":["Cleave","Flame Barrier+1"],"picked":"Thunderclap","floor":46},{"not_picked":["Shrug It Off+1","Body Slam"],"picked":"Whirlwind","floor":47},{"not_picked":["Shrug It Off+1","Twin Strike+1"],"picked":"Flex","floor":48}],"player_experience":48886,"potions_floor_usage":[5,7,7,12,13,16,29],"damage_taken":[{"damage":0,"enemies":"Small Slimes","floor":1,"turns":3},{"damage":8,"enemies":"Cultist","floor":2,"turns":4},{"damage":11,"enemies":"Jaw Worm","floor":3,"turns":7},{"damage":5,"enemies":"2 Fungi Beasts","floor":4,"turns":4},{"damage":9,"enemies":"Large Slime","floor":5,"turns":7},{"damage":12,"enemies":"Lagavulin","floor":7,"turns":8},{"damage":12,"enemies":"Red Slaver","floor":8,"turns":4},{"damage":13,"enemies":"Gremlin Gang","floor":10,"turns":4},{"damage":6,"enemies":"Lots of Slimes","floor":12,"turns":3},{"damage":9,"enemies":"3 Sentries","floor":13,"turns":6},{"damage":14,"enemies":"Exordium Wildlife","floor":14,"turns":3},{"damage":41,"enemies":"The Guardian","floor":16,"turns":11},{"damage":6,"enemies":"3 Byrds","floor":18,"turns":4},{"damage":14,"enemies":"Spheric Guardian","floor":19,"turns":4},{"damage":16,"enemies":"3 Cultists","floor":22,"turns":4},{"damage":34,"enemies":"Cultist and Chosen","floor":24,"turns":8},{"damage":26,"enemies":"Gremlin Leader","floor":28,"turns":4},{"damage":14,"enemies":"Chosen and Byrds","floor":29,"turns":5},{"damage":7,"enemies":"Snecko","floor":31,"turns":4},{"damage":28,"enemies":"Collector","floor":33,"turns":6},{"damage":20,"enemies":"3 Darklings","floor":35,"turns":2},{"damage":5,"enemies":"3 Shapes","floor":36,"turns":3},{"damage":13,"enemies":"Maw","floor":38,"turns":5},{"damage":6,"enemies":"Sphere and 2 Shapes","floor":39,"turns":3},{"damage":17,"enemies":"3 Darklings","floor":42,"turns":3},{"damage":19,"enemies":"Maw","floor":45,"turns":5},{"damage":21,"enemies":"2 Orb Walkers","floor":46,"turns":3},{"damage":12,"enemies":"4 Shapes","floor":47,"turns":3},{"damage":10,"enemies":"3 Darklings","floor":48,"turns":3},{"damage":63,"enemies":"Donu and Deca","floor":50,"turns":6}],"relics_obtained":[{"floor":7,"key":"Sundial"},{"floor":9,"key":"Meat on the Bone"},{"floor":13,"key":"Darkstone Periapt"},{"floor":26,"key":"Oddly Smooth Stone"},{"floor":28,"key":"Charon\u0027s Ashes"},{"floor":43,"key":"Pen Nib"},{"floor":46,"key":"Ancient Tea Set"}],"event_choices":[{"event_name":"N\u0027loth","player_choice":"Traded a Darkstone Periapt","floor":21,"damage_taken":0},{"event_name":"The Library","player_choice":"Read","floor":27,"damage_taken":0}],"boss_relics":[{"not_picked":["Runic Pyramid","Orrery"],"picked":"Sozu"},{"not_picked":["Runic Dome","Philosopher\u0027s Stone"],"picked":"Runic Cube"}],"items_purged_floors":[],"potions_floor_spawned":[1,2,4,8,10,13,16,19,22,28,29,31,33,38,39,45,47],"seed_played":"-1778281133058430573","ascension_level":0,"potions_obtained":[{"floor":1,"key":"Block Potion"},{"floor":2,"key":"GamblersBrew"},{"floor":4,"key":"Energy Potion"},{"floor":8,"key":"Weak Potion"},{"floor":10,"key":"SkillPotion"},{"floor":13,"key":"Strength Potion"},{"floor":16,"key":"Weak Potion"}],"is_trial":false}