{"path_per_floor":["M","?","?","M","$","R","E","M","T","E","?","M","M","?","R","B",null,"M","?","?","?","?","E","?","E","T","M","R","M","M","E","R","B",null,"M","?","M","M","$","R","M","$","T","M","E","R","E","M","R","B"],"character_chosen":"IRONCLAD","items_purchased":["Feed","Gremlin Horn","Block Potion","Bag of Preparation","Thunderclap","Mummified Hand"],"gold_per_floor":[360,360,423,438,19,19,46,64,64,98,98,111,132,165,165,290,290,303,303,303,303,336,365,280,306,306,318,318,338,354,386,386,484,484,499,499,515,529,273,273,284,37,86,104,135,135,164,174,174,174],"floor_reached":51,"campfire_rested":2,"playtime":4990,"current_hp_per_floor":[80,80,80,77,77,77,70,71,71,62,41,47,40,43,43,53,96,65,65,65,65,23,50,50,37,37,43,67,73,67,85,85,77,85,85,74,73,18,18,43,56,56,61,82,75,75,79,85,85,76],"items_purged":[],"gold":174,"score":765,"play_id":"7c489657-4b45-446b-9be3-38b75b12c360","is_prod":false,"is_daily":false,"is_ascension_mode":true,"campfire_upgraded":5,"path_taken":["M","?","?","M","$","R","E","M","T","E","?","M","?","?","R","BOSS","M","?","?","?","?","E","?","E","T","M","R","M","M","E","R","BOSS","M","?","M","?","$","R","M","?","T","?","E","R","E","M","R","BOSS"],"build_version":"2018-02-08-BETA1","purchased_purges":0,"victory":true,"master_deck":["Defend_R","Defend_R","Defend_R","Bash+1","Wild Strike","Sever Soul","Feed+1","Metallicize","Evolve+1","Wild Strike+1","Disarm","Metallicize","Immolate","Fiend Fire+1","Sentinel+1","Pommel Strike+1","Sentinel","Bite","Bite","Bite","Bite","Bite","Impervious","Feel No Pain+1","Battle Trance","Feel No Pain+1","Sentinel","Whirlwind+1","Flex+1","Reaper","Sentinel","Madness","Madness","Thunderclap","Warcry+1","Thunderclap","Feel No Pain+1","Inflame+1","Sever Soul+1"],"max_hp_per_floor":[80,80,80,80,80,80,84,84,84,84,84,88,88,92,92,96,96,96,96,67,67,67,81,81,81,81,81,81,81,85,85,85,85,85,85,85,85,85,85,85,85,85,85,85,85,85,85,89,89,89],"relics":["Burning Blood","Gremlin Horn","Dream Catcher","Champion Belt","Happy Flower","Bloody Idol","Odd Mushroom","Astrolabe","Red Mask","Pear","Paper Frog","Anchor","Dodecahedron","Frozen Egg 2","Philosopher\u0027s Stone","Bag of Preparation","Mummified Hand","Oddly Smooth Stone","Pen Nib","Omamori"],"card_choices":[{"not_picked":["Anger","Warcry"],"picked":"Wild Strike"},{"not_picked":["Fire Breathing","Reckless Charge"],"picked":"Sever Soul"},{"not_picked":["Sword Boomerang","Offering"],"picked":"Metallicize"},{"not_picked":["Wild Strike","Inflame"],"picked":"Evolve"},{"not_picked":["Burning Pact","Feel No Pain"],"picked":"Wild Strike"},{"not_picked":["Headbutt","Twin Strike"],"picked":"Disarm"},{"not_picked":["Battle Trance","Anger"],"picked":"Metallicize"},{"not_picked":["Bludgeon","Juggernaut"],"picked":"Immolate"},{"not_picked":["Thunderclap","Blood for Blood"],"picked":"Impervious"},{"not_picked":["Fiend Fire","Disarm"],"picked":"Feel No Pain"},{"not_picked":["Headbutt","Corruption"],"picked":"Battle Trance"},{"not_picked":["Sever Soul","Pommel Strike"],"picked":"Feel No Pain"},{"not_picked":["Heavy Blade","Reckless Charge"],"picked":"Sentinel"},{"not_picked":["Thunderclap","Twin Strike"],"picked":"Whirlwind"},{"not_picked":["Pommel Strike","Body Slam"],"picked":"Flex"},{"not_picked":["Juggernaut","Berserk"],"picked":"Reaper"},{"not_picked":["Pommel Strike","Heavy Blade"],"picked":"Sentinel"},{"not_picked":["Clothesline","True Grit"],"picked":"Thunderclap"},{"not_picked":["Dropkick","True Grit"],"picked":"Warcry"},{"not_picked":["Rage","Perfected Strike"],"picked":"Feel No Pain"},{"not_picked":["Metallicize","Clash"],"picked":"Inflame"},{"not_picked":["True Grit","Limit Break"],"picked":"Sever Soul"}],"player_experience":106578,"potions_floor_usage":[14,16,16,23,23,31,33,38,38,50,50],"damage_taken":[{"damage":3,"enemies":"2 Louse","floor":1,"turns":3},{"damage":9,"enemies":"Jaw Worm","floor":4,"turns":3},{"damage":17,"enemies":"3 Sentries","floor":7,"turns":7},{"damage":5,"enemies":"Blue Slaver","floor":8,"turns":4},{"damage":15,"enemies":"Gremlin Nob","floor":10,"turns":4},{"damage":4,"enemies":"Looter","floor":12,"turns":3},{"damage":13,"enemies":"Large Slime","floor":13,"turns":3},{"damage":7,"enemies":"The Mushroom Lair","floor":14,"turns":3},{"damage":0,"enemies":"Hexaghost","floor":16,"turns":9},{"damage":37,"enemies":"Spheric Guardian","floor":18,"turns":6},{"damage":63,"enemies":"Masked Bandits","floor":22,"turns":7},{"damage":35,"enemies":"Slavers","floor":23,"turns":9},{"damage":46,"enemies":"Gremlin Leader","floor":25,"turns":11},{"damage":7,"enemies":"Chosen","floor":27,"turns":5},{"damage":9,"enemies":"Snake Plant","floor":29,"turns":6},{"damage":27,"enemies":"3 Cultists","floor":30,"turns":7},{"damage":11,"enemies":"Book of Stabbing","floor":31,"turns":6},{"damage":33,"enemies":"Automaton","floor":33,"turns":10},{"damage":4,"enemies":"Orb Walker","floor":35,"turns":4},{"damage":18,"enemies":"3 Darklings","floor":37,"turns":7},{"damage":86,"enemies":"4 Shapes","floor":38,"turns":9},{"damage":0,"enemies":"Spire Growth","floor":41,"turns":3},{"damage":6,"enemies":"3 Darklings","floor":44,"turns":3},{"damage":28,"enemies":"2 Orb Walkers","floor":45,"turns":5},{"damage":13,"enemies":"Nemesis","floor":47,"turns":4},{"damage":13,"enemies":"4 Shapes","floor":48,"turns":3},{"damage":39,"enemies":"Donu and Deca","floor":50,"turns":9}],"event_choices":[{"event_name":"Living Wall","player_choice":"Forget","floor":2,"damage_taken":0},{"event_name":"Golden Wing","player_choice":"Gained Gold","floor":3,"damage_taken":0},{"event_name":"Golden Idol","player_choice":"Take Damage","floor":11,"damage_taken":0},{"event_name":"Mushrooms","player_choice":"Fought Mushrooms","floor":14,"damage_taken":0},{"event_name":"The Library","player_choice":"Read","floor":19,"damage_taken":0},{"event_name":"Vampires","player_choice":"Became a vampire","floor":20,"damage_taken":0},{"event_name":"Forgotten Altar","player_choice":"Gave Idol","floor":21,"damage_taken":0},{"event_name":"Masked Bandits","player_choice":"Fought over 303 gold","floor":22,"damage_taken":0},{"event_name":"Addict","player_choice":"Obtained Relic","floor":24,"damage_taken":0},{"event_name":"Winding Halls","player_choice":"Embrace Madness","floor":36,"damage_taken":0}],"boss_relics":[{"not_picked":["Runic Pyramid","Snecko Eye"],"picked":"Astrolabe"},{"not_picked":["Velvet Choker","Eternal Feather"],"picked":"Philosopher\u0027s Stone"}],"potions_floor_spawned":[7,12,13,14,22,27,29,33,35,44,45],"seed_played":"-5477475727047051310","ascension_level":2,"is_trial":false}