{"gold_per_floor":[113,123,123,123,134,134,164,164,164,190,190,221,2,18,18,118,118,129,129,129,146,164,164,196,196,196,224,237,237,137,137,137,234,234,249,249,249,262,262,262,291,291,317,317,347,347,347,347,347,347],"floor_reached":51,"playtime":2563,"items_purged":["Strike_R","Warcry"],"score":851,"play_id":"9806ddec-9971-413b-be31-f0f76381cf0b","local_time":"20181028145339","is_ascension_mode":true,"campfire_choices":[{"data":"Iron Wave","floor":6,"key":"SMITH"},{"data":"Deep Breath","floor":8,"key":"SMITH"},{"data":"Infernal Blade","floor":11,"key":"SMITH"},{"data":"Pommel Strike","floor":15,"key":"SMITH"},{"data":"True Grit","floor":23,"key":"SMITH"},{"data":"Shrug It Off","floor":25,"key":"SMITH"},{"data":"Exhume","floor":29,"key":"SMITH"},{"data":"Exhume","floor":32,"key":"SMITH"},{"data":"Exhume","floor":40,"key":"SMITH"},{"data":"Sentinel","floor":42,"key":"SMITH"},{"data":"Fire Breathing","floor":44,"key":"SMITH"},{"floor":49,"key":"REST"}],"neow_cost":"PERCENT_DAMAGE","seed_source_timestamp":328094356362009,"circlet_count":0,"master_deck":["Deep Breath+1","Infernal Blade+1","Pommel Strike+1","Iron Wave+1","Headbutt","Shrug It Off+1","Flex","Clash","Exhume+1","Fire Breathing+1","Thunderclap","True Grit+1","Headbutt","Perfected Strike","Pommel Strike","Dropkick","Uppercut+1","Clash","Exhume+1","Battle Trance","Cleave","Offering","Perfected Strike","Sentinel+1","Carnage+1","Exhume+1","Finesse","Good Instincts","Shrug It Off","Inflame+1","Exhume+1"],"relics":["Burning Blood","Shuriken","War Paint","Gremlin Horn","Paper Frog","Strawberry","Pandora\u0027s Box","Enchiridion","Omamori","Pen Nib","Gambling Chip","Orrery","Regal Pillow","Blood Vial","Ornamental Fan","Dodecahedron"],"potions_floor_usage":[12,33,33,50,50,50,50,50,50],"damage_taken":[{"damage":18,"enemies":"Jaw Worm","floor":1,"turns":6},{"damage":1,"enemies":"Cultist","floor":2,"turns":4},{"damage":2,"enemies":"Small Slimes","floor":5,"turns":4},{"damage":24,"enemies":"Gremlin Nob","floor":7,"turns":4},{"damage":11,"enemies":"Lagavulin","floor":10,"turns":5},{"damage":12,"enemies":"Gremlin Nob","floor":12,"turns":3},{"damage":0,"enemies":"3 Louse","floor":14,"turns":2},{"damage":39,"enemies":"Hexaghost","floor":16,"turns":9},{"damage":4,"enemies":"2 Thieves","floor":18,"turns":2},{"damage":0,"enemies":"Shell Parasite","floor":21,"turns":2},{"damage":0,"enemies":"3 Cultists","floor":22,"turns":3},{"damage":11,"enemies":"Gremlin Leader","floor":24,"turns":5},{"damage":32,"enemies":"Slavers","floor":27,"turns":4},{"damage":5,"enemies":"Chosen and Byrds","floor":28,"turns":2},{"damage":53,"enemies":"Automaton","floor":33,"turns":6},{"damage":4,"enemies":"3 Shapes","floor":35,"turns":1},{"damage":6,"enemies":"Orb Walker","floor":38,"turns":2},{"damage":28,"enemies":"Reptomancer","floor":41,"turns":4},{"damage":31,"enemies":"Nemesis","floor":45,"turns":5},{"damage":82,"enemies":"Time Eater","floor":50,"turns":7}],"seed_played":"5083086533444181173","potions_obtained":[{"floor":2,"key":"SmokeBomb"},{"floor":7,"key":"FearPotion"},{"floor":14,"key":"EssenceOfSteel"},{"floor":24,"key":"EntropicBrew"},{"floor":33,"key":"PowerPotion"},{"floor":41,"key":"LiquidBronze"}],"is_trial":false,"path_per_floor":["M","M","?","?","M","R","E","R","T","E","R","E","$","M","R","B",null,"M","?","?","M","M","R","E","R","T","E","M","R","$","?","R","B",null,"M","?","?","M","?","R","E","R","T","R","E","?","T","?","R","B"],"character_chosen":"IRONCLAD","items_purchased":["AttackPotion","SkillPotion","Clash"],"campfire_rested":1,"item_purchase_floors":[13,13,13],"current_hp_per_floor":[48,57,57,57,65,65,51,51,51,52,52,59,59,65,65,38,87,87,71,71,83,87,87,82,82,82,62,75,75,75,75,75,34,87,87,77,77,77,77,77,73,73,73,73,62,62,62,62,83,22],"gold":347,"neow_bonus":"RANDOM_COLORLESS_2","is_prod":false,"is_daily":false,"chose_seed":false,"campfire_upgraded":11,"win_rate":0,"timestamp":1540763619,"path_taken":["M","M","?","?","M","R","E","R","T","E","R","E","$","M","R","BOSS","M","?","?","M","M","R","E","R","T","E","M","R","$","?","R","BOSS","M","?","?","?","?","R","E","R","T","R","E","?","?","?","R","BOSS"],"build_version":"2018-10-25v2","purchased_purges":2,"victory":true,"max_hp_per_floor":[80,80,80,80,80,80,80,80,80,80,80,87,87,87,87,87,87,87,87,87,87,87,87,87,87,87,87,87,87,87,87,87,87,87,87,87,83,83,83,83,83,83,83,83,83,83,83,83,83,83],"card_choices":[{"not_picked":["Anger","Warcry"],"picked":"Infernal Blade","floor":1},{"not_picked":["Spot Weakness","Heavy Blade"],"picked":"Pommel Strike","floor":2},{"not_picked":["Rampage","Armaments"],"picked":"Iron Wave","floor":5},{"not_picked":["Flame Barrier","Inflame"],"picked":"Headbutt","floor":7},{"not_picked":["Rampage","Clash"],"picked":"Shrug It Off","floor":10},{"not_picked":["True Grit","Burning Pact"],"picked":"Flex","floor":12},{"not_picked":["Entrench","Warcry","Heavy Blade"],"picked":"SKIP","floor":14},{"not_picked":["Limit Break","Dark Embrace"],"picked":"Exhume","floor":16},{"not_picked":["Twin Strike","Cleave"],"picked":"Pommel Strike","floor":18},{"not_picked":["Flex+1","Thunderclap"],"picked":"Dropkick","floor":21},{"not_picked":["Anger","Shrug It Off"],"picked":"Uppercut+1","floor":22},{"not_picked":["Anger+1","Power Through"],"picked":"Clash","floor":24},{"not_picked":["Reckless Charge","Clothesline"],"picked":"Exhume","floor":27},{"not_picked":["Carnage","Body Slam"],"picked":"Battle Trance","floor":28},{"not_picked":["Reaper","Bludgeon"],"picked":"Offering","floor":33},{"not_picked":["Body Slam+1","Evolve"],"picked":"Perfected Strike","floor":34},{"not_picked":["Twin Strike","Wild Strike"],"picked":"Sentinel","floor":34},{"not_picked":["Body Slam","True Grit"],"picked":"Carnage+1","floor":34},{"not_picked":["Cleave+1","Clash"],"picked":"Exhume","floor":35},{"not_picked":["Blind","Mayhem"],"picked":"Finesse","floor":36},{"not_picked":["Magnetism","Enlightenment"],"picked":"Good Instincts","floor":36},{"not_picked":["Body Slam+1","Reckless Charge+1"],"picked":"Shrug It Off","floor":38},{"not_picked":["Cleave","Flex","Reckless Charge"],"picked":"SKIP","floor":41},{"not_picked":["Searing Blow+1","Entrench+1"],"picked":"Inflame+1","floor":45}],"player_experience":135940,"relics_obtained":[{"floor":7,"key":"War Paint"},{"floor":9,"key":"Gremlin Horn"},{"floor":10,"key":"Paper Frog"},{"floor":12,"key":"Strawberry"},{"floor":19,"key":"Enchiridion"},{"floor":24,"key":"Omamori"},{"floor":26,"key":"Pen Nib"},{"floor":27,"key":"Gambling Chip"},{"floor":41,"key":"Regal Pillow"},{"floor":43,"key":"Blood Vial"},{"floor":45,"key":"Ornamental Fan"},{"floor":47,"key":"Dodecahedron"}],"event_choices":[{"cards_removed":["Strike_R"],"damage_healed":0,"gold_gain":0,"player_choice":"Offered Basic","damage_taken":0,"max_hp_gain":0,"max_hp_loss":0,"event_name":"Bonfire Elementals","floor":3,"gold_loss":0},{"damage_healed":0,"gold_gain":0,"player_choice":"Gave Potion","damage_taken":0,"relics_obtained":["Shuriken"],"max_hp_gain":0,"max_hp_loss":0,"event_name":"WeMeetAgain","floor":4,"gold_loss":0},{"damage_healed":0,"gold_gain":0,"player_choice":"Obtained Book","damage_taken":16,"max_hp_gain":0,"max_hp_loss":0,"event_name":"Cursed Tome","floor":19,"gold_loss":0},{"cards_removed":["Searing Blow"],"damage_healed":0,"gold_gain":0,"player_choice":"Elegance","damage_taken":0,"max_hp_gain":0,"max_hp_loss":0,"event_name":"Back to Basics","floor":20,"gold_loss":0},{"damage_healed":0,"gold_gain":0,"cards_transformed":["Bash"],"player_choice":"Transformed","damage_taken":0,"max_hp_gain":0,"max_hp_loss":0,"event_name":"Transmorgrifier","floor":31,"gold_loss":0,"cards_obtained":["Cleave"]},{"damage_healed":0,"gold_gain":0,"player_choice":"Memory 3","damage_taken":10,"max_hp_gain":0,"max_hp_loss":0,"event_name":"SensoryStone","floor":36,"gold_loss":0},{"damage_healed":0,"gold_gain":0,"player_choice":"Max HP","damage_taken":0,"max_hp_gain":0,"max_hp_loss":4,"event_name":"Winding Halls","floor":37,"gold_loss":0},{"damage_healed":0,"gold_gain":0,"player_choice":"Ignored","damage_taken":0,"max_hp_gain":0,"max_hp_loss":0,"event_name":"Mysterious Sphere","floor":39,"gold_loss":0},{"damage_healed":0,"gold_gain":0,"player_choice":"Copied","damage_taken":0,"max_hp_gain":0,"max_hp_loss":0,"event_name":"Duplicator","floor":46,"gold_loss":0,"cards_obtained":["Exhume"]},{"cards_removed":["Bandage Up"],"damage_healed":0,"gold_gain":0,"player_choice":"Removed Skill","damage_taken":0,"max_hp_gain":0,"max_hp_loss":0,"event_name":"Falling","floor":48,"gold_loss":0}],"is_beta":false,"boss_relics":[{"not_picked":["Eternal Feather","Runic Cube"],"picked":"Pandora\u0027s Box"},{"not_picked":["Mark of Pain","Runic Dome"],"picked":"Orrery"}],"items_purged_floors":[13,30],"is_endless":false,"potions_floor_spawned":[2,7,14,16,21,24,27,33,41],"ascension_level":2}