{"path_per_floor":["M","?","M","M","?","E","R","?","T","R","M","R","M","E","R","B",null,"M","?","?","M","M","E","M","$","T"],"character_chosen":"THE_SILENT","items_purchased":["Bandage Up","Anchor","Prepared","Deflect"],"gold_per_floor":[114,84,94,109,109,150,150,150,176,176,200,200,213,252,252,375,375,394,394,394,377,391,422,437,23,23],"floor_reached":27,"campfire_rested":3,"playtime":3048,"current_hp_per_floor":[70,70,66,65,48,22,43,43,43,64,59,59,52,34,55,1,70,56,56,56,56,30,12,9,9,9],"items_purged":["Strike_G"],"gold":23,"play_id":"93b45535-31dd-485b-aa57-7dbdfd2a4686","is_prod":false,"is_daily":false,"is_ascension_mode":false,"campfire_upgraded":1,"path_taken":["M","?","M","M","?","E","R","?","T","R","M","R","M","E","R","BOSS","M","?","?","M","M","E","M","$","T","E"],"build_version":"2018-02-02-BETA1","purchased_purges":1,"victory":false,"master_deck":["Defend_G","Defend_G","Defend_G","Defend_G","Defend_G","Strike_G","Strike_G","Strike_G","Survivor","Neutralize+1","Well Laid Plans","Deadly Poison","Backflip","Deflect","Quick Slash","Deadly Poison","Expertise","Prepared","Bane","Bullet Time","Poisoned Stab","Poisoned Stab","Leg Sweep","Prepared","Noxious Fumes","Envenom","Escape Plan","Bane+1","Noxious Fumes+1","Deadly Poison+1","Bandage Up","Prepared","Deflect"],"max_hp_per_floor":[70,70,70,70,70,70,70,70,70,70,70,70,70,70,70,70,70,70,70,70,70,70,70,70,70,70],"relics":["Orrery","Bottled Flame","Dream Catcher","Tough Bandages","Eternal Feather","Nloth\u0027s Gift","Juzu Bracelet","Anchor","Pen Nib"],"card_choices":[{"not_picked":["Dash","Deflect"],"picked":"Well Laid Plans"},{"not_picked":["Leg Sweep","Riddle With Holes"],"picked":"Deadly Poison"},{"not_picked":["Prepared","Dodge and Roll"],"picked":"Backflip"},{"not_picked":["Riddle With Holes","All Out Attack"],"picked":"Deflect"},{"not_picked":["Dodge and Roll","Slice"],"picked":"Quick Slash"},{"not_picked":["Phantasmal Killer","Prepared"],"picked":"Deadly Poison"},{"not_picked":["Deflect","Calculated Gamble"],"picked":"Expertise"},{"not_picked":["Flying Knee","Quick Slash"],"picked":"Prepared"},{"not_picked":["Calculated Gamble","Dodge and Roll"],"picked":"Bane"},{"not_picked":["Tools of the Trade","Expertise"],"picked":"Poisoned Stab"},{"not_picked":["Dash","Skewer"],"picked":"Poisoned Stab"},{"not_picked":["Dodge and Roll","Dagger Throw"],"picked":"Leg Sweep"},{"not_picked":["Bane","Backflip"],"picked":"Prepared"},{"not_picked":["Deflect","Backflip"],"picked":"Noxious Fumes"},{"not_picked":["A Thousand Cuts","Adrenaline"],"picked":"Envenom"},{"not_picked":["Dash","Terror"],"picked":"Escape Plan"},{"not_picked":["Riddle With Holes","PiercingWail"],"picked":"Bane"},{"not_picked":["PiercingWail","Poisoned Stab"],"picked":"Noxious Fumes"},{"not_picked":["Bane","Outmaneuver"],"picked":"Deadly Poison"}],"player_experience":22724,"potions_floor_usage":[6,6,14,16,23,27,27],"damage_taken":[{"damage":0,"enemies":"Cultist","floor":1,"turns":4},{"damage":4,"enemies":"Blue Slaver","floor":3,"turns":4},{"damage":1,"enemies":"Jaw Worm","floor":4,"turns":4},{"damage":26,"enemies":"Gremlin Nob","floor":6,"turns":4},{"damage":5,"enemies":"Looter","floor":11,"turns":3},{"damage":7,"enemies":"Large Slime","floor":13,"turns":6},{"damage":18,"enemies":"3 Sentries","floor":14,"turns":9},{"damage":54,"enemies":"Slime Boss","floor":16,"turns":12},{"damage":14,"enemies":"Spheric Guardian","floor":18,"turns":5},{"damage":0,"enemies":"2 Thieves","floor":21,"turns":4},{"damage":26,"enemies":"Snecko","floor":22,"turns":7},{"damage":33,"enemies":"Book of Stabbing","floor":23,"turns":7},{"damage":3,"enemies":"Snake Plant","floor":24,"turns":5},{"damage":13,"enemies":"Slavers","floor":27,"turns":2}],"event_choices":[{"event_name":"The Woman in Blue","player_choice":"Bought 2 Potions","floor":2,"damage_taken":0},{"event_name":"Golden Idol","player_choice":"Take Damage","floor":5,"damage_taken":0},{"event_name":"Transmorgrifier","player_choice":"Transform","floor":8,"damage_taken":0},{"event_name":"Drug Dealer","player_choice":"Ignored","floor":19,"damage_taken":0},{"event_name":"N\u0027loth","player_choice":"Traded a Golden Idol","floor":20,"damage_taken":0}],"boss_relics":[{"not_picked":["Calling Bell","Runic Pyramid"],"picked":"Eternal Feather"}],"potions_floor_spawned":[1,11,16,22,24],"seed_played":"551815728871883231","killed_by":"Slavers","ascension_level":0,"is_trial":false}