{"gold_per_floor":[112,126,201,201,201,234,246,258,294,318,350,362,374,406,418,509,521,550,579,591,603],"floor_reached":21,"playtime":580,"items_purged":[],"score":367,"play_id":"7e4a1284-0e63-4e8c-b273-473ed6bb6bbc","local_time":"20190525224001","is_ascension_mode":true,"campfire_choices":[{"data":"White Noise","floor":8,"key":"SMITH"},{"data":"Dualcast","floor":12,"key":"SMITH"},{"data":"Blizzard","floor":15,"key":"SMITH"}],"neow_cost":"NONE","seed_source_timestamp":813134130692113,"circlet_count":0,"master_deck":["AscendersBane","Strike_B","Strike_B","Strike_B","Defend_B","Defend_B","Defend_B","Zap","Dualcast+1","White Noise+1","Cold Snap","Ball Lightning","Blizzard+1","Electrodynamics","Leap","Recycle","Redo"],"relics":["Cracked Core","NeowsBlessing","Happy Flower","Matryoshka","MawBank","Dream Catcher","Strawberry","Inserter"],"potions_floor_usage":[16,16],"damage_taken":[{"damage":0,"enemies":"Small Slimes","floor":1,"turns":1},{"damage":0,"enemies":"Jaw Worm","floor":2,"turns":1},{"damage":0,"enemies":"Lagavulin","floor":6,"turns":1},{"damage":1,"enemies":"2 Louse","floor":10,"turns":2},{"damage":0,"enemies":"Large Slime","floor":11,"turns":4},{"damage":3,"enemies":"3 Louse","floor":14,"turns":2},{"damage":16,"enemies":"Slime Boss","floor":16,"turns":10},{"damage":43,"enemies":"Shell Parasite","floor":18,"turns":8},{"damage":19,"enemies":"3 Byrds","floor":19,"turns":3},{"damage":9,"enemies":"Colosseum Slavers","floor":21,"turns":2}],"seed_played":"1570739253130121177","potions_obtained":[{"floor":1,"key":"Poison Potion"},{"floor":11,"key":"Dexterity Potion"},{"floor":14,"key":"Fire Potion"}],"is_trial":false,"path_per_floor":["M","M","?","?","T","E","$","R","T","M","M","R","$","M","R","B",null,"M","M","?","?"],"character_chosen":"DEFECT","items_purchased":[],"campfire_rested":0,"item_purchase_floors":[],"current_hp_per_floor":[64,64,53,48,48,48,48,48,55,54,54,54,54,51,51,35,67,24,5,5,0],"gold":603,"neow_bonus":"THREE_ENEMY_KILL","is_prod":false,"is_daily":false,"chose_seed":false,"campfire_upgraded":3,"win_rate":0,"timestamp":1558795201,"path_taken":["M","M","?","?","?","E","$","R","T","M","M","R","?","M","R","BOSS","M","M","?","?"],"build_version":"2019-01-23","purchased_purges":0,"victory":false,"max_hp_per_floor":[71,71,71,71,71,71,71,71,78,78,78,78,78,78,78,78,78,78,78,78,78],"card_choices":[{"not_picked":["Conserve Battery","Rebound"],"picked":"White Noise","floor":1},{"not_picked":["Redo","Rebound"],"picked":"Cold Snap","floor":2},{"not_picked":["Rip and Tear","Leap"],"picked":"Ball Lightning","floor":6},{"not_picked":["Beam Cell","Redo","Steam"],"picked":"SKIP","floor":10},{"not_picked":["Sweeping Beam","Go for the Eyes"],"picked":"Blizzard","floor":11},{"not_picked":["Redo","All For One","Rip and Tear"],"picked":"SKIP","floor":14},{"not_picked":["Machine Learning","Multi-Cast"],"picked":"Electrodynamics","floor":16},{"not_picked":["Steam","Sunder"],"picked":"Leap","floor":18},{"not_picked":["Steam Power","Darkness","Leap"],"picked":"SKIP","floor":19}],"player_experience":597277,"relics_obtained":[{"floor":5,"key":"Matryoshka"},{"floor":6,"key":"MawBank"},{"floor":9,"key":"Dream Catcher"},{"floor":9,"key":"Strawberry"}],"event_choices":[{"damage_healed":0,"gold_gain":75,"player_choice":"Gather Gold","damage_taken":11,"max_hp_gain":0,"max_hp_loss":0,"event_name":"World of Goop","floor":3,"gold_loss":0},{"damage_healed":0,"gold_gain":0,"player_choice":"Success","damage_taken":5,"relics_obtained":["Happy Flower"],"max_hp_gain":0,"max_hp_loss":0,"event_name":"Scrap Ooze","floor":4,"gold_loss":0},{"damage_healed":0,"gold_gain":0,"cards_transformed":["Strike_B","Defend_B"],"player_choice":"Became Test Subject","damage_taken":0,"max_hp_gain":0,"max_hp_loss":0,"event_name":"Drug Dealer","floor":20,"gold_loss":0,"cards_obtained":["Recycle","Redo"]},{"damage_healed":0,"gold_gain":0,"player_choice":"Fight","damage_taken":0,"max_hp_gain":0,"max_hp_loss":0,"event_name":"Colosseum","floor":21,"gold_loss":0}],"is_beta":false,"boss_relics":[{"not_picked":["Snecko Eye","Eternal Feather"],"picked":"Inserter"}],"items_purged_floors":[],"is_endless":false,"potions_floor_spawned":[1,11,14],"killed_by":"Colosseum Slavers","ascension_level":16}