{"path_per_floor":["M","?","?","M","M","R","E","R","T","E","M","$","M","M","R","B",null,"M","M","?","?","$","E","R","T","T","M","E","?","?","M","R","B",null,"M","M","M","$","?","R","E"],"character_chosen":"DEFECT","items_purchased":["Toolbox","Toy Ornithopter","Cold Snap"],"gold_per_floor":[111,111,111,126,145,145,170,170,217,247,265,10,29,39,39,136,136,150,164,79,79,79,113,113,163,163,183,213,136,136,150,150,254,254,264,278,288,28,28,28,59,59],"floor_reached":42,"campfire_rested":5,"playtime":3329,"current_hp_per_floor":[75,75,75,69,62,62,20,42,42,46,45,45,37,32,56,42,82,65,65,65,57,57,42,57,57,57,31,24,24,15,20,38,41,62,53,31,8,8,8,26,11,0],"items_purged":[],"gold":59,"score":574,"play_id":"e3400b6a-14a5-4294-8e03-c828d6ba6181","local_time":"20180513020809","is_prod":false,"is_daily":false,"chose_seed":false,"is_ascension_mode":true,"campfire_upgraded":1,"timestamp":1526166489,"path_taken":["M","?","?","M","M","R","E","R","T","E","M","$","?","?","R","BOSS","M","M","?","?","$","E","R","?","T","M","E","?","?","?","R","BOSS","M","?","M","$","?","R","E","M"],"build_version":"2018-05-12v2","seed_source_timestamp":234020386048154,"purchased_purges":0,"victory":false,"master_deck":["Defend_B","Defend_B","Defend_B","Defend_B","Zap+1","Dualcast","Rebound","Go for the Eyes","Streamline","Machine Learning","Undo","Seek","Sweeping Beam","Leap","Beam Cell","Scrape","All For One","Streamline","Gash","Bite","Bite","Bite","Bite","Bite","Beam Cell+1","Static Discharge+1","Cold Snap+1","Beam Cell+1","J.A.X.","Ball Lightning+1","Steam+1","Amplify","Undo+1","Cold Snap+1","Leap+1","Cold Snap+1","Leap+1","Loop+1"],"max_hp_per_floor":[75,75,75,75,75,75,75,75,75,82,82,82,82,82,82,82,82,82,82,82,57,57,57,57,57,57,57,57,57,62,62,62,62,62,62,62,62,62,62,62,62,62],"relics":["Runic Pyramid","Dream Catcher","Omamori","Strawberry","Toolbox","Nuclear Battery","Unceasing Top","Bottled Lightning","Pen Nib","Molten Egg 2","Ornamental Fan","Inserter","Toy Ornithopter","Orichalcum"],"card_choices":[{"not_picked":["Steam","Melter"],"picked":"Rebound","floor":1},{"not_picked":["Axe Kick","Recycle"],"picked":"Go for the Eyes","floor":4},{"not_picked":["Leap","Reinforced Body"],"picked":"Streamline","floor":5},{"not_picked":["Turbo","Beam Cell"],"picked":"Machine Learning","floor":7},{"not_picked":["Stack","Tempest"],"picked":"Undo","floor":8},{"not_picked":["Turbo","Double Energy"],"picked":"Seek","floor":10},{"not_picked":["Stack","Capacitor"],"picked":"Sweeping Beam","floor":11},{"not_picked":["Stack","Hologram"],"picked":"Leap","floor":13},{"not_picked":["Steam","Barrage"],"picked":"Beam Cell","floor":14},{"not_picked":["Turbo","Chaos"],"picked":"Scrape","floor":15},{"not_picked":["Echo Form","Biased Cognition"],"picked":"All For One","floor":16},{"not_picked":["Turbo+1","Hologram"],"picked":"Streamline","floor":18},{"not_picked":["Go for the Eyes","Steam"],"picked":"Gash","floor":19},{"not_picked":["Axe Kick","Leap"],"picked":"Beam Cell+1","floor":23},{"not_picked":["Ball Lightning+1","Chill"],"picked":"Static Discharge+1","floor":24},{"not_picked":["Leap","Meteor Strike+1"],"picked":"Cold Snap+1","floor":27},{"not_picked":["Leap","Chaos"],"picked":"Beam Cell+1","floor":28},{"not_picked":["Coolheaded","Chaos"],"picked":"Ball Lightning+1","floor":31},{"not_picked":["Recycle","Beam Cell+1"],"picked":"Steam+1","floor":32},{"not_picked":["Creative AI","Rainbow"],"picked":"Amplify","floor":33},{"not_picked":["Rebound+1","Steam Power"],"picked":"Undo+1","floor":35},{"not_picked":["Storm","Capacitor+1"],"picked":"Cold Snap+1","floor":36},{"not_picked":["Ball Lightning+1","Streamline+1"],"picked":"Leap+1","floor":37},{"not_picked":["Reinforced Body","Axe Kick+1"],"picked":"Leap+1","floor":40},{"not_picked":["Auto Shields+1","Glacier"],"picked":"Loop+1","floor":41}],"player_experience":222353,"potions_floor_usage":[7,14,28,28,28,31,37,41,41],"damage_taken":[{"damage":0,"enemies":"Small Slimes","floor":1,"turns":3},{"damage":6,"enemies":"Cultist","floor":4,"turns":4},{"damage":7,"enemies":"2 Louse","floor":5,"turns":3},{"damage":42,"enemies":"Gremlin Nob","floor":7,"turns":5},{"damage":21,"enemies":"Lagavulin","floor":10,"turns":7},{"damage":13,"enemies":"Exordium Wildlife","floor":11,"turns":4},{"damage":15,"enemies":"Blue Slaver","floor":13,"turns":3},{"damage":17,"enemies":"2 Fungi Beasts","floor":14,"turns":4},{"damage":32,"enemies":"Slime Boss","floor":16,"turns":10},{"damage":28,"enemies":"2 Thieves","floor":18,"turns":4},{"damage":6,"enemies":"Spheric Guardian","floor":19,"turns":3},{"damage":57,"enemies":"Gremlin Leader","floor":23,"turns":6},{"damage":30,"enemies":"Cultist and Chosen","floor":27,"turns":3},{"damage":19,"enemies":"Slavers","floor":28,"turns":3},{"damage":5,"enemies":"3 Cultists","floor":31,"turns":4},{"damage":41,"enemies":"Automaton","floor":33,"turns":7},{"damage":9,"enemies":"Orb Walker","floor":35,"turns":4},{"damage":22,"enemies":"3 Shapes","floor":36,"turns":3},{"damage":55,"enemies":"3 Darklings","floor":37,"turns":5},{"damage":66,"enemies":"Giant Head","floor":41,"turns":9},{"damage":24,"enemies":"4 Shapes","floor":42,"turns":3}],"event_choices":[{"event_name":"Transmorgrifier","player_choice":"Transform","floor":2,"damage_taken":0},{"event_name":"The Cleric","player_choice":"Leave","floor":3,"damage_taken":0},{"event_name":"Addict","player_choice":"Obtained Relic","floor":20,"damage_taken":0},{"event_name":"Vampires","player_choice":"Became a vampire","floor":21,"damage_taken":0},{"event_name":"Drug Dealer","player_choice":"Got JAXXED","floor":29,"damage_taken":0},{"event_name":"Forgotten Altar","player_choice":"Shed Blood","floor":30,"damage_taken":0}],"boss_relics":[{"not_picked":["Snecko Eye","White Beast Statue"],"picked":"Nuclear Battery"},{"not_picked":["Velvet Choker","Cursed Key"],"picked":"Inserter"}],"potions_floor_spawned":[4,7,13,16,19,28,31,36,37],"seed_played":"4549215709698248948","killed_by":"4 Shapes","ascension_level":2,"is_trial":false}