{"path_per_floor":["M","?","M","M","$","E","R","M","T","?","E","M","M","M","R","B",null,"M","M","M","$","M","R","E"],"character_chosen":"THE_SILENT","items_purchased":["Poisoned Stab","Ornamental Fan","Noxious Fumes"],"gold_per_floor":[111,61,77,88,38,64,64,79,161,236,268,288,301,321,321,420,420,433,444,461,60,75,75,102],"floor_reached":25,"campfire_rested":2,"playtime":3350,"current_hp_per_floor":[70,70,70,68,68,54,70,60,60,49,41,40,40,39,39,6,70,70,61,52,52,45,66,14],"items_purged":["Strike_G"],"gold":102,"play_id":"8040a158-663c-4ad0-86f4-df5b62e1a756","is_prod":false,"is_daily":false,"is_ascension_mode":false,"campfire_upgraded":1,"path_taken":["M","?","?","M","$","E","R","M","T","?","E","M","M","M","R","BOSS","M","M","M","$","M","R","E","M"],"build_version":"2018-02-02-BETA1","purchased_purges":1,"victory":false,"master_deck":["Defend_G","Defend_G","Defend_G","Defend_G","Defend_G","Strike_G","Strike_G","Strike_G","Survivor","Neutralize","Calculated Gamble","Catalyst","Sucker Punch","Poisoned Stab","Well Laid Plans","Distraction","Crippling Poison","Unload","Backflip","A Thousand Cuts+1","Adrenaline","Escape Plan","Bane","Outmaneuver+1","Noxious Fumes","Poisoned Stab","Dodge and Roll","Heel Hook"],"max_hp_per_floor":[70,70,70,70,70,70,70,70,70,70,70,70,70,70,70,70,70,70,70,70,70,70,70,70],"relics":["Black Star","Dream Catcher","Bag of Marbles","Mummified Hand","Pen Nib","Anchor","Philosopher\u0027s Stone","Ornamental Fan","Sundial","Peace Pipe"],"card_choices":[{"not_picked":["Deflect","Bouncing Flask"],"picked":"Calculated Gamble"},{"not_picked":["Poisoned Stab","Quick Slash"],"picked":"Catalyst"},{"not_picked":["Dagger Spray","Dagger Throw"],"picked":"Sucker Punch"},{"not_picked":["Sucker Punch","Acrobatics"],"picked":"Well Laid Plans"},{"not_picked":["Predator","Quick Slash"],"picked":"Distraction"},{"not_picked":["Prepared","Outmaneuver"],"picked":"Crippling Poison"},{"not_picked":["Slice","Riddle With Holes"],"picked":"Unload"},{"not_picked":["Outmaneuver","Dodge and Roll"],"picked":"Backflip"},{"not_picked":["Slice","Expertise"],"picked":"A Thousand Cuts"},{"not_picked":["Unload","Burst"],"picked":"Adrenaline"},{"not_picked":["Quick Slash","All Out Attack"],"picked":"Escape Plan"},{"not_picked":["Dodge and Roll","Distraction"],"picked":"Bane"},{"not_picked":["Dodge and Roll","Skewer"],"picked":"Outmaneuver"},{"not_picked":["Caltrops","Predator"],"picked":"Poisoned Stab"},{"not_picked":["Tools of the Trade","Masterful Stab"],"picked":"Dodge and Roll"},{"not_picked":["Quick Slash","Prepared"],"picked":"Heel Hook"}],"player_experience":19374,"potions_floor_usage":[6,11,16,20,22,24],"damage_taken":[{"damage":0,"enemies":"2 Louse","floor":1,"turns":4},{"damage":0,"enemies":"Jaw Worm","floor":3,"turns":6},{"damage":2,"enemies":"Blue Slaver","floor":4,"turns":6},{"damage":14,"enemies":"3 Sentries","floor":6,"turns":12},{"damage":10,"enemies":"Lots of Slimes","floor":8,"turns":4},{"damage":8,"enemies":"Lagavulin","floor":11,"turns":6},{"damage":1,"enemies":"Looter","floor":12,"turns":4},{"damage":0,"enemies":"2 Fungi Beasts","floor":13,"turns":2},{"damage":1,"enemies":"Red Slaver","floor":14,"turns":3},{"damage":33,"enemies":"Slime Boss","floor":16,"turns":11},{"damage":0,"enemies":"Chosen","floor":18,"turns":4},{"damage":9,"enemies":"Spheric Guardian","floor":19,"turns":4},{"damage":9,"enemies":"Snake Plant","floor":20,"turns":4},{"damage":7,"enemies":"Snecko","floor":22,"turns":4},{"damage":52,"enemies":"Slavers","floor":24,"turns":7},{"damage":14,"enemies":"Centurion and Healer","floor":25,"turns":3}],"event_choices":[{"event_name":"The Cleric","player_choice":"Card Removal","floor":2,"damage_taken":0},{"event_name":"World of Goop","player_choice":"Gather Gold","floor":10,"damage_taken":0}],"boss_relics":[{"not_picked":["Ectoplasm","Runic Pyramid"],"picked":"Philosopher\u0027s Stone"}],"potions_floor_spawned":[3,4,11,16,20,22],"seed_played":"-6408546497970536690","killed_by":"Centurion and Healer","ascension_level":0,"is_trial":false}