{"gold_per_floor":[17,17,32,57,232,266,266,286,312,73,73,109,133,152,152,277,277,301,314,314,338,58,58,74,88,88,88,122,122,136,167,167,268,268,285,335,349,17,29,62,62],"floor_reached":41,"playtime":3341,"items_purged":["Doubt","Injury"],"score":800,"play_id":"f9e359cb-3483-483f-ad71-662b75d611ab","local_time":"20190524175021","is_ascension_mode":true,"campfire_choices":[{"floor":7,"key":"REST"},{"floor":15,"key":"REST"},{"floor":23,"key":"REST"},{"floor":29,"key":"REST"},{"floor":32,"key":"REST"}],"neow_cost":"NO_GOLD","seed_source_timestamp":176913016679523,"circlet_count":0,"master_deck":["AscendersBane","Strike_B","Strike_B","Strike_B","Strike_B","Defend_B","Defend_B","Defend_B","Defend_B","Zap","Dualcast","Core Surge","Chill","Beam Cell","Conserve Battery","Buffer","Gash","All For One+1","Compile Driver+1","Sweeping Beam+1","Creative AI","Gash+1","Streamline+1","Beam Cell+1","Go for the Eyes+1","Sweeping Beam+1","Echo Form","Rebound+1","Sweeping Beam+1","Gash+1","Amplify","Sweeping Beam+1","Buffer","Hologram+1","Loop","Go for the Eyes+1","Hologram+1"],"relics":["Bloody Idol","Strawberry","Anchor","Molten Egg 2","Regal Pillow","Orichalcum","White Beast Statue","Nloth\u0027s Gift","PreservedInsect","Boot","Shuriken","Mummified Hand","Nuclear Battery","Emotion Chip","HandDrill","Frozen Egg 2"],"potions_floor_usage":[6,12,16,16,18,21,21,28,28,31,31,33,36,36,39,39,40,41,41,41],"damage_taken":[{"damage":1,"enemies":"Cultist","floor":1,"turns":3},{"damage":0,"enemies":"2 Louse","floor":3,"turns":2},{"damage":7,"enemies":"Jaw Worm","floor":4,"turns":3},{"damage":37,"enemies":"Gremlin Nob","floor":6,"turns":5},{"damage":5,"enemies":"Blue Slaver","floor":8,"turns":4},{"damage":21,"enemies":"Lagavulin","floor":12,"turns":8},{"damage":4,"enemies":"Lots of Slimes","floor":13,"turns":4},{"damage":4,"enemies":"Looter","floor":14,"turns":3},{"damage":33,"enemies":"The Guardian","floor":16,"turns":11},{"damage":10,"enemies":"2 Thieves","floor":18,"turns":3},{"damage":5,"enemies":"Chosen","floor":19,"turns":4},{"damage":35,"enemies":"3 Cultists","floor":21,"turns":7},{"damage":3,"enemies":"Snecko","floor":24,"turns":6},{"damage":28,"enemies":"Centurion and Healer","floor":25,"turns":8},{"damage":15,"enemies":"Book of Stabbing","floor":28,"turns":4},{"damage":13,"enemies":"Sentry and Sphere","floor":30,"turns":5},{"damage":16,"enemies":"Gremlin Leader","floor":31,"turns":5},{"damage":59,"enemies":"Automaton","floor":33,"turns":8},{"damage":17,"enemies":"3 Shapes","floor":35,"turns":6},{"damage":21,"enemies":"2 Orb Walkers","floor":36,"turns":5},{"damage":12,"enemies":"3 Darklings","floor":37,"turns":4},{"damage":18,"enemies":"Spire Growth","floor":39,"turns":5},{"damage":0,"enemies":"Nemesis","floor":40,"turns":5},{"damage":44,"enemies":"Transient","floor":41,"turns":3}],"seed_played":"-3873757262980788889","potions_obtained":[{"floor":1,"key":"Swift Potion"},{"floor":4,"key":"Strength Potion"},{"floor":13,"key":"GamblersBrew"},{"floor":14,"key":"Block Potion"},{"floor":16,"key":"Swift Potion"},{"floor":18,"key":"PowerPotion"},{"floor":19,"key":"Swift Potion"},{"floor":21,"key":"Explosive Potion"},{"floor":24,"key":"Fire Potion"},{"floor":25,"key":"Fire Potion"},{"floor":28,"key":"LiquidBronze"},{"floor":30,"key":"SpeedPotion"},{"floor":31,"key":"Ancient Potion"},{"floor":33,"key":"GamblersBrew"},{"floor":35,"key":"Regen Potion"},{"floor":36,"key":"PowerPotion"},{"floor":37,"key":"Block Potion"},{"floor":39,"key":"PowerPotion"},{"floor":40,"key":"EntropicBrew"}],"is_trial":false,"path_per_floor":["M","?","M","M","?","E","R","M","T","$","?","E","M","M","R","B",null,"M","M","?","M","$","R","M","M","T","?","E","R","M","E","R","B",null,"M","?","M","$","M","E","M"],"character_chosen":"DEFECT","items_purchased":["Molten Egg 2","PreservedInsect","Go for the Eyes+1","HandDrill","Loop"],"campfire_rested":5,"item_purchase_floors":[10,22,22,38,38],"current_hp_per_floor":[67,67,67,60,60,30,54,49,49,49,42,21,17,13,52,19,66,56,51,51,16,16,55,52,24,24,24,14,53,45,34,73,19,66,54,52,45,45,32,37,0],"gold":62,"neow_bonus":"THREE_RARE_CARDS","is_prod":false,"is_daily":false,"chose_seed":false,"campfire_upgraded":0,"win_rate":0,"timestamp":1558709421,"path_taken":["M","?","M","M","?","E","R","M","T","$","?","E","M","M","R","BOSS","M","M","?","M","$","R","?","?","T","?","E","R","M","E","R","BOSS","M","?","M","$","M","E","M"],"build_version":"2019-01-23","purchased_purges":2,"victory":false,"max_hp_per_floor":[75,75,75,75,75,82,82,82,82,82,82,82,82,82,82,82,82,82,82,82,82,82,82,82,82,82,82,82,82,82,82,82,82,82,82,82,82,82,82,82,82],"card_choices":[{"not_picked":["Amplify","Meteor Strike"],"picked":"Core Surge","floor":0},{"not_picked":["Loop","Aggregate"],"picked":"Chill","floor":1},{"not_picked":["Stack","FTL"],"picked":"Beam Cell","floor":3},{"not_picked":["Go for the Eyes","Coolheaded"],"picked":"Conserve Battery","floor":4},{"not_picked":["Skim","Fusion"],"picked":"Buffer","floor":6},{"not_picked":["Coolheaded","Undo"],"picked":"Gash","floor":8},{"not_picked":["Blizzard+1","Capacitor"],"picked":"All For One+1","floor":12},{"not_picked":["Blizzard+1","Static Discharge"],"picked":"Compile Driver+1","floor":13},{"not_picked":["Redo","Streamline+1"],"picked":"Sweeping Beam+1","floor":14},{"not_picked":["Seek","Reboot"],"picked":"Creative AI","floor":16},{"not_picked":["Glacier","Chill+1"],"picked":"Gash+1","floor":18},{"not_picked":["Ball Lightning+1","Storm+1"],"picked":"Streamline+1","floor":19},{"not_picked":["Doom and Gloom+1","Coolheaded"],"picked":"Beam Cell+1","floor":21},{"not_picked":["Leap","Streamline+1"],"picked":"Sweeping Beam+1","floor":24},{"not_picked":["Steam+1","Reinforced Body+1"],"picked":"Echo Form","floor":25},{"not_picked":["Steam+1","Auto Shields"],"picked":"Rebound+1","floor":28},{"not_picked":["Genetic Algorithm","Consume"],"picked":"Sweeping Beam+1","floor":30},{"not_picked":["Beam Cell+1","Compile Driver+1"],"picked":"Gash+1","floor":31},{"not_picked":["Thunder Strike+1","Biased Cognition"],"picked":"Amplify","floor":33},{"not_picked":["Stack+1","Darkness"],"picked":"Sweeping Beam+1","floor":35},{"not_picked":["Coolheaded+1","Ball Lightning+1"],"picked":"Buffer","floor":36},{"not_picked":["Chaos+1","Ball Lightning+1"],"picked":"Hologram+1","floor":37},{"not_picked":["Multi-Cast","Compile Driver+1"],"picked":"Go for the Eyes+1","floor":39},{"not_picked":["Conserve Battery+1","White Noise"],"picked":"Hologram+1","floor":40}],"player_experience":492075,"relics_obtained":[{"floor":6,"key":"Strawberry"},{"floor":9,"key":"Anchor"},{"floor":12,"key":"Orichalcum"},{"floor":26,"key":"Boot"},{"floor":28,"key":"Shuriken"},{"floor":31,"key":"Mummified Hand"},{"floor":36,"key":"Emotion Chip"},{"floor":40,"key":"Frozen Egg 2"}],"event_choices":[{"damage_healed":0,"gold_gain":0,"player_choice":"Take Wound","damage_taken":0,"relics_obtained":["Golden Idol"],"max_hp_gain":0,"max_hp_loss":0,"event_name":"Golden Idol","floor":2,"gold_loss":0,"cards_obtained":["Injury"]},{"damage_healed":0,"gold_gain":175,"player_choice":"AGREE","damage_taken":0,"max_hp_gain":0,"max_hp_loss":0,"event_name":"Liars Game","floor":5,"gold_loss":0,"cards_obtained":["Doubt"]},{"damage_healed":0,"gold_gain":0,"player_choice":"Success","damage_taken":7,"relics_obtained":["Regal Pillow"],"max_hp_gain":0,"max_hp_loss":0,"event_name":"Scrap Ooze","floor":11,"gold_loss":0},{"damage_healed":0,"gold_gain":0,"player_choice":"Traded Relic","damage_taken":0,"relics_obtained":["Nloth\u0027s Gift"],"max_hp_gain":0,"max_hp_loss":0,"event_name":"N\u0027loth","floor":20,"relics_lost":["Cracked Core"],"gold_loss":0},{"damage_healed":0,"gold_gain":0,"player_choice":"Gave Idol","damage_taken":0,"relics_obtained":["Bloody Idol"],"max_hp_gain":0,"max_hp_loss":0,"event_name":"Forgotten Altar","floor":27,"relics_lost":["Golden Idol"],"gold_loss":0},{"damage_healed":0,"gold_gain":0,"player_choice":"Fight","damage_taken":0,"max_hp_gain":0,"max_hp_loss":0,"event_name":"Mysterious Sphere","floor":36,"gold_loss":0}],"is_beta":false,"boss_relics":[{"not_picked":["Astrolabe","Coffee Dripper"],"picked":"White Beast Statue"},{"not_picked":["Runic Pyramid","Calling Bell"],"picked":"Nuclear Battery"}],"items_purged_floors":[22,38],"is_endless":false,"potions_floor_spawned":[1,4,13,14,16,18,19,21,24,25,28,30,31,33,35,36,37,39,40],"killed_by":"Transient","ascension_level":10}