{"gold_per_floor":[119,136,152,152,162,192,212,212,292,84,113,113,123,123,123,194,194,214,214,129,179,13,41,41,41,119,119,19,50,67,101,101,180,180,196,14,33,33,33,33,33,33,86,114,114,114,148,163,163,163],"floor_reached":50,"playtime":5594,"items_purged":["Strike_G","Regret","Clumsy"],"score":1199,"play_id":"bdb75018-55b5-4e53-b7bb-aa40711ee58c","local_time":"20190519194341","is_ascension_mode":true,"campfire_choices":[{"floor":8.0,"key":"REST"},{"floor":12.0,"key":"REST"},{"floor":15.0,"key":"REST"},{"floor":27.0,"key":"REST"},{"floor":32.0,"key":"REST"},{"data":"Catalyst","floor":40.0,"key":"SMITH"},{"data":"Wraith Form v2","floor":42.0,"key":"SMITH"},{"floor":45.0,"key":"REST"},{"floor":49.0,"key":"REST"}],"neow_cost":"NONE","seed_source_timestamp":24174964760200,"circlet_count":0,"master_deck":["AscendersBane","Defend_G","Defend_G","Defend_G","Defend_G","Defend_G","Strike_G+1","Strike_G+1","Survivor","Neutralize+1","Slice","Deadly Poison","Footwork","Bane","Leg Sweep","Predator","Dagger Spray","Caltrops+1","Acrobatics","Cloak And Dagger","Corpse Explosion","Cloak And Dagger+1","Noxious Fumes","Deadly Poison+1","Dash","Endless Agony","Backflip","PiercingWail","Wraith Form v2+1","Catalyst+1","Blur","Catalyst","Calculated Gamble","Writhe","Parasite","Crippling Poison+1"],"special_seed":0,"relics":["Ring of the Snake","Vajra","Gremlin Horn","Kunai","The Specimen","Cursed Key","Snake Skull","Whetstone","Du-Vu Doll","Paper Crane","Orichalcum","Question Card","Orrery","Potion Belt","Strawberry","Calipers"],"potions_floor_usage":[],"damage_taken":[{"damage":3.0,"enemies":"Jaw Worm","floor":1.0,"turns":4.0},{"damage":5.0,"enemies":"2 Louse","floor":2.0,"turns":4.0},{"damage":2.0,"enemies":"Small Slimes","floor":3.0,"turns":4.0},{"damage":14.0,"enemies":"Exordium Thugs","floor":5.0,"turns":7.0},{"damage":28.0,"enemies":"3 Sentries","floor":6.0,"turns":13.0},{"damage":0.0,"enemies":"Blue Slaver","floor":7.0,"turns":5.0},{"damage":11.0,"enemies":"Lagavulin","floor":11.0,"turns":10.0},{"damage":1.0,"enemies":"3 Louse","floor":13.0,"turns":3.0},{"damage":17.0,"enemies":"The Guardian","floor":16.0,"turns":10.0},{"damage":5.0,"enemies":"Spheric Guardian","floor":18.0,"turns":5.0},{"damage":27.0,"enemies":"Book of Stabbing","floor":23.0,"turns":5.0},{"damage":3.0,"enemies":"Gremlin Leader","floor":29.0,"turns":6.0},{"damage":5.0,"enemies":"2 Thieves","floor":30.0,"turns":4.0},{"damage":14.0,"enemies":"Book of Stabbing","floor":31.0,"turns":4.0},{"damage":14.0,"enemies":"Automaton","floor":33.0,"turns":10.0},{"damage":37.0,"enemies":"3 Darklings","floor":35.0,"turns":5.0},{"damage":1.0,"enemies":"Orb Walker","floor":37.0,"turns":3.0},{"damage":27.0,"enemies":"Reptomancer","floor":44.0,"turns":5.0},{"damage":14.0,"enemies":"Giant Head","floor":47.0,"turns":6.0},{"damage":16.0,"enemies":"Spire Growth","floor":48.0,"turns":4.0},{"damage":28,"enemies":"Awakened One","floor":50,"turns":3}],"seed_played":"6372453140986431637","potions_obtained":[{"floor":2.0,"key":"SkillPotion"},{"floor":7.0,"key":"Fire Potion"},{"floor":11.0,"key":"Fire Potion"},{"floor":13.0,"key":"AttackPotion"},{"floor":16.0,"key":"EssenceOfSteel"},{"floor":23.0,"key":"SpeedPotion"},{"floor":30.0,"key":"Weak Potion"},{"floor":33.0,"key":"Fire Potion"},{"floor":37.0,"key":"FearPotion"},{"floor":47.0,"key":"Swift Potion"}],"is_trial":false,"path_per_floor":["M","M","M","?","M","E","M","R","T","$","E","R","M","?","R","B",null,"M","?","$","?","$","E","T","?","T","R","$","E","M","E","R","B",null,"M","$","M","?","$","R","?","R","T","E","R","?","E","M","R","B"],"character_chosen":"THE_SILENT","items_purchased":["Dagger Spray","Caltrops","Noxious Fumes","Snake Skull","FearPotion"],"campfire_rested":7,"item_purchase_floors":[10,10,20,22,36],"current_hp_per_floor":[56,51,49,49,35,7,7,26,26,26,15,34,33,13,32,15,53,48,48,48,48,48,21,21,21,21,40,40,37,32,18,37,23,55,18,18,17,30,30,30,30,30,30,10,31,31,17,1,22,0],"gold":163,"neow_bonus":"RANDOM_COMMON_RELIC","is_prod":false,"is_daily":false,"chose_seed":false,"campfire_upgraded":2,"win_rate":0,"timestamp":1558320221,"path_taken":["M","M","M","?","M","E","M","R","T","$","E","R","M","?","R","BOSS","M","?","$","?","$","E","?","?","T","R","$","E","M","E","R","BOSS","M","$","M","?","$","R","?","R","T","E","R","?","E","?","R","BOSS"],"build_version":"2019-01-23","purchased_purges":3,"victory":false,"max_hp_per_floor":[66,66,66,66,66,66,66,66,66,66,66,66,66,66,66,66,66,66,66,66,66,66,66,66,66,66,66,66,66,66,66,66,66,66,66,66,66,66,66,66,66,66,66,73,73,73,73,73,73,73],"card_choices":[{"not_picked":["Quick Slash","Sucker Punch"],"picked":"Slice","floor":1.0},{"not_picked":["Underhanded Strike","Backflip"],"picked":"Deadly Poison","floor":2.0},{"not_picked":["Underhanded Strike","Poisoned Stab"],"picked":"Footwork","floor":3.0},{"not_picked":["Crippling Poison","Poisoned Stab"],"picked":"Bane","floor":5.0},{"not_picked":["Deadly Poison","Flechettes"],"picked":"Leg Sweep","floor":6.0},{"not_picked":["Sucker Punch","Riddle With Holes"],"picked":"Predator","floor":7.0},{"not_picked":["Venomology","Sucker Punch"],"picked":"Acrobatics","floor":11.0},{"not_picked":["Flechettes","Concentrate"],"picked":"Cloak And Dagger","floor":13.0},{"not_picked":["Grand Finale","Adrenaline"],"picked":"Corpse Explosion","floor":16.0},{"not_picked":["Reflex+1","Poisoned Stab"],"picked":"Cloak And Dagger+1","floor":18.0},{"not_picked":["Blade Dance","Venomology"],"picked":"Deadly Poison+1","floor":23.0},{"not_picked":["Deflect","Cloak And Dagger"],"picked":"Endless Agony","floor":29.0},{"not_picked":["Setup","Backstab+1"],"picked":"Backflip","floor":30.0},{"not_picked":["Quick Slash","Dagger Throw"],"picked":"PiercingWail","floor":31.0},{"not_picked":["Storm of Steel","Tools of the Trade","Malaise"],"picked":"Wraith Form v2","floor":33.0},{"not_picked":["Blade Dance","Heel Hook","Poisoned Stab"],"picked":"Catalyst","floor":34.0},{"not_picked":["Heel Hook","Eviscerate","Quick Slash"],"picked":"Blur","floor":34.0},{"not_picked":["Prepared","Flying Knee","Backstab"],"picked":"Catalyst","floor":34.0},{"not_picked":["Predator","Acrobatics+1","Bane+1","Envenom"],"picked":"SKIP","floor":35.0},{"not_picked":["Dagger Spray+1","Skewer+1","Acrobatics+1"],"picked":"Calculated Gamble","floor":37.0},{"not_picked":["Backflip","Cloak And Dagger","Concentrate"],"picked":"Crippling Poison+1","floor":44.0},{"not_picked":["Calculated Gamble","Backstab","Accuracy","Outmaneuver"],"picked":"SKIP","floor":47.0},{"not_picked":["Heel Hook","PiercingWail","Footwork","Poisoned Stab"],"picked":"SKIP","floor":48.0}],"player_experience":1397491,"relics_obtained":[{"floor":6.0,"key":"Gremlin Horn"},{"floor":9.0,"key":"Kunai"},{"floor":11.0,"key":"The Specimen"},{"floor":23.0,"key":"Whetstone"},{"floor":24.0,"key":"Du-Vu Doll"},{"floor":26.0,"key":"Paper Crane"},{"floor":29.0,"key":"Orichalcum"},{"floor":31.0,"key":"Question Card"},{"floor":43.0,"key":"Potion Belt"},{"floor":44.0,"key":"Strawberry"},{"floor":47.0,"key":"Calipers"}],"event_choices":[{"damage_healed":0.0,"max_hp_gain":0.0,"max_hp_loss":0.0,"gold_gain":0.0,"event_name":"Liars Game","player_choice":"Ignored","floor":4.0,"gold_loss":0.0,"damage_taken":0.0},{"damage_healed":0.0,"max_hp_gain":0.0,"max_hp_loss":0.0,"gold_gain":0.0,"event_name":"Shining Light","player_choice":"Entered Light","floor":14.0,"gold_loss":0.0,"damage_taken":20.0,"cards_upgraded":["Strike_G","Caltrops"]},{"damage_healed":0.0,"max_hp_gain":0.0,"max_hp_loss":0.0,"gold_gain":0.0,"event_name":"Vampires","player_choice":"Ignored","floor":19.0,"gold_loss":0.0,"damage_taken":0.0},{"damage_healed":0.0,"max_hp_gain":0.0,"max_hp_loss":0.0,"gold_gain":50.0,"event_name":"Nest","player_choice":"Stole From Cult","floor":21.0,"gold_loss":0.0,"damage_taken":0.0},{"damage_healed":0.0,"max_hp_gain":0.0,"max_hp_loss":0.0,"gold_gain":0.0,"cards_transformed":["Strike_G","Strike_G"],"event_name":"Drug Dealer","player_choice":"Became Test Subject","floor":25.0,"gold_loss":0.0,"damage_taken":0.0,"cards_obtained":["Dash","Tools of the Trade"]},{"damage_healed":13.0,"max_hp_gain":0.0,"max_hp_loss":0.0,"gold_gain":0.0,"event_name":"Winding Halls","player_choice":"Writhe","floor":38.0,"gold_loss":0.0,"damage_taken":0.0,"cards_obtained":["Writhe"]},{"cards_removed":["Tools of the Trade"],"damage_healed":0.0,"max_hp_gain":0.0,"max_hp_loss":0.0,"gold_gain":0.0,"event_name":"Falling","player_choice":"Removed Power","floor":41.0,"gold_loss":0.0,"damage_taken":0.0},{"damage_healed":0.0,"max_hp_gain":0.0,"max_hp_loss":0.0,"gold_gain":0.0,"event_name":"Mysterious Sphere","player_choice":"Ignored","floor":46.0,"gold_loss":0.0,"damage_taken":0.0}],"is_beta":false,"boss_relics":[{"not_picked":["Velvet Choker","Calling Bell"],"picked":"Cursed Key"},{"not_picked":["Black Star","Fusion Hammer"],"picked":"Orrery"}],"items_purged_floors":[10,28,36],"is_endless":false,"potions_floor_spawned":[2,7,11,13,16,23,30,33,37,47],"killed_by":"Awakened One","ascension_level":20}