{"gold_per_floor":[112,131,148,160,179,179,210,230,230,241,241,270,280,280,280,383,433,443,460,336,354,354],"floor_reached":22,"playtime":1134,"items_purged":["Strike_B"],"score":232,"play_id":"ee002bf7-b86d-4701-a282-f6a535c469f9","local_time":"20181028202540","is_ascension_mode":true,"campfire_choices":[{"data":"Zap","floor":6,"key":"SMITH"},{"data":"Hologram","floor":11,"key":"SMITH"},{"floor":15,"key":"REST"}],"neow_cost":"NONE","seed_source_timestamp":349454994017979,"circlet_count":0,"master_deck":["Strike_B","Strike_B","Defend_B","Defend_B","Defend_B","Defend_B","Zap+1","Dualcast+1","Scrape","Skim","Stack+1","Hologram+1","FTL","Streamline","Melter","Turbo","Beam Cell","Scrape","Beam Cell","Conserve Battery"],"relics":["Cracked Core","Happy Flower","Dream Catcher","FossilizedHelix","Tiny House"],"potions_floor_usage":[4,4,4,5,7,12],"damage_taken":[{"damage":3,"enemies":"2 Louse","floor":1,"turns":3},{"damage":3,"enemies":"Small Slimes","floor":2,"turns":3},{"damage":2,"enemies":"Jaw Worm","floor":3,"turns":4},{"damage":13,"enemies":"Lots of Slimes","floor":4,"turns":2},{"damage":1,"enemies":"2 Fungi Beasts","floor":5,"turns":4},{"damage":9,"enemies":"Gremlin Nob","floor":7,"turns":3},{"damage":0,"enemies":"Exordium Thugs","floor":8,"turns":4},{"damage":1,"enemies":"3 Louse","floor":10,"turns":2},{"damage":14,"enemies":"Lagavulin","floor":12,"turns":5},{"damage":0,"enemies":"Exordium Wildlife","floor":13,"turns":2},{"damage":28,"enemies":"The Guardian","floor":16,"turns":8},{"damage":17,"enemies":"2 Thieves","floor":18,"turns":4},{"damage":6,"enemies":"3 Byrds","floor":19,"turns":5},{"damage":50,"enemies":"Shelled Parasite and Fungi","floor":21,"turns":7},{"damage":25,"enemies":"Snecko","floor":22,"turns":4}],"seed_played":"8700305994878755332","potions_obtained":[{"floor":1,"key":"Swift Potion"},{"floor":2,"key":"EntropicBrew"},{"floor":7,"key":"AttackPotion"},{"floor":12,"key":"FearPotion"},{"floor":13,"key":"SpeedPotion"},{"floor":17,"key":"SteroidPotion"}],"is_trial":false,"path_per_floor":["M","M","M","M","M","R","E","M","T","M","R","E","M","?","R","B",null,"M","M","$","M"],"character_chosen":"DEFECT","items_purchased":["PowerPotion"],"campfire_rested":1,"item_purchase_floors":[20],"current_hp_per_floor":[72,69,67,54,53,53,44,44,44,43,43,29,29,29,51,23,80,63,57,57,7,0],"gold":354,"neow_bonus":"REMOVE_CARD","is_prod":false,"is_daily":false,"chose_seed":false,"campfire_upgraded":2,"win_rate":0,"timestamp":1540783540,"path_taken":["M","M","M","M","M","R","E","M","T","M","R","E","M","?","R","BOSS","M","M","$","M","?"],"build_version":"2018-10-25v2","purchased_purges":1,"victory":false,"max_hp_per_floor":[75,75,75,75,75,75,75,75,75,75,75,75,75,75,75,75,80,80,80,80,80,80],"card_choices":[{"not_picked":["Capacitor","Beam Cell"],"picked":"Scrape","floor":1},{"not_picked":["Ball Lightning","Redo"],"picked":"Skim","floor":2},{"not_picked":["Barrage","Darkness"],"picked":"Stack","floor":3},{"not_picked":["Coolheaded","Cold Snap"],"picked":"Hologram","floor":4},{"not_picked":["Undo","Reinforced Body"],"picked":"FTL","floor":5},{"not_picked":["Fission","Ball Lightning"],"picked":"Streamline","floor":7},{"not_picked":["Sweeping Beam","Doom and Gloom"],"picked":"Melter","floor":8},{"not_picked":["Streamline","Chaos","Tempest"],"picked":"SKIP","floor":10},{"not_picked":["Tempest","Stack"],"picked":"Turbo","floor":12},{"not_picked":["Chaos","Melter"],"picked":"Beam Cell","floor":13},{"not_picked":["Beam Cell","Streamline"],"picked":"Scrape","floor":15},{"not_picked":["Heatsinks","Stack"],"picked":"Beam Cell","floor":17},{"not_picked":["Sweeping Beam+1","Barrage"],"picked":"Conserve Battery","floor":18},{"not_picked":["Undo","Conserve Battery+1","Consume"],"picked":"SKIP","floor":19},{"not_picked":["Rebound","Undo","Sweeping Beam"],"picked":"SKIP","floor":21}],"player_experience":146011,"relics_obtained":[{"floor":7,"key":"Happy Flower"},{"floor":9,"key":"Dream Catcher"},{"floor":12,"key":"FossilizedHelix"}],"event_choices":[{"damage_healed":0,"gold_gain":0,"player_choice":"Grow","damage_taken":0,"max_hp_gain":0,"max_hp_loss":0,"event_name":"Living Wall","floor":14,"gold_loss":0,"cards_upgraded":["Dualcast"]}],"is_beta":false,"boss_relics":[{"not_picked":["White Beast Statue","Velvet Choker"],"picked":"Tiny House"}],"items_purged_floors":[20],"is_endless":false,"potions_floor_spawned":[1,2,7,12,13,18,21],"killed_by":"Snecko","ascension_level":3}