{"gold_per_floor":[112,127,139,150,164,189,189,189,189,206,206,13,27,40,40,40],"floor_reached":16,"playtime":596,"items_purged":[],"score":127,"play_id":"11af0391-b30e-4dc2-b2ff-ce014af7d4fd","local_time":"20181125172835","is_ascension_mode":true,"campfire_choices":[{"floor":7,"key":"REST"},{"data":"Hyperbeam","floor":11,"key":"SMITH"},{"data":"Hologram","floor":15,"key":"SMITH"}],"neow_cost":"PERCENT_DAMAGE","seed_source_timestamp":4259878710721,"circlet_count":0,"master_deck":["Strike_B","Strike_B","Strike_B","Strike_B","Defend_B","Defend_B","Defend_B","Defend_B","Zap","Dualcast","Hyperbeam+1","Gash","Hologram+1","Steam","Steam","FTL","Gash","Beam Cell","Beam Cell","Gash"],"relics":["Cracked Core","Oddly Smooth Stone","Sundial","Orichalcum"],"potions_floor_usage":[6,16,16],"damage_taken":[{"damage":0,"enemies":"Cultist","floor":1,"turns":2},{"damage":2,"enemies":"Jaw Worm","floor":2,"turns":2},{"damage":0,"enemies":"Small Slimes","floor":3,"turns":3},{"damage":0,"enemies":"3 Louse","floor":4,"turns":1},{"damage":19,"enemies":"Gremlin Gang","floor":5,"turns":3},{"damage":26,"enemies":"Gremlin Nob","floor":6,"turns":4},{"damage":0,"enemies":"Lots of Slimes","floor":10,"turns":1},{"damage":0,"enemies":"Exordium Thugs","floor":13,"turns":3},{"damage":0,"enemies":"Exordium Wildlife","floor":14,"turns":1},{"damage":32,"enemies":"Slime Boss","floor":16,"turns":7}],"seed_played":"6375331408410752104","potions_obtained":[{"floor":3,"key":"Dexterity Potion"},{"floor":4,"key":"Energy Potion"},{"floor":8,"key":"Strength Potion"},{"floor":8,"key":"GamblersBrew"},{"floor":8,"key":"FocusPotion"}],"is_trial":false,"path_per_floor":["M","M","M","M","M","E","R","?","T","M","R","$","M","M","R","B"],"character_chosen":"DEFECT","items_purchased":["Orichalcum","Beam Cell"],"campfire_rested":1,"item_purchase_floors":[12,12],"current_hp_per_floor":[54,52,52,52,33,7,29,29,29,29,29,29,29,29,29,0],"gold":40,"neow_bonus":"THREE_RARE_CARDS","is_prod":false,"is_daily":false,"chose_seed":false,"campfire_upgraded":2,"win_rate":0,"timestamp":1543195715,"path_taken":["M","?","M","M","M","E","R","?","T","M","R","?","M","M","R","BOSS"],"build_version":"2018-11-15","purchased_purges":0,"victory":false,"max_hp_per_floor":[75,75,75,75,75,75,75,75,75,75,75,75,75,75,75,75],"card_choices":[{"not_picked":["Electrodynamics","Meteor Strike"],"picked":"Hyperbeam","floor":0},{"not_picked":["Blizzard","Sweeping Beam"],"picked":"Gash","floor":1},{"not_picked":["Streamline","Sweeping Beam"],"picked":"Hologram","floor":2},{"not_picked":["Skim","Hologram"],"picked":"Steam","floor":3},{"not_picked":["Melter","Force Field"],"picked":"Steam","floor":4},{"not_picked":["Leap","Go for the Eyes"],"picked":"FTL","floor":5},{"not_picked":["Redo","Rebound"],"picked":"Gash","floor":6},{"not_picked":["Melter","Cold Snap"],"picked":"Beam Cell","floor":10},{"not_picked":["Amplify","Ball Lightning"],"picked":"Gash","floor":13},{"not_picked":["Static Discharge","Glacier","Consume"],"picked":"SKIP","floor":14}],"player_experience":172547,"relics_obtained":[{"floor":6,"key":"Oddly Smooth Stone"},{"floor":9,"key":"Sundial"}],"event_choices":[{"damage_healed":0,"gold_gain":0,"player_choice":"Got Potions","damage_taken":0,"max_hp_gain":0,"max_hp_loss":0,"event_name":"Lab","floor":8,"gold_loss":0}],"is_beta":false,"boss_relics":[],"items_purged_floors":[],"is_endless":false,"potions_floor_spawned":[3,4,14],"killed_by":"Slime Boss","ascension_level":4}