{"gold_per_floor":[113,188,204,204,220,249,269,330,376,376,391,402,402,427,427,524,524,543,543,555,555,555,566,596,596,596,630,630,655,655,666,666,768,768,783,833,833,833,843,843,843,919,919,919],"floor_reached":44,"playtime":2493,"items_purged":[],"score":637,"play_id":"b565aee2-6da5-4b92-a10a-ee0fe88322cf","local_time":"20181024224909","is_ascension_mode":true,"campfire_choices":[{"data":"Neutralize","floor":15,"key":"SMITH"},{"data":"Doppelganger","floor":25,"key":"SMITH"},{"data":"RitualDagger","floor":28,"key":"SMITH"},{"data":"Night Terror","floor":30,"key":"SMITH"},{"floor":32,"key":"REST"},{"floor":40,"key":"REST"}],"neow_cost":"NONE","seed_source_timestamp":11101976751517,"circlet_count":0,"master_deck":["Survivor","Neutralize+1","Caltrops","Dagger Spray","Quick Slash","Cloak And Dagger","Finisher+1","Flying Knee","Noxious Fumes+1","Malaise+1","Finisher","Cloak And Dagger","Doppelganger+1","Blade Dance","Sucker Punch","Backflip","Well Laid Plans+1","Flechettes","Leg Sweep","Endless Agony","Footwork+1","All Out Attack+1","Endless Agony","RitualDagger+1","Backflip","Bouncing Flask","Footwork+1","Night Terror+1","Backflip","Storm of Steel","Blade Dance","Madness","Madness","Mind Blast+1","Endless Agony+1","Riddle With Holes+1"],"relics":["Ring of the Snake","Ninja Scroll","Frozen Egg 2","Tiny Chest","Dream Catcher","Pear","Pandora\u0027s Box","Shuriken","Whetstone","Kunai","Molten Egg 2","Tingsha","Empty Cage","Shovel","Gremlin Horn","Ancient Tea Set"],"potions_floor_usage":[6,16,16,29,33,36,44],"damage_taken":[{"damage":0,"enemies":"Jaw Worm","floor":1,"turns":5},{"damage":0,"enemies":"2 Louse","floor":3,"turns":3},{"damage":0,"enemies":"Cultist","floor":5,"turns":3},{"damage":9,"enemies":"3 Sentries","floor":6,"turns":5},{"damage":0,"enemies":"Exordium Wildlife","floor":7,"turns":2},{"damage":15,"enemies":"Lagavulin","floor":8,"turns":5},{"damage":2,"enemies":"Large Slime","floor":11,"turns":5},{"damage":0,"enemies":"Exordium Thugs","floor":12,"turns":2},{"damage":15,"enemies":"3 Sentries","floor":14,"turns":6},{"damage":0,"enemies":"Hexaghost","floor":16,"turns":8},{"damage":15,"enemies":"Chosen","floor":18,"turns":5},{"damage":0,"enemies":"3 Byrds","floor":20,"turns":3},{"damage":7,"enemies":"Cultist and Chosen","floor":23,"turns":6},{"damage":0,"enemies":"Gremlin Leader","floor":24,"turns":5},{"damage":9,"enemies":"Slavers","floor":27,"turns":4},{"damage":18,"enemies":"Gremlin Leader","floor":29,"turns":3},{"damage":0,"enemies":"Centurion and Healer","floor":31,"turns":3},{"damage":31,"enemies":"Collector","floor":33,"turns":6},{"damage":11,"enemies":"Orb Walker","floor":35,"turns":2},{"damage":31,"enemies":"2 Orb Walkers","floor":36,"turns":4},{"damage":18,"enemies":"3 Darklings","floor":39,"turns":3},{"damage":43,"enemies":"Writhing Mass","floor":44,"turns":3}],"seed_played":"-3825620487513075494","potions_obtained":[{"floor":1,"key":"Weak Potion"},{"floor":5,"key":"Strength Potion"},{"floor":6,"key":"Dexterity Potion"},{"floor":14,"key":"LiquidBronze"},{"floor":27,"key":"SteroidPotion"},{"floor":31,"key":"AttackPotion"},{"floor":33,"key":"Dexterity Potion"},{"floor":35,"key":"SkillPotion"},{"floor":36,"key":"PowerPotion"}],"is_trial":false,"path_per_floor":["M","?","M","?","M","E","M","E","T","?","M","M","?","E","R","B",null,"M","?","M","?","T","M","E","R","T","E","R","E","R","M","R","B",null,"M","?","?","?","M","R","?","T","T"],"character_chosen":"THE_SILENT","items_purchased":[],"campfire_rested":2,"item_purchase_floors":[],"current_hp_per_floor":[77,66,66,66,66,57,57,42,42,42,40,40,40,35,35,35,87,72,72,72,66,66,59,59,59,59,50,50,32,32,32,58,27,87,76,45,34,34,16,42,42,42,42,0],"gold":919,"neow_bonus":"TEN_PERCENT_HP_BONUS","is_prod":false,"is_daily":false,"chose_seed":false,"campfire_upgraded":4,"win_rate":0,"timestamp":1540446549,"path_taken":["M","?","M","?","M","E","M","E","T","?","M","M","?","E","R","BOSS","M","?","M","?","?","M","E","R","T","E","R","E","R","?","R","BOSS","M","?","?","?","M","R","?","?","T","?"],"build_version":"2018-10-18","purchased_purges":0,"victory":false,"max_hp_per_floor":[77,77,77,77,77,77,77,77,77,77,77,77,77,87,87,87,87,87,87,87,87,87,87,87,87,87,87,87,87,87,87,87,87,87,87,87,87,87,87,87,87,87,87,87],"card_choices":[{"not_picked":["Flechettes","Accuracy"],"picked":"Caltrops","floor":1},{"not_picked":["Calculated Gamble","Outmaneuver"],"picked":"Dagger Spray","floor":3},{"not_picked":["PiercingWail","Choke"],"picked":"Quick Slash","floor":5},{"not_picked":["Outmaneuver","Prepared"],"picked":"Cloak And Dagger","floor":6},{"not_picked":["Tactician","Blade Dance"],"picked":"Finisher","floor":7},{"not_picked":["Prepared","Crippling Poison"],"picked":"Flying Knee","floor":8},{"not_picked":["Acrobatics","Terror"],"picked":"Malaise","floor":11},{"not_picked":["Quick Slash","All Out Attack"],"picked":"Finisher","floor":12},{"not_picked":["Distraction","Masterful Stab"],"picked":"Cloak And Dagger","floor":14},{"not_picked":["Grand Finale","Malaise"],"picked":"Doppelganger","floor":16},{"not_picked":["Dash","Deflect"],"picked":"Footwork+1","floor":18},{"not_picked":["Calculated Gamble","Masterful Stab","Flechettes"],"picked":"SKIP","floor":20},{"not_picked":["Deadly Poison+1","Bane"],"picked":"Backflip","floor":23},{"not_picked":["Poisoned Stab","Dodge and Roll"],"picked":"Bouncing Flask","floor":24},{"not_picked":["Dagger Spray","Sucker Punch"],"picked":"Footwork+1","floor":27},{"not_picked":["Poisoned Stab+1","Prepared"],"picked":"Night Terror","floor":29},{"not_picked":["Poisoned Stab+1","Quick Slash+1"],"picked":"Dagger Throw+1","floor":31},{"not_picked":["Dodge and Roll","Distraction+1"],"picked":"Backflip","floor":32},{"not_picked":["Grand Finale+1","Venomology"],"picked":"Storm of Steel","floor":33},{"not_picked":["Poisoned Stab+1","Choke+1","Dagger Spray+1"],"picked":"SKIP","floor":35},{"not_picked":["Heel Hook+1","Finisher+1"],"picked":"Blade Dance","floor":36},{"not_picked":["Madness","PanicButton"],"picked":"Mind Blast+1","floor":38},{"not_picked":["Cloak And Dagger","Quick Slash+1"],"picked":"Endless Agony+1","floor":39},{"not_picked":["Quick Slash+1","All Out Attack+1"],"picked":"Riddle With Holes+1","floor":40}],"player_experience":83949,"relics_obtained":[{"floor":6,"key":"Frozen Egg 2"},{"floor":8,"key":"Tiny Chest"},{"floor":9,"key":"Dream Catcher"},{"floor":14,"key":"Pear"},{"floor":22,"key":"Shuriken"},{"floor":24,"key":"Whetstone"},{"floor":26,"key":"Kunai"},{"floor":27,"key":"Molten Egg 2"},{"floor":29,"key":"Tingsha"},{"floor":36,"key":"Shovel"},{"floor":42,"key":"Gremlin Horn"},{"floor":43,"key":"Ancient Tea Set"}],"event_choices":[{"damage_healed":0,"gold_gain":75,"player_choice":"Gather Gold","damage_taken":11,"max_hp_gain":0,"max_hp_loss":0,"event_name":"World of Goop","floor":2,"gold_loss":0},{"damage_healed":0,"gold_gain":0,"player_choice":"Gave Potion","damage_taken":0,"relics_obtained":["Ninja Scroll"],"max_hp_gain":0,"max_hp_loss":0,"event_name":"WeMeetAgain","floor":4,"gold_loss":0},{"damage_healed":0,"gold_gain":0,"player_choice":"2 cards matched","damage_taken":0,"max_hp_gain":0,"max_hp_loss":0,"event_name":"Match and Keep!","floor":10,"gold_loss":0,"cards_obtained":["Underhanded Strike","Noxious Fumes"]},{"damage_healed":0,"gold_gain":0,"player_choice":"Upgraded","damage_taken":0,"max_hp_gain":0,"max_hp_loss":0,"event_name":"Upgrade Shrine","floor":13,"gold_loss":0,"cards_upgraded":["Malaise"]},{"damage_healed":0,"gold_gain":0,"cards_transformed":["Underhanded Strike","Underhanded Strike"],"player_choice":"Became Test Subject","damage_taken":0,"max_hp_gain":0,"max_hp_loss":0,"event_name":"Drug Dealer","floor":19,"gold_loss":0,"cards_obtained":["All Out Attack","Endless Agony"]},{"damage_healed":0,"gold_gain":0,"player_choice":"Joined the Cult","damage_taken":6,"max_hp_gain":0,"max_hp_loss":0,"event_name":"Nest","floor":21,"gold_loss":0,"cards_obtained":["RitualDagger"]},{"damage_healed":0,"gold_gain":0,"player_choice":"Fight","damage_taken":0,"max_hp_gain":0,"max_hp_loss":0,"event_name":"Mysterious Sphere","floor":36,"gold_loss":0},{"damage_healed":0,"gold_gain":0,"player_choice":"Embrace Madness","damage_taken":11,"max_hp_gain":0,"max_hp_loss":0,"event_name":"Winding Halls","floor":37,"gold_loss":0,"cards_obtained":["Madness","Madness"]},{"damage_healed":0,"gold_gain":0,"player_choice":"Memory 1","damage_taken":0,"max_hp_gain":0,"max_hp_loss":0,"event_name":"SensoryStone","floor":38,"gold_loss":0},{"cards_removed":["Dagger Throw"],"damage_healed":0,"gold_gain":0,"player_choice":"Removed Attack","damage_taken":0,"max_hp_gain":0,"max_hp_loss":0,"event_name":"Falling","floor":41,"gold_loss":0}],"is_beta":false,"boss_relics":[{"not_picked":["Runic Dome","Lizard Tail"],"picked":"Pandora\u0027s Box"},{"not_picked":["Orrery","White Beast Statue"],"picked":"Empty Cage"}],"items_purged_floors":[],"is_endless":false,"potions_floor_spawned":[1,5,6,14,27,31,33,35,36],"killed_by":"Writhing Mass","ascension_level":1}