{"path_per_floor":["M","?","?","M","$","R","M","R","T","M","M","$","R","E","R","B",null,"M","?","?","T","$","$","E","R","T","E","$","R"],"character_chosen":"THE_SILENT","items_purchased":["Noxious Fumes","Footwork","Regen Potion"],"gold_per_floor":[110,110,110,128,59,59,70,70,70,89,109,39,39,65,65,164,164,184,109,9,9,9,9,35,35,35,69,21,21],"floor_reached":30,"campfire_rested":1,"playtime":1489,"current_hp_per_floor":[70,63,63,60,60,60,57,57,57,57,45,45,45,36,36,36,70,68,68,68,68,68,68,46,46,46,9,9,30],"items_purged":[],"gold":21,"score":262,"play_id":"6a854244-be23-461a-8428-8f91e989e831","is_prod":false,"is_daily":false,"is_ascension_mode":false,"campfire_upgraded":5,"path_taken":["M","?","?","M","$","R","M","R","T","?","M","$","R","E","R","BOSS","M","?","?","?","?","$","E","R","T","E","$","R","E"],"build_version":"2018-02-22-PROD2","purchased_purges":0,"victory":false,"master_deck":["Defend_G","Defend_G","Defend_G","Strike_G","Strike_G","Strike_G","Survivor","Neutralize+1","Cloak And Dagger+1","Dodge and Roll","Noxious Fumes+1","Flying Knee","Escape Plan","Dagger Spray","Footwork+1","Well Laid Plans","Corpse Explosion","Storm of Steel+1","Endless Agony+1","Deadly Poison","J.A.X.","Slice","Accuracy+1","Footwork","Catalyst+1"],"max_hp_per_floor":[70,70,70,70,70,70,70,70,70,70,70,70,70,70,70,70,70,70,70,70,70,70,70,70,70,70,70,70,70],"relics":["Ring of the Snake","Prayer Wheel","Pantograph","Astrolabe","Kunai","Gremlin Horn","Calipers"],"card_choices":[{"not_picked":["All Out Attack","Acrobatics"],"picked":"Cloak And Dagger"},{"not_picked":["Tools of the Trade","Prepared"],"picked":"Dodge and Roll"},{"not_picked":["Deadly Poison","All Out Attack"],"picked":"Flying Knee"},{"not_picked":["Flying Knee","Finisher"],"picked":"Escape Plan"},{"not_picked":["Leg Sweep","Outmaneuver"],"picked":"Dagger Spray"},{"not_picked":["Doppelganger","Flying Knee"],"picked":"Well Laid Plans"},{"not_picked":["Night Terror","Storm of Steel"],"picked":"Corpse Explosion"},{"not_picked":["Dagger Spray","Dash"],"picked":"Deadly Poison"},{"not_picked":["Underhanded Strike","Eviscerate"],"picked":"Slice"},{"not_picked":["Dagger Throw","Outmaneuver"],"picked":"Accuracy"},{"not_picked":["Choke","Outmaneuver"],"picked":"Footwork"},{"not_picked":["Concentrate","Setup"],"picked":"Catalyst"}],"player_experience":120557,"potions_floor_usage":[14,18,30],"damage_taken":[{"damage":0,"enemies":"Small Slimes","floor":1,"turns":3},{"damage":3,"enemies":"Cultist","floor":4,"turns":5},{"damage":3,"enemies":"2 Louse","floor":7,"turns":2},{"damage":0,"enemies":"Large Slime","floor":10,"turns":5},{"damage":12,"enemies":"Lots of Slimes","floor":11,"turns":4},{"damage":9,"enemies":"Gremlin Nob","floor":14,"turns":4},{"damage":25,"enemies":"The Guardian","floor":16,"turns":11},{"damage":2,"enemies":"Shell Parasite","floor":18,"turns":6},{"damage":22,"enemies":"Book of Stabbing","floor":24,"turns":7},{"damage":37,"enemies":"Gremlin Leader","floor":27,"turns":6},{"damage":41,"enemies":"Slavers","floor":30,"turns":4}],"event_choices":[{"event_name":"Wheel of Change","player_choice":"Damage","floor":2,"damage_taken":0},{"event_name":"Purifier","player_choice":"One Purge","floor":3,"damage_taken":0},{"event_name":"Beggar","player_choice":"Gave Gold","floor":19,"damage_taken":0},{"event_name":"Drug Dealer","player_choice":"Got JAXXED","floor":20,"damage_taken":0}],"boss_relics":[{"not_picked":["Tiny House","White Beast Statue"],"picked":"Astrolabe"}],"potions_floor_spawned":[1,16],"seed_played":"-7374867361855924938","killed_by":"Slavers","ascension_level":0,"is_trial":false}