{"gold_per_floor":[369,7,7,23,42,42,57,90,90,107,107,127,138,157,157,256,256,275,287,34,34,45,45,72,72,98,98,98,117,150,50,50,151,151,162,14,236,236,254,254,270,370,451,463,347,367,13,31,31,31],"floor_reached":51,"playtime":3673,"items_purged":["Doubt","Gash"],"score":1124,"play_id":"57d1bb0d-7643-4794-afb0-9567644f5a5f","local_time":"20190513201903","is_ascension_mode":true,"campfire_choices":[{"data":"Hologram","floor":6,"key":"SMITH"},{"data":"Zap","floor":11,"key":"SMITH"},{"data":"Dualcast","floor":15,"key":"SMITH"},{"floor":23,"key":"REST"},{"data":"Consume","floor":25,"key":"SMITH"},{"data":"BootSequence","floor":28,"key":"SMITH"},{"floor":32,"key":"REST"},{"floor":40,"key":"REST"},{"floor":49,"key":"REST"}],"neow_cost":"CURSE","seed_source_timestamp":1390299880409467,"circlet_count":0,"master_deck":["AscendersBane","Strike_B","Strike_B","Strike_B","Defend_B","Defend_B","Defend_B","Defend_B","Zap+1","Dualcast+1","Coolheaded","Hologram+1","Cold Snap","Go for the Eyes","BootSequence+1","Cold Snap","Steam","Echo Form","Melter+1","Sweeping Beam+1","Consume+1","Capacitor","Buffer+1","FTL","Cold Snap","Go for the Eyes","Defragment+1","White Noise","Cold Snap","Aggregate"],"relics":["Cracked Core","Kunai","Gremlin Horn","Mercury Hourglass","Philosopher\u0027s Stone","Bottled Tornado","Red Mask","Orichalcum","Frozen Egg 2","Runic Pyramid","Oddly Smooth Stone","Thread and Needle","Symbiotic Virus","Mango"],"potions_floor_usage":[7,8,8,12,16,24,30,33,39,39,46,50],"damage_taken":[{"damage":11,"enemies":"Small Slimes","floor":1,"turns":4},{"damage":1,"enemies":"Cultist","floor":4,"turns":3},{"damage":5,"enemies":"Jaw Worm","floor":5,"turns":3},{"damage":10,"enemies":"Large Slime","floor":7,"turns":7},{"damage":14,"enemies":"3 Sentries","floor":8,"turns":8},{"damage":3,"enemies":"Blue Slaver","floor":10,"turns":3},{"damage":3,"enemies":"Exordium Thugs","floor":12,"turns":5},{"damage":0,"enemies":"2 Fungi Beasts","floor":13,"turns":2},{"damage":0,"enemies":"Looter","floor":14,"turns":3},{"damage":0,"enemies":"The Guardian","floor":16,"turns":12},{"damage":3,"enemies":"3 Byrds","floor":18,"turns":4},{"damage":4,"enemies":"Shell Parasite","floor":19,"turns":5},{"damage":20,"enemies":"Centurion and Healer","floor":22,"turns":5},{"damage":10,"enemies":"Masked Bandits","floor":24,"turns":3},{"damage":0,"enemies":"3 Cultists","floor":29,"turns":3},{"damage":14,"enemies":"Gremlin Leader","floor":30,"turns":6},{"damage":23,"enemies":"Automaton","floor":33,"turns":13},{"damage":0,"enemies":"Orb Walker","floor":35,"turns":4},{"damage":20,"enemies":"3 Darklings","floor":39,"turns":4},{"damage":19,"enemies":"4 Shapes","floor":41,"turns":5},{"damage":0,"enemies":"Mind Bloom Boss Battle","floor":42,"turns":8},{"damage":5,"enemies":"Sphere and 2 Shapes","floor":44,"turns":5},{"damage":17,"enemies":"Writhing Mass","floor":46,"turns":9},{"damage":1,"enemies":"Transient","floor":48,"turns":5},{"damage":25,"enemies":"Awakened One","floor":50,"turns":30}],"seed_played":"-8940666835967757441","potions_obtained":[{"floor":3,"key":"Regen Potion"},{"floor":3,"key":"FocusPotion"},{"floor":7,"key":"Regen Potion"},{"floor":8,"key":"Block Potion"},{"floor":10,"key":"FocusPotion"},{"floor":13,"key":"FocusPotion"},{"floor":16,"key":"Fire Potion"},{"floor":18,"key":"Dexterity Potion"},{"floor":24,"key":"GamblersBrew"},{"floor":33,"key":"Regen Potion"},{"floor":35,"key":"Dexterity Potion"},{"floor":39,"key":"FearPotion"}],"is_trial":false,"path_per_floor":["M","$","?","M","M","R","M","E","T","M","R","M","M","M","R","B",null,"M","M","$","?","M","R","?","R","T","?","R","M","E","$","R","B",null,"M","$","?","?","M","R","M","?","T","M","$","M","$","M","R","B",null],"character_chosen":"DEFECT","items_purchased":["Kunai","Hologram","Bottled Tornado","Oddly Smooth Stone","Defragment+1","White Noise","Mango","Fire Potion"],"campfire_rested":4,"item_purchase_floors":[2,2,20,36,45,45,47,47],"current_hp_per_floor":[57,57,57,56,51,51,56,57,57,54,54,51,51,51,51,51,69,66,62,62,62,42,64,54,54,54,54,54,54,40,40,62,39,66,66,66,66,66,55,75,56,56,56,51,51,34,48,47,73,48],"gold":31,"neow_bonus":"TWO_FIFTY_GOLD","is_prod":false,"is_daily":false,"chose_seed":false,"campfire_upgraded":5,"win_rate":0,"timestamp":1557803943,"path_taken":["M","$","?","?","M","R","M","E","T","M","R","M","M","M","R","BOSS","M","M","$","?","M","R","?","R","T","?","R","M","E","$","R","BOSS","M","$","?","?","M","R","?","?","T","M","?","M","$","M","R","BOSS"],"build_version":"2019-01-23","purchased_purges":2,"victory":true,"max_hp_per_floor":[75,75,75,75,75,75,75,75,75,75,75,75,75,75,75,75,75,75,75,75,75,75,75,75,75,75,75,75,75,75,75,75,75,75,75,75,75,75,75,75,75,75,75,75,75,75,89,89,89,89],"card_choices":[{"not_picked":["Rip and Tear","Force Field"],"picked":"Coolheaded","floor":1},{"not_picked":["Redo","Turbo"],"picked":"Cold Snap","floor":4},{"not_picked":["Undo","Darkness"],"picked":"Go for the Eyes","floor":5},{"not_picked":["Steam","Stack"],"picked":"Gash","floor":7},{"not_picked":["Hello World","Barrage","Sweeping Beam"],"picked":"SKIP","floor":8},{"not_picked":["Meteor Strike","Heatsinks"],"picked":"BootSequence","floor":10},{"not_picked":["Coolheaded","Steam Power"],"picked":"Cold Snap","floor":12},{"not_picked":["Force Field","Doom and Gloom","Turbo"],"picked":"SKIP","floor":13},{"not_picked":["Lockon","Sweeping Beam"],"picked":"Steam","floor":14},{"not_picked":["Machine Learning","Amplify"],"picked":"Echo Form","floor":16},{"not_picked":["Auto Shields+1","Gash"],"picked":"Melter+1","floor":18},{"not_picked":["Sweeping Beam","Rebound","Streamline"],"picked":"SKIP","floor":19},{"not_picked":["Coolheaded","Gash"],"picked":"Sweeping Beam+1","floor":22},{"not_picked":["Ball Lightning","Streamline"],"picked":"Consume","floor":24},{"not_picked":["Skim","Barrage"],"picked":"Capacitor","floor":29},{"not_picked":["Rebound+1","Consume","Barrage"],"picked":"SKIP","floor":30},{"not_picked":["Reboot","All For One"],"picked":"Buffer+1","floor":33},{"not_picked":["Stack","Sweeping Beam"],"picked":"FTL","floor":35},{"not_picked":["Steam","Steam Power","Stack"],"picked":"SKIP","floor":39},{"not_picked":["Darkness","Gash"],"picked":"Cold Snap","floor":41},{"not_picked":["Doom and Gloom","Coolheaded"],"picked":"Go for the Eyes","floor":42},{"not_picked":["Recycle","Auto Shields","Streamline"],"picked":"SKIP","floor":44},{"not_picked":["Barrage+1","Compile Driver"],"picked":"Cold Snap","floor":46},{"not_picked":["Tempest","Doom and Gloom"],"picked":"Aggregate","floor":48}],"player_experience":383349,"relics_obtained":[{"floor":8,"key":"Gremlin Horn"},{"floor":9,"key":"Mercury Hourglass"},{"floor":24,"key":"Red Mask"},{"floor":26,"key":"Orichalcum"},{"floor":30,"key":"Frozen Egg 2"},{"floor":42,"key":"Thread and Needle"},{"floor":43,"key":"Symbiotic Virus"}],"event_choices":[{"damage_healed":0,"gold_gain":0,"player_choice":"Got Potions","damage_taken":0,"max_hp_gain":0,"max_hp_loss":0,"event_name":"Lab","floor":3,"gold_loss":0},{"damage_healed":0,"gold_gain":0,"player_choice":"Fought Bandits","damage_taken":0,"max_hp_gain":0,"max_hp_loss":0,"event_name":"Masked Bandits","floor":24,"gold_loss":0},{"damage_healed":0,"gold_gain":0,"player_choice":"Ignored","damage_taken":0,"max_hp_gain":0,"max_hp_loss":0,"event_name":"Ghosts","floor":27,"gold_loss":0},{"damage_healed":0,"gold_gain":222,"player_choice":"Wore Mask","damage_taken":0,"max_hp_gain":0,"max_hp_loss":0,"event_name":"Tomb of Lord Red Mask","floor":37,"gold_loss":0},{"cards_removed":["Strike_B"],"damage_healed":0,"gold_gain":0,"player_choice":"Purged","damage_taken":0,"max_hp_gain":0,"max_hp_loss":0,"event_name":"Purifier","floor":38,"gold_loss":0},{"damage_healed":0,"gold_gain":0,"player_choice":"Fight","damage_taken":0,"max_hp_gain":0,"max_hp_loss":0,"event_name":"MindBloom","floor":42,"gold_loss":0}],"is_beta":false,"boss_relics":[{"not_picked":["Snecko Eye","Orrery"],"picked":"Philosopher\u0027s Stone"},{"not_picked":["Tiny House","Velvet Choker"],"picked":"Runic Pyramid"}],"items_purged_floors":[2,31],"is_endless":false,"potions_floor_spawned":[5,7,8,10,13,16,18,19,24,33,35,39],"ascension_level":12}