{"gold_per_floor":[110,120,134,149,165,190,204,239,239,239],"floor_reached":10,"playtime":981,"items_purged":[],"score":111,"play_id":"3c7bbdd7-8255-42f0-98ec-200486b702e9","local_time":"20190406164138","is_ascension_mode":true,"campfire_choices":[],"neow_cost":"NONE","seed_source_timestamp":1279562939998758,"circlet_count":0,"master_deck":["Strike_R","Strike_R","Strike_R","Strike_R","Strike_R","Defend_R","Defend_R","Defend_R","Defend_R","Bash+1","True Grit","Armaments","Iron Wave","Impervious","Spot Weakness","True Grit","Shrug It Off"],"relics":["Burning Blood","Bag of Preparation","Pen Nib","Oddly Smooth Stone"],"potions_floor_usage":[5,6],"damage_taken":[{"damage":1,"enemies":"Cultist","floor":1,"turns":3},{"damage":0,"enemies":"Small Slimes","floor":2,"turns":7},{"damage":6,"enemies":"Jaw Worm","floor":3,"turns":4},{"damage":19,"enemies":"Large Slime","floor":4,"turns":11},{"damage":0,"enemies":"Gremlin Gang","floor":5,"turns":4},{"damage":30,"enemies":"3 Sentries","floor":6,"turns":11},{"damage":4,"enemies":"2 Fungi Beasts","floor":7,"turns":5},{"damage":36,"enemies":"Lagavulin","floor":8,"turns":10},{"damage":28,"enemies":"Gremlin Nob","floor":10,"turns":5}],"seed_played":"7282652438903583592","potions_obtained":[{"floor":4,"key":"Explosive Potion"},{"floor":5,"key":"Dexterity Potion"}],"is_trial":false,"path_per_floor":["M","M","M","M","M","E","M","E","T","E"],"character_chosen":"IRONCLAD","items_purchased":[],"campfire_rested":0,"item_purchase_floors":[],"current_hp_per_floor":[77,80,80,67,73,49,51,21,21,0],"gold":239,"neow_bonus":"UPGRADE_CARD","is_prod":false,"is_daily":false,"chose_seed":false,"campfire_upgraded":0,"win_rate":0,"timestamp":1554594098,"path_taken":["M","M","M","M","?","E","M","E","T","E"],"build_version":"2019-01-23","purchased_purges":0,"victory":false,"max_hp_per_floor":[80,80,80,80,80,80,80,80,80,80],"card_choices":[{"not_picked":["Havoc","Clash"],"picked":"True Grit","floor":1},{"not_picked":["Thunderclap","Heavy Blade"],"picked":"Armaments","floor":2},{"not_picked":["Twin Strike","Bloodletting"],"picked":"Iron Wave","floor":3},{"not_picked":["Rage","Perfected Strike"],"picked":"Impervious","floor":4},{"not_picked":["Wild Strike","Seeing Red"],"picked":"Spot Weakness","floor":5},{"not_picked":["Sever Soul","Blood for Blood","Intimidate"],"picked":"SKIP","floor":6},{"not_picked":["Seeing Red","Second Wind"],"picked":"True Grit","floor":7},{"not_picked":["Pummel","Feed"],"picked":"Shrug It Off","floor":8}],"player_experience":276944,"relics_obtained":[{"floor":6,"key":"Bag of Preparation"},{"floor":8,"key":"Pen Nib"},{"floor":9,"key":"Oddly Smooth Stone"}],"event_choices":[],"is_beta":false,"boss_relics":[],"items_purged_floors":[],"is_endless":false,"potions_floor_spawned":[4,5],"killed_by":"Gremlin Nob","ascension_level":7}