{"gold_per_floor":[113,128,203,203,378,407,420,53,53,53,53,65,77,31,31,134,184,196,196,196,212,212,95,95,110,181,196,196,206,206,217,217,217],"floor_reached":33,"playtime":811,"items_purged":["Doubt"],"score":297,"play_id":"ebb91b32-5cc1-4bc1-bbf6-032f02a582dc","local_time":"20190115201452","is_ascension_mode":false,"campfire_choices":[{"data":"Anger","floor":10.0,"key":"SMITH"},{"data":"Dramatic Entrance","floor":15.0,"key":"SMITH"},{"data":"Whirlwind","floor":24.0,"key":"SMITH"},{"floor":28.0,"key":"REST"},{"data":"Perfected Strike","floor":30.0,"key":"SMITH"},{"data":"Perfected Strike","floor":32.0,"key":"SMITH"}],"neow_cost":"NONE","seed_source_timestamp":0,"circlet_count":0,"master_deck":["Strike_R","Strike_R","Strike_R+1","Strike_R","Strike_R","Defend_R","Defend_R","Defend_R","Defend_R","Bash","Clash","Anger+1","Battle Trance","Headbutt","Sever Soul+1","Whirlwind+1","Twin Strike","Dramatic Entrance+1","Limit Break","Wild Strike","Sword Boomerang+1","RitualDagger","Iron Wave","Perfected Strike+1","Perfected Strike+1","Shockwave+1","Perfected Strike+1"],"special_seed":0,"relics":["Burning Blood","NeowsBlessing","Pear","Membership Card","Red Skull","Meat on the Bone","Tiny House","MutagenicStrength","Tiny Chest","Orichalcum","Darkstone Periapt"],"potions_floor_usage":[],"damage_taken":[{"damage":0.0,"enemies":"Small Slimes","floor":1.0,"turns":1.0},{"damage":0.0,"enemies":"Jaw Worm","floor":2.0,"turns":1.0},{"damage":0.0,"enemies":"Lagavulin","floor":6.0,"turns":1.0},{"damage":0.0,"enemies":"2 Louse","floor":7.0,"turns":2.0},{"damage":8.0,"enemies":"Red Slaver","floor":12.0,"turns":2.0},{"damage":7.0,"enemies":"3 Louse","floor":13.0,"turns":2.0},{"damage":62.0,"enemies":"Hexaghost","floor":16.0,"turns":6.0},{"damage":10.0,"enemies":"Chosen","floor":18.0,"turns":4.0},{"damage":0.0,"enemies":"Spheric Guardian","floor":21.0,"turns":1.0},{"damage":7.0,"enemies":"3 Cultists","floor":25.0,"turns":4.0},{"damage":33.0,"enemies":"Snake Plant","floor":27.0,"turns":4.0},{"damage":4.0,"enemies":"Cultist and Chosen","floor":29.0,"turns":4.0},{"damage":26.0,"enemies":"Centurion and Healer","floor":31.0,"turns":4.0},{"damage":0,"enemies":"Champ","floor":33,"turns":2}],"seed_played":"-2580494624783004370","potions_obtained":[{"floor":2.0,"key":"Swift Potion"},{"floor":6.0,"key":"Ancient Potion"},{"floor":7.0,"key":"Dexterity Potion"},{"floor":17.0,"key":"Energy Potion"},{"floor":21.0,"key":"LiquidBronze"},{"floor":27.0,"key":"GamblersBrew"},{"floor":31.0,"key":"Regen Potion"}],"is_trial":false,"path_per_floor":["M","M","?","?","?","E","M","$","T","R","?","M","M","$","R","B",null,"M","?","?","M","?","$","R","M","T","M","R","M","R","M","R","B"],"character_chosen":"IRONCLAD","items_purchased":["Membership Card","Red Skull","Sever Soul","Dramatic Entrance","Tiny Chest","Orichalcum"],"campfire_rested":1,"item_purchase_floors":[8,8,8,14,23,23],"current_hp_per_floor":[80,80,69,69,69,85,90,90,90,90,90,88,87,87,87,43,95,91,91,85,91,72,72,72,71,71,56,86,88,88,68,68,68],"gold":217,"neow_bonus":"THREE_ENEMY_KILL","is_prod":false,"is_daily":false,"chose_seed":false,"campfire_upgraded":5,"win_rate":0,"timestamp":1547576092,"path_taken":["M","M","?","?","?","E","M","$","T","R","?","M","?","?","R","BOSS","M","?","?","M","?","$","R","M","T","?","R","M","R","M","R","BOSS"],"build_version":"2019-01-14v2","purchased_purges":1,"victory":false,"max_hp_per_floor":[80,80,80,80,80,90,90,90,90,90,90,90,90,90,90,90,95,95,95,95,95,100,100,100,100,100,100,100,100,100,100,100,100],"card_choices":[{"not_picked":["Armaments","Carnage"],"picked":"Clash","floor":1.0},{"not_picked":["Feel No Pain","Havoc"],"picked":"Anger","floor":2.0},{"not_picked":["Warcry","Feel No Pain"],"picked":"Battle Trance","floor":6.0},{"not_picked":["Heavy Blade","Rupture"],"picked":"Headbutt","floor":7.0},{"not_picked":["Cleave","Headbutt"],"picked":"Whirlwind","floor":12.0},{"not_picked":["Battle Trance","Berserk"],"picked":"Twin Strike","floor":13.0},{"not_picked":["Offering","Exhume"],"picked":"Limit Break","floor":16.0},{"not_picked":["True Grit","Heavy Blade"],"picked":"Wild Strike","floor":17.0},{"not_picked":["Second Wind+1","Cleave"],"picked":"Sword Boomerang+1","floor":18.0},{"not_picked":["Whirlwind","Rupture+1"],"picked":"Iron Wave","floor":21.0},{"not_picked":["Flame Barrier","Havoc"],"picked":"Perfected Strike","floor":25.0},{"not_picked":["Havoc+1","Blood for Blood"],"picked":"Perfected Strike+1","floor":27.0},{"not_picked":["Anger","Armaments"],"picked":"Shockwave+1","floor":29.0},{"not_picked":["Reaper","Dropkick"],"picked":"Perfected Strike","floor":31.0}],"player_experience":370318,"relics_obtained":[{"floor":6.0,"key":"Pear"},{"floor":9.0,"key":"Meat on the Bone"},{"floor":26.0,"key":"Darkstone Periapt"}],"event_choices":[{"damage_healed":0.0,"max_hp_gain":0.0,"max_hp_loss":0.0,"gold_gain":75.0,"event_name":"World of Goop","player_choice":"Gather Gold","floor":3.0,"gold_loss":0.0,"damage_taken":11.0},{"damage_healed":0.0,"max_hp_gain":0.0,"max_hp_loss":0.0,"gold_gain":0.0,"event_name":"The Cleric","player_choice":"Leave","floor":4.0,"gold_loss":0.0,"damage_taken":0.0},{"damage_healed":0.0,"max_hp_gain":0.0,"max_hp_loss":0.0,"gold_gain":175.0,"event_name":"Liars Game","player_choice":"AGREE","floor":5.0,"gold_loss":0.0,"damage_taken":0.0,"cards_obtained":["Doubt"]},{"damage_healed":0.0,"max_hp_gain":0.0,"max_hp_loss":0.0,"gold_gain":0.0,"event_name":"Upgrade Shrine","player_choice":"Upgraded","floor":11.0,"gold_loss":0.0,"damage_taken":0.0,"cards_upgraded":["Sever Soul"]},{"damage_healed":0.0,"max_hp_gain":0.0,"max_hp_loss":0.0,"gold_gain":0.0,"event_name":"Drug Dealer","player_choice":"Inject Mutagens","floor":19.0,"gold_loss":0.0,"damage_taken":0.0,"relics_obtained":["MutagenicStrength"]},{"damage_healed":0.0,"max_hp_gain":0.0,"max_hp_loss":0.0,"gold_gain":0.0,"event_name":"Nest","player_choice":"Joined the Cult","floor":20.0,"gold_loss":0.0,"damage_taken":6.0,"cards_obtained":["RitualDagger"]},{"damage_healed":0.0,"max_hp_gain":5.0,"max_hp_loss":0.0,"gold_gain":0.0,"event_name":"Forgotten Altar","player_choice":"Shed Blood","floor":22.0,"gold_loss":0.0,"damage_taken":24.0}],"is_beta":true,"boss_relics":[{"not_picked":["Philosopher\u0027s Stone","Calling Bell"],"picked":"Tiny House"}],"items_purged_floors":[8],"is_endless":false,"potions_floor_spawned":[2,6,7,12,21,27,31],"killed_by":"Champ","ascension_level":0}