{"gold_per_floor":[116,116,116,126,144,178,178,213,236,236,31,31,48,12,12,113,113,128,128,128,145,70,70,98,118,167,213,235,20,31,49,49,144,144,172,72,0,0,15,15,15,15],"floor_reached":42,"playtime":4290,"items_purged":["Writhe","Strike_R"],"score":513,"play_id":"2a024d93-9e46-478d-9555-aca51f847b3f","local_time":"20180826142406","is_ascension_mode":true,"campfire_choices":[{"data":"Demon Form","floor":7,"key":"SMITH"},{"data":"Intimidate","floor":10,"key":"SMITH"},{"data":"Magnetism","floor":12,"key":"SMITH"},{"data":"Armaments","floor":15,"key":"SMITH"},{"floor":23,"key":"REST"},{"floor":32,"key":"REST"},{"floor":40,"key":"REST"}],"neow_cost":"NONE","seed_source_timestamp":541958261600,"circlet_count":0,"master_deck":["Strike_R","Strike_R","Strike_R","Defend_R","Defend_R","Defend_R","Defend_R","Bash","Warcry","Fire Breathing","Warcry","Flame Barrier","Demon Form+1","Intimidate+1","Magnetism+1","Armaments+1","Dropkick","Shockwave","Reaper","Iron Wave","True Grit","Rage+1","Entrench+1","Inflame+1","Thunderclap","Feel No Pain+1","Cleave+1","Uppercut+1","Demon Form+1","Rage","Headbutt+1","Cleave+1","Demon Form+1"],"relics":["Burning Blood","NeowsBlessing","Ancient Tea Set","Red Skull","Oddly Smooth Stone","Strawberry","Fusion Hammer","Frozen Egg 2","Matryoshka","Anchor","MawBank","Pear","Bag of Marbles","Black Star","Red Mask","Shovel"],"potions_floor_usage":[6,16,21,24,25,28,30,35,42],"damage_taken":[{"damage":0,"enemies":"Cultist","floor":1,"turns":1},{"damage":0,"enemies":"Jaw Worm","floor":4,"turns":1},{"damage":0,"enemies":"Small Slimes","floor":5,"turns":1},{"damage":22,"enemies":"Gremlin Nob","floor":6,"turns":5},{"damage":16,"enemies":"Lagavulin","floor":8,"turns":6},{"damage":4,"enemies":"2 Fungi Beasts","floor":13,"turns":4},{"damage":31,"enemies":"The Guardian","floor":16,"turns":8},{"damage":17,"enemies":"Chosen","floor":18,"turns":6},{"damage":25,"enemies":"Spheric Guardian","floor":21,"turns":5},{"damage":50,"enemies":"Slavers","floor":24,"turns":8},{"damage":18,"enemies":"Shelled Parasite and Fungi","floor":25,"turns":9},{"damage":5,"enemies":"Book of Stabbing","floor":27,"turns":7},{"damage":46,"enemies":"Cultist and Chosen","floor":28,"turns":8},{"damage":12,"enemies":"Snecko","floor":30,"turns":5},{"damage":25,"enemies":"Shelled Parasite and Fungi","floor":31,"turns":6},{"damage":83,"enemies":"Collector","floor":33,"turns":9},{"damage":46,"enemies":"3 Shapes","floor":35,"turns":7},{"damage":23,"enemies":"Mind Bloom Boss Battle","floor":38,"turns":9},{"damage":20,"enemies":"Flame Bruiser 1 Orb","floor":39,"turns":4},{"damage":106,"enemies":"2 Orb Walkers","floor":42,"turns":5}],"seed_played":"8418701979361508243","potions_obtained":[{"floor":4,"key":"SpeedPotion"},{"floor":6,"key":"SpeedPotion"},{"floor":16,"key":"Block Potion"},{"floor":18,"key":"AttackPotion"},{"floor":24,"key":"SpeedPotion"},{"floor":25,"key":"Explosive Potion"},{"floor":28,"key":"Regen Potion"},{"floor":33,"key":"BloodPotion"},{"floor":38,"key":"Swift Potion"}],"is_trial":false,"path_per_floor":["M","?","?","M","M","E","R","E","T","R","$","R","M","$","R","B",null,"M","?","?","M","$","R","E","M","T","E","M","$","M","M","R","B",null,"M","$","?","?","M","R","?"],"character_chosen":"IRONCLAD","items_purchased":["Magnetism","Armaments","Shockwave","Bag of Marbles","Feel No Pain+1"],"campfire_rested":3,"item_purchase_floors":[11,11,14,29,29],"current_hp_per_floor":[80,80,73,79,80,64,64,54,61,61,61,61,63,63,63,38,87,76,76,76,61,61,87,43,38,38,59,43,43,75,66,95,51,97,70,70,70,59,45,74,74,0],"gold":15,"neow_bonus":"THREE_ENEMY_KILL","is_prod":false,"is_daily":false,"chose_seed":false,"campfire_upgraded":4,"win_rate":0,"timestamp":1535286246,"path_taken":["M","?","?","M","?","E","R","E","T","R","$","R","M","?","R","BOSS","M","?","?","M","$","R","E","M","T","E","M","?","M","M","R","BOSS","M","$","?","?","M","R","?","E"],"build_version":"2018-08-23v2","purchased_purges":2,"victory":false,"max_hp_per_floor":[80,80,80,80,80,80,80,80,87,87,87,87,87,87,87,87,87,87,87,87,87,87,87,87,87,87,97,97,97,97,97,97,97,97,97,97,97,97,97,97,97,97],"card_choices":[{"not_picked":["Perfected Strike","Second Wind"],"picked":"Warcry","floor":1},{"not_picked":["Body Slam","Havoc"],"picked":"Warcry","floor":4},{"not_picked":["Pommel Strike","Wild Strike"],"picked":"Flame Barrier","floor":5},{"not_picked":["Cleave","Sword Boomerang"],"picked":"Demon Form","floor":6},{"not_picked":["Clothesline","Infernal Blade"],"picked":"Intimidate","floor":8},{"not_picked":["Sentinel","Shrug It Off"],"picked":"Dropkick","floor":13},{"not_picked":["Double Tap","Limit Break"],"picked":"Reaper","floor":16},{"not_picked":["Clash","Havoc"],"picked":"Iron Wave","floor":18},{"not_picked":["Perfected Strike+1","Body Slam"],"picked":"True Grit","floor":21},{"not_picked":["Anger","Flame Barrier"],"picked":"Rage+1","floor":24},{"not_picked":["Rupture+1","Havoc"],"picked":"Entrench+1","floor":25},{"not_picked":["Thunderclap","Anger+1"],"picked":"Inflame+1","floor":27},{"not_picked":["Cleave","Perfected Strike"],"picked":"Thunderclap","floor":28},{"not_picked":["Heavy Blade","Armaments"],"picked":"Cleave+1","floor":30},{"not_picked":["Disarm","Ghostly Armor+1"],"picked":"Uppercut+1","floor":31},{"not_picked":["Impervious","Reaper"],"picked":"Demon Form+1","floor":33},{"not_picked":["True Grit+1","Carnage"],"picked":"Rage","floor":35},{"not_picked":["Sentinel","Twin Strike+1"],"picked":"Headbutt+1","floor":38},{"not_picked":["Fire Breathing+1","Reckless Charge"],"picked":"Cleave+1","floor":39}],"player_experience":184252,"relics_obtained":[{"floor":6,"key":"Red Skull"},{"floor":8,"key":"Oddly Smooth Stone"},{"floor":9,"key":"Strawberry"},{"floor":24,"key":"Matryoshka"},{"floor":26,"key":"Anchor"},{"floor":26,"key":"MawBank"},{"floor":27,"key":"Pear"},{"floor":38,"key":"Shovel"}],"event_choices":[{"event_name":"Transmorgrifier","player_choice":"Transform","floor":2,"damage_taken":0},{"event_name":"Scrap Ooze","player_choice":"success","floor":3,"damage_taken":7},{"event_name":"Ghosts","player_choice":"Ignored","floor":19,"damage_taken":0},{"event_name":"The Mausoleum","player_choice":"Yes","floor":20,"damage_taken":0},{"event_name":"Tomb of Lord Red Mask","player_choice":"Paid","floor":37,"damage_taken":0},{"event_name":"MindBloom","player_choice":"Fight","floor":38,"damage_taken":0},{"event_name":"Duplicator","player_choice":"One dupe","floor":41,"damage_taken":0}],"is_beta":false,"boss_relics":[{"not_picked":["Snecko Eye","Ectoplasm"],"picked":"Fusion Hammer"},{"not_picked":["Black Blood","Empty Cage"],"picked":"Black Star"}],"items_purged_floors":[22,36],"is_endless":false,"potions_floor_spawned":[4,6,16,18,24,25,28,33,38],"killed_by":"2 Orb Walkers","ascension_level":2}