{"gold_per_floor":[219,219,369,382,398,423,423,449,449,475,488,488,503,515,515,515],"floor_reached":16,"playtime":761,"items_purged":[],"score":220,"play_id":"0a847a8a-da30-4768-b16c-874e00adae97","local_time":"20190202145751","is_ascension_mode":true,"campfire_choices":[{"floor":12,"key":"REST"},{"data":"Feed","floor":15,"key":"SMITH"}],"neow_cost":"NONE","seed_source_timestamp":995046146126666,"circlet_count":0,"master_deck":["AscendersBane","Strike_R","Strike_R","Strike_R","Strike_R","Strike_R","Defend_R","Defend_R","Defend_R","Defend_R","Bash","Thunderclap","Sever Soul","Clash","Feed+1","Shrug It Off","Bludgeon","Shrug It Off","Thunderclap","Second Wind"],"relics":["Burning Blood","Pantograph","Sundial","Gremlin Horn","Self Forming Clay"],"potions_floor_usage":[6,10],"damage_taken":[{"damage":7,"enemies":"Jaw Worm","floor":1,"turns":3},{"damage":20,"enemies":"Small Slimes","floor":4,"turns":4},{"damage":1,"enemies":"Cultist","floor":5,"turns":3},{"damage":18,"enemies":"Gremlin Nob","floor":6,"turns":4},{"damage":35,"enemies":"Lagavulin","floor":8,"turns":5},{"damage":21,"enemies":"Gremlin Nob","floor":10,"turns":5},{"damage":0,"enemies":"Large Slime","floor":11,"turns":3},{"damage":9,"enemies":"Looter","floor":13,"turns":3},{"damage":6,"enemies":"Exordium Thugs","floor":14,"turns":2},{"damage":65,"enemies":"Hexaghost","floor":16,"turns":9}],"seed_played":"-6168450937968987205","potions_obtained":[{"floor":4,"key":"Fire Potion"},{"floor":8,"key":"Weak Potion"},{"floor":11,"key":"Explosive Potion"},{"floor":13,"key":"Ancient Potion"}],"is_trial":false,"path_per_floor":["M","?","?","M","M","E","?","E","T","E","M","R","M","M","R","B"],"character_chosen":"IRONCLAD","items_purchased":[],"campfire_rested":1,"item_purchase_floors":[],"current_hp_per_floor":[67,72,72,58,63,51,51,22,22,7,16,40,37,37,37,0],"gold":515,"neow_bonus":"HUNDRED_GOLD","is_prod":false,"is_daily":false,"chose_seed":false,"campfire_upgraded":1,"win_rate":0,"timestamp":1549112271,"path_taken":["M","?","?","M","M","E","?","E","T","E","?","R","M","M","R","BOSS"],"build_version":"2019-01-23","purchased_purges":0,"victory":false,"max_hp_per_floor":[75,80,80,80,80,80,80,80,80,80,83,83,83,83,83,83],"card_choices":[{"not_picked":["Whirlwind","Heavy Blade"],"picked":"Thunderclap","floor":1},{"not_picked":["Armaments","Clothesline"],"picked":"Sever Soul","floor":4},{"not_picked":["Clothesline","Dual Wield"],"picked":"Clash","floor":5},{"not_picked":["Flame Barrier","Heavy Blade"],"picked":"Feed","floor":6},{"not_picked":["Perfected Strike","Iron Wave"],"picked":"Shrug It Off","floor":8},{"not_picked":["Perfected Strike","Second Wind"],"picked":"Bludgeon","floor":10},{"not_picked":["Armaments","Thunderclap"],"picked":"Shrug It Off","floor":11},{"not_picked":["Heavy Blade","Fire Breathing"],"picked":"Thunderclap","floor":13},{"not_picked":["Armaments","Sword Boomerang"],"picked":"Second Wind","floor":14}],"player_experience":410275,"relics_obtained":[{"floor":6,"key":"Pantograph"},{"floor":8,"key":"Sundial"},{"floor":9,"key":"Gremlin Horn"},{"floor":10,"key":"Self Forming Clay"}],"event_choices":[{"damage_healed":0,"gold_gain":0,"player_choice":"Donut","damage_taken":0,"max_hp_gain":5,"max_hp_loss":0,"event_name":"Big Fish","floor":2,"gold_loss":0},{"damage_healed":0,"gold_gain":150,"player_choice":"AGREE","damage_taken":0,"max_hp_gain":0,"max_hp_loss":0,"event_name":"Liars Game","floor":3,"gold_loss":0,"cards_obtained":["Doubt"]},{"cards_removed":["Doubt"],"damage_healed":0,"gold_gain":0,"player_choice":"Card Removal","damage_taken":0,"max_hp_gain":0,"max_hp_loss":0,"event_name":"Wheel of Change","floor":7,"gold_loss":0}],"is_beta":true,"boss_relics":[],"items_purged_floors":[],"is_endless":false,"potions_floor_spawned":[4,8,11,13],"killed_by":"Hexaghost","ascension_level":16}