{"gold_per_floor":[110,120,136,149,149,149,175,175,175,175,175,207,177,3,3,102,102,120,11,0,0,0,0,28,28,28,127,144,164,164,174,174,274,274,284,384,401,109,109,109,129,139,187,213,232,232,250,0,0,0],"floor_reached":51,"playtime":4343,"items_purged":["Strike_G","Strike_G"],"score":906,"play_id":"0b0ed859-e049-475d-b238-30a4e770502f","local_time":"20190325204947","is_ascension_mode":true,"campfire_choices":[{"data":"Footwork","floor":6,"key":"SMITH"},{"floor":8,"key":"REST"},{"floor":10,"key":"REST"},{"floor":15,"key":"REST"},{"floor":23,"key":"REST"},{"data":"Noxious Fumes","floor":32,"key":"SMITH"},{"data":"Apotheosis","floor":40,"key":"SMITH"},{"floor":49,"key":"REST"}],"neow_cost":"NONE","seed_source_timestamp":254314409756956,"circlet_count":0,"master_deck":["Defend_G","Defend_G","Defend_G","Defend_G","Defend_G","Strike_G","Survivor","Neutralize+1","Acrobatics","Footwork+1","Malaise","Blur","Footwork","PiercingWail","Malaise","Dodge and Roll","Noxious Fumes+1","Escape Plan","Dodge and Roll","Bouncing Flask","Bullet Time","Dodge and Roll+1","Cloak And Dagger+1","Bullet Time","Deflect","Backflip","Distraction+1","Catalyst+1","Blade Dance+1","Leg Sweep","Apotheosis+1","Escape Plan","Cloak And Dagger+1","Adrenaline","Cloak And Dagger","Expertise+1","Envenom","Catalyst+1"],"relics":["Ring of the Snake","Gambling Chip","Shuriken","Mummified Hand","Eternal Feather","Enchiridion","Dream Catcher","Centennial Puzzle","Letter Opener","Orrery","Prayer Wheel","Juzu Bracelet","Smiling Mask","Red Mask"],"potions_floor_usage":[7,7,18,45,47,50,50,50,50,50,50],"damage_taken":[{"damage":0,"enemies":"Cultist","floor":1,"turns":4},{"damage":3,"enemies":"Jaw Worm","floor":2,"turns":4},{"damage":8,"enemies":"2 Louse","floor":3,"turns":5},{"damage":6,"enemies":"2 Fungi Beasts","floor":4,"turns":4},{"damage":29,"enemies":"Gremlin Nob","floor":7,"turns":5},{"damage":33,"enemies":"3 Sentries","floor":12,"turns":18},{"damage":0,"enemies":"Looter","floor":13,"turns":4},{"damage":14,"enemies":"The Guardian","floor":16,"turns":27},{"damage":3,"enemies":"Shell Parasite","floor":18,"turns":15},{"damage":1,"enemies":"2 Thieves","floor":20,"turns":5},{"damage":27,"enemies":"Slavers","floor":24,"turns":10},{"damage":0,"enemies":"Centurion and Healer","floor":28,"turns":8},{"damage":0,"enemies":"Snake Plant","floor":29,"turns":6},{"damage":1,"enemies":"Shelled Parasite and Fungi","floor":31,"turns":8},{"damage":7,"enemies":"Automaton","floor":33,"turns":12},{"damage":1,"enemies":"Orb Walker","floor":35,"turns":5},{"damage":13,"enemies":"Mind Bloom Boss Battle","floor":36,"turns":11},{"damage":16,"enemies":"3 Shapes","floor":37,"turns":3},{"damage":0,"enemies":"3 Darklings","floor":41,"turns":5},{"damage":1,"enemies":"Sphere and 2 Shapes","floor":42,"turns":5},{"damage":3,"enemies":"Nemesis","floor":44,"turns":7},{"damage":7,"enemies":"Transient","floor":45,"turns":5},{"damage":5,"enemies":"Jaw Worm Horde","floor":47,"turns":5},{"damage":8,"enemies":"Awakened One","floor":50,"turns":19}],"seed_played":"-4569383249283990990","potions_obtained":[{"floor":2,"key":"Fire Potion"},{"floor":4,"key":"SteroidPotion"},{"floor":16,"key":"Poison Potion"},{"floor":18,"key":"EssenceOfSteel"},{"floor":28,"key":"Poison Potion"},{"floor":37,"key":"EntropicBrew"},{"floor":45,"key":"Explosive Potion"},{"floor":47,"key":"Strength Potion"}],"is_trial":false,"path_per_floor":["M","M","M","M","?","R","E","R","T","R","?","E","M","$","R","B",null,"M","$","M","?","?","R","E","$","T","?","M","M","T","M","R","B",null,"M","?","M","$","?","R","M","M","T","E","M","?","M","?","R","B",null],"character_chosen":"THE_SILENT","items_purchased":["Footwork","PiercingWail","Noxious Fumes","Escape Plan","Apotheosis"],"campfire_rested":5,"item_purchase_floors":[14,14,19,19,38],"current_hp_per_floor":[63,60,52,46,34,34,5,26,26,47,40,7,7,7,28,14,56,53,53,52,36,36,69,42,42,42,42,42,42,42,41,56,49,65,64,51,35,35,35,53,53,52,52,49,42,42,37,37,70,70],"gold":0,"neow_bonus":"UPGRADE_CARD","is_prod":false,"is_daily":false,"chose_seed":false,"campfire_upgraded":3,"win_rate":0,"timestamp":1553572187,"path_taken":["M","M","M","M","?","R","E","R","T","R","?","E","M","?","R","BOSS","M","$","?","?","?","R","E","$","T","?","M","M","?","M","R","BOSS","M","?","M","$","?","R","?","M","T","E","M","?","M","?","R","BOSS"],"build_version":"2019-01-23","purchased_purges":2,"victory":true,"max_hp_per_floor":[70,70,70,70,70,70,70,70,70,70,70,70,70,70,70,70,70,70,70,70,70,70,70,70,70,70,70,70,70,70,70,70,70,70,70,70,70,70,70,70,70,70,70,70,70,70,70,70,70,70],"card_choices":[{"not_picked":["Sucker Punch","Underhanded Strike"],"picked":"Acrobatics","floor":1},{"not_picked":["Acrobatics","Slice","Underhanded Strike"],"picked":"SKIP","floor":2},{"not_picked":["Deflect","Bouncing Flask"],"picked":"Footwork","floor":3},{"not_picked":["Flying Knee","Deadly Poison","Outmaneuver"],"picked":"SKIP","floor":4},{"not_picked":["Doppelganger","Deadly Poison"],"picked":"Malaise","floor":7},{"not_picked":["Outmaneuver","Blade Dance"],"picked":"Blur","floor":12},{"not_picked":["Heel Hook","Finisher","Tactician"],"picked":"SKIP","floor":13},{"not_picked":["Unload","Bullet Time"],"picked":"Malaise","floor":16},{"not_picked":["Dagger Throw","Prepared"],"picked":"Dodge and Roll","floor":18},{"not_picked":["Bane+1","Acrobatics"],"picked":"Dodge and Roll","floor":20},{"not_picked":["Choke","Bane","Outmaneuver+1"],"picked":"SKIP","floor":24},{"not_picked":["Caltrops","Outmaneuver"],"picked":"Bullet Time","floor":28},{"not_picked":["Poisoned Stab","Quick Slash"],"picked":"Dodge and Roll+1","floor":29},{"not_picked":["Outmaneuver+1","Underhanded Strike"],"picked":"Cloak And Dagger+1","floor":31},{"not_picked":["Unload","Grand Finale"],"picked":"Bullet Time","floor":33},{"not_picked":["Masterful Stab","Bane"],"picked":"Deflect","floor":34},{"not_picked":["Dodge and Roll","Choke+1"],"picked":"Backflip","floor":34},{"not_picked":["Bane","Quick Slash"],"picked":"Distraction+1","floor":35},{"not_picked":["Slice","Outmaneuver+1"],"picked":"Catalyst+1","floor":36},{"not_picked":["Prepared+1","Poisoned Stab"],"picked":"Blade Dance+1","floor":37},{"not_picked":["Poisoned Stab","Backflip+1"],"picked":"Leg Sweep","floor":37},{"not_picked":["Infinite Blades","Dagger Spray+1","Underhanded Strike+1"],"picked":"SKIP","floor":41},{"not_picked":["Slice","Accuracy","Skewer+1"],"picked":"SKIP","floor":41},{"not_picked":["PiercingWail+1","Skewer"],"picked":"Cloak And Dagger+1","floor":42},{"not_picked":["Prepared+1","PiercingWail+1"],"picked":"Adrenaline","floor":42},{"not_picked":["Skewer+1","Noxious Fumes"],"picked":"Cloak And Dagger","floor":44},{"not_picked":["Terror","Dagger Spray"],"picked":"Expertise+1","floor":45},{"not_picked":["Bouncing Flask+1","Deadly Poison+1","Backstab+1"],"picked":"SKIP","floor":45},{"not_picked":["Slice+1","Dagger Throw"],"picked":"Envenom","floor":47},{"not_picked":["Poisoned Stab+1","Slice+1"],"picked":"Catalyst+1","floor":47}],"player_experience":260062,"relics_obtained":[{"floor":7,"key":"Gambling Chip"},{"floor":9,"key":"Shuriken"},{"floor":12,"key":"Mummified Hand"},{"floor":21,"key":"Enchiridion"},{"floor":24,"key":"Dream Catcher"},{"floor":26,"key":"Centennial Puzzle"},{"floor":30,"key":"Letter Opener"},{"floor":36,"key":"Prayer Wheel"},{"floor":43,"key":"Juzu Bracelet"},{"floor":44,"key":"Smiling Mask"}],"event_choices":[{"damage_healed":0,"gold_gain":0,"player_choice":"Fled","damage_taken":12,"max_hp_gain":0,"max_hp_loss":0,"event_name":"Scrap Ooze","floor":5,"gold_loss":0},{"cards_removed":["Strike_G"],"damage_healed":0,"gold_gain":0,"player_choice":"Card Removal","damage_taken":7,"max_hp_gain":0,"max_hp_loss":0,"event_name":"Golden Wing","floor":11,"gold_loss":0},{"damage_healed":0,"gold_gain":0,"player_choice":"Obtained Book","damage_taken":16,"max_hp_gain":0,"max_hp_loss":0,"event_name":"Cursed Tome","floor":21,"gold_loss":0},{"damage_healed":0,"gold_gain":0,"player_choice":"Read","damage_taken":0,"max_hp_gain":0,"max_hp_loss":0,"event_name":"The Library","floor":22,"gold_loss":0,"cards_obtained":["Bouncing Flask"]},{"damage_healed":0,"gold_gain":99,"player_choice":"Stole From Cult","damage_taken":0,"max_hp_gain":0,"max_hp_loss":0,"event_name":"Nest","floor":27,"gold_loss":0},{"damage_healed":0,"gold_gain":0,"player_choice":"Fight","damage_taken":0,"max_hp_gain":0,"max_hp_loss":0,"event_name":"MindBloom","floor":36,"gold_loss":0},{"damage_healed":0,"gold_gain":0,"cards_transformed":["Strike_G"],"player_choice":"Transformed","damage_taken":0,"max_hp_gain":0,"max_hp_loss":0,"event_name":"Transmorgrifier","floor":39,"gold_loss":0,"cards_obtained":["Escape Plan"]},{"damage_healed":0,"gold_gain":0,"player_choice":"Ignored","damage_taken":0,"max_hp_gain":0,"max_hp_loss":0,"event_name":"Mysterious Sphere","floor":46,"gold_loss":0},{"damage_healed":0,"gold_gain":0,"player_choice":"Paid","damage_taken":0,"relics_obtained":["Red Mask"],"max_hp_gain":0,"max_hp_loss":0,"event_name":"Tomb of Lord Red Mask","floor":48,"gold_loss":250}],"is_beta":false,"boss_relics":[{"not_picked":["Snecko Eye","Velvet Choker"],"picked":"Eternal Feather"},{"not_picked":["Astrolabe","WristBlade"],"picked":"Orrery"}],"items_purged_floors":[14,38],"is_endless":false,"potions_floor_spawned":[2,4,16,18,28,37,42,45,47],"ascension_level":6}