{"path_per_floor":["M","M","M","M","?","R","M","M","T","M","M","$","M","M","R","B",null,"M","M","?","T","?","E","R","M","T","R","M","$","E","?","R","B",null,"M","?","M","M","?","R","M","M","T","?","E","M","M","$","R","B"],"character_chosen":"THE_SILENT","items_purchased":["Blur","Noxious Fumes","War Paint","Backstab","Toxic Egg 2","Terror","A Thousand Cuts"],"gold_per_floor":[109,122,139,153,153,153,163,183,210,222,238,17,27,41,41,146,146,162,181,181,208,258,293,293,312,312,312,329,81,111,111,111,207,207,225,225,239,257,557,557,567,577,601,601,636,652,670,40,40,40],"floor_reached":51,"campfire_rested":1,"playtime":3509,"current_hp_per_floor":[70,70,70,70,70,70,70,70,70,70,70,70,70,70,70,63,70,70,70,70,70,70,59,59,56,56,56,49,49,56,56,56,5,70,70,70,70,66,66,66,58,58,58,58,51,51,51,51,70,30],"items_purged":["Defend_G","Regret","Strike_G"],"gold":40,"score":768,"play_id":"adda3e4c-96c3-4e42-a599-7744ae44eaac","local_time":"20180322200606","is_prod":false,"is_daily":false,"is_ascension_mode":false,"campfire_upgraded":6,"timestamp":1521774366,"path_taken":["M","M","M","M","?","R","M","?","T","M","M","$","M","M","R","BOSS","M","M","?","?","?","E","R","M","T","R","?","$","E","?","R","BOSS","M","?","?","M","?","R","M","?","T","?","E","M","M","$","R","BOSS"],"build_version":"2018-03-22","purchased_purges":3,"victory":true,"master_deck":["Defend_G","Defend_G","Defend_G","Defend_G+1","Strike_G","Strike_G","Strike_G","Survivor","Neutralize","Dagger Spray","Backstab+1","Quick Slash","After Image+1","Unload","Dagger Spray","Backstab+1","Malaise+1","Blur","Noxious Fumes+1","Escape Plan+1","Caltrops","Glass Knife","Backflip","Backflip+1","Blur","Glass Knife","Slice","Wraith Form+1","Quick Slash+1","Dodge and Roll+1","Deflect+1","Backflip+1","Slice+1","Pain","Dagger Spray+1","Backflip+1","Deadly Poison+1","Backstab","Terror+1","A Thousand Cuts"],"max_hp_per_floor":[70,70,70,70,70,70,70,70,70,70,70,70,70,70,70,70,70,70,70,70,70,70,70,70,70,70,70,70,70,70,70,70,70,70,70,70,70,70,70,70,70,70,70,70,70,70,70,70,70,70],"relics":["Ring of the Snake","Lantern","Cursed Key","Bag of Marbles","Bag of Preparation","War Paint","Bronze Scales","Lizard Tail","Juzu Bracelet","Anchor","Toxic Egg 2"],"card_choices":[{"not_picked":["Finisher","Poisoned Stab"],"picked":"Dagger Spray","floor":1.0},{"not_picked":["Slice","Choke"],"picked":"Backstab","floor":2.0},{"not_picked":["Dodge and Roll","Flying Knee"],"picked":"Quick Slash","floor":3.0},{"not_picked":["Underhanded Strike","Dash"],"picked":"After Image","floor":4.0},{"not_picked":["Underhanded Strike","Finisher"],"picked":"Dagger Spray","floor":7.0},{"not_picked":["Noxious Fumes","Skewer"],"picked":"Backstab","floor":8.0},{"not_picked":["Blade Dance","Dagger Spray"],"picked":"Malaise","floor":10.0},{"not_picked":["Underhanded Strike","Backflip"],"picked":"Escape Plan","floor":13.0},{"not_picked":["Dagger Throw","Flying Knee"],"picked":"Caltrops","floor":14.0},{"not_picked":["Envenom","Phantasmal Killer"],"picked":"Glass Knife","floor":16.0},{"not_picked":["Prepared","Poisoned Stab"],"picked":"Backflip","floor":18.0},{"not_picked":["Expertise","Infinite Blades"],"picked":"Backflip","floor":19.0},{"not_picked":["Infinite Blades","Calculated Gamble"],"picked":"Blur","floor":23.0},{"not_picked":["Deflect","Deadly Poison"],"picked":"Glass Knife","floor":25.0},{"not_picked":["Deadly Poison","Outmaneuver"],"picked":"Slice","floor":28.0},{"not_picked":["Burst","Tools of the Trade"],"picked":"Wraith Form","floor":33.0},{"not_picked":["Flechettes","Heel Hook"],"picked":"Quick Slash","floor":35.0},{"not_picked":["Sucker Punch","Deadly Poison"],"picked":"Dodge and Roll","floor":37.0},{"not_picked":["Dash","Masterful Stab"],"picked":"Deflect","floor":38.0},{"not_picked":["Dagger Throw","Underhanded Strike"],"picked":"Backflip","floor":41.0},{"not_picked":["Blade Dance","Acrobatics"],"picked":"Slice","floor":42.0},{"not_picked":["Heel Hook","Finisher"],"picked":"Dagger Spray","floor":45.0},{"not_picked":["Underhanded Strike","Quick Slash"],"picked":"Backflip","floor":46.0},{"not_picked":["Skewer","Deflect"],"picked":"Deadly Poison","floor":47.0}],"player_experience":13579,"potions_floor_usage":[50,50],"damage_taken":[{"damage":0.0,"enemies":"2 Louse","floor":1.0,"turns":3.0},{"damage":0.0,"enemies":"Cultist","floor":2.0,"turns":3.0},{"damage":0.0,"enemies":"Small Slimes","floor":3.0,"turns":3.0},{"damage":0.0,"enemies":"Gremlin Gang","floor":4.0,"turns":2.0},{"damage":0.0,"enemies":"3 Louse","floor":7.0,"turns":3.0},{"damage":0.0,"enemies":"Red Slaver","floor":8.0,"turns":5.0},{"damage":0.0,"enemies":"Exordium Wildlife","floor":10.0,"turns":3.0},{"damage":0.0,"enemies":"2 Fungi Beasts","floor":11.0,"turns":2.0},{"damage":0.0,"enemies":"Gremlin Gang","floor":13.0,"turns":4.0},{"damage":0.0,"enemies":"3 Louse","floor":14.0,"turns":2.0},{"damage":7.0,"enemies":"The Guardian","floor":16.0,"turns":12.0},{"damage":0.0,"enemies":"Spheric Guardian","floor":18.0,"turns":1.0},{"damage":0.0,"enemies":"2 Thieves","floor":19.0,"turns":3.0},{"damage":11.0,"enemies":"Gremlin Leader","floor":23.0,"turns":6.0},{"damage":3.0,"enemies":"Centurion and Healer","floor":25.0,"turns":5.0},{"damage":7.0,"enemies":"Cultist and Chosen","floor":28.0,"turns":4.0},{"damage":2.0,"enemies":"Book of Stabbing","floor":30.0,"turns":4.0},{"damage":51.0,"enemies":"Automaton","floor":33.0,"turns":13.0},{"damage":0.0,"enemies":"3 Shapes","floor":35.0,"turns":2.0},{"damage":0.0,"enemies":"3 Darklings","floor":37.0,"turns":4.0},{"damage":4.0,"enemies":"Sphere and 2 Shapes","floor":38.0,"turns":6.0},{"damage":8.0,"enemies":"Maw","floor":41.0,"turns":7.0},{"damage":0.0,"enemies":"4 Shapes","floor":42.0,"turns":3.0},{"damage":7.0,"enemies":"Nemesis","floor":45.0,"turns":7.0},{"damage":0.0,"enemies":"Sphere and 2 Shapes","floor":46.0,"turns":3.0},{"damage":0.0,"enemies":"3 Darklings","floor":47.0,"turns":4.0},{"damage":40,"enemies":"Awakened One","floor":50,"turns":17}],"event_choices":[{"event_name":"Transmorgrifier","player_choice":"Transform","floor":5.0,"damage_taken":0.0},{"event_name":"The Woman in Blue","player_choice":"Bought 0 Potions","floor":20.0,"damage_taken":0.0},{"event_name":"The Joust","player_choice":"Bet on Murderer","floor":22.0,"damage_taken":0.0},{"event_name":"Drug Dealer","player_choice":"Ignored","floor":31.0,"damage_taken":0.0},{"event_name":"The Lab","player_choice":"Got Potions","floor":36.0,"damage_taken":0.0},{"event_name":"Wheel of Change","player_choice":"Gold","floor":39.0,"damage_taken":0.0},{"event_name":"Mysterious Sphere","player_choice":"Ignore","floor":44.0,"damage_taken":0.0}],"boss_relics":[],"potions_floor_spawned":[1,3,4,7,13,23,30,41,46,47],"seed_played":"2718077565129675305","ascension_level":0,"is_trial":false}