{"gold_per_floor":[118,133,145,158,158,189,189,189,215,215,233,113,113,132,132,232,232,232,232,232,232,232,232,232],"floor_reached":24,"playtime":1379,"items_purged":["Strike_G"],"score":242,"play_id":"6240e154-6b15-4695-8922-94a2afcca8a7","local_time":"20181027170403","is_ascension_mode":true,"campfire_choices":[{"data":"Skewer","floor":8,"key":"SMITH"},{"data":"Backflip","floor":10,"key":"SMITH"},{"data":"Dodge and Roll","floor":13,"key":"SMITH"},{"data":"After Image","floor":15,"key":"SMITH"}],"neow_cost":"NONE","seed_source_timestamp":250708890329790,"circlet_count":0,"master_deck":["Defend_G","Defend_G","Defend_G","Defend_G","Defend_G","Strike_G","Strike_G","Strike_G","Survivor","Neutralize","Cloak And Dagger","Backflip+1","After Image+1","Poisoned Stab","Skewer+1","Cloak And Dagger","Poisoned Stab","Dodge and Roll+1","Catalyst","A Thousand Cuts","Bouncing Flask","Catalyst+1","Leg Sweep+1","Dagger Throw"],"relics":["Ring of the Snake","NeowsBlessing","Orichalcum","Omamori","Ectoplasm","MutagenicStrength","Happy Flower"],"potions_floor_usage":[6,16,18,18,23,24],"damage_taken":[{"damage":0,"enemies":"Cultist","floor":1,"turns":1},{"damage":0,"enemies":"Jaw Worm","floor":2,"turns":1},{"damage":0,"enemies":"2 Louse","floor":3,"turns":1},{"damage":3,"enemies":"Large Slime","floor":4,"turns":12},{"damage":22,"enemies":"3 Sentries","floor":6,"turns":11},{"damage":0,"enemies":"Looter","floor":11,"turns":3},{"damage":0,"enemies":"Red Slaver","floor":14,"turns":4},{"damage":10,"enemies":"The Guardian","floor":16,"turns":10},{"damage":0,"enemies":"Spheric Guardian","floor":18,"turns":6},{"damage":1,"enemies":"3 Byrds","floor":20,"turns":5},{"damage":0,"enemies":"Cultist and Chosen","floor":21,"turns":6},{"damage":0,"enemies":"Centurion and Healer","floor":22,"turns":7},{"damage":37,"enemies":"Gremlin Leader","floor":23,"turns":7},{"damage":46,"enemies":"Masked Bandits","floor":24,"turns":5}],"seed_played":"-4284418132970515227","potions_obtained":[{"floor":3,"key":"Dexterity Potion"},{"floor":4,"key":"PowerPotion"},{"floor":6,"key":"Fire Potion"},{"floor":11,"key":"GamblersBrew"},{"floor":21,"key":"Fire Potion"},{"floor":23,"key":"PowerPotion"}],"is_trial":false,"path_per_floor":["M","M","M","M","?","E","?","R","T","R","M","$","R","M","R","B",null,"M","?","M","M","M","E"],"character_chosen":"THE_SILENT","items_purchased":["Dodge and Roll"],"campfire_rested":0,"item_purchase_floors":[12],"current_hp_per_floor":[70,70,70,67,67,45,45,45,45,45,45,45,45,45,45,35,70,70,70,69,69,69,32,0],"gold":232,"neow_bonus":"THREE_ENEMY_KILL","is_prod":false,"is_daily":false,"chose_seed":false,"campfire_upgraded":4,"win_rate":0,"timestamp":1540685043,"path_taken":["M","?","?","M","?","E","?","R","T","R","M","$","R","?","R","BOSS","M","?","M","M","M","E","?"],"build_version":"2018-10-25v2","purchased_purges":1,"victory":false,"max_hp_per_floor":[70,70,70,70,70,70,70,70,70,70,70,70,70,70,70,70,70,70,70,70,70,70,70,70],"card_choices":[{"not_picked":["Tactician","Dagger Throw"],"picked":"Cloak And Dagger","floor":1},{"not_picked":["Bane","Poisoned Stab"],"picked":"Backflip","floor":2},{"not_picked":["Cloak And Dagger","Bane"],"picked":"After Image","floor":3},{"not_picked":["Sucker Punch","Prepared"],"picked":"Poisoned Stab","floor":4},{"not_picked":["Skewer","Tactician"],"picked":"Cloak And Dagger","floor":6},{"not_picked":["Underhanded Strike","Distraction"],"picked":"Poisoned Stab","floor":11},{"not_picked":["Crippling Poison","Slice"],"picked":"Catalyst","floor":14},{"not_picked":["Bullet Time","Tools of the Trade"],"picked":"A Thousand Cuts","floor":16},{"not_picked":["Prepared","Calculated Gamble"],"picked":"Bouncing Flask","floor":18},{"not_picked":["Leg Sweep","Flying Knee"],"picked":"Catalyst+1","floor":20},{"not_picked":["Terror+1","Prepared","Outmaneuver+1"],"picked":"SKIP","floor":21},{"not_picked":["Riddle With Holes","PiercingWail"],"picked":"Leg Sweep+1","floor":22},{"not_picked":["Acrobatics+1","Deflect+1"],"picked":"Dagger Throw","floor":23}],"player_experience":124899,"relics_obtained":[{"floor":6,"key":"Orichalcum"},{"floor":9,"key":"Omamori"},{"floor":23,"key":"Happy Flower"}],"event_choices":[{"damage_healed":0,"gold_gain":0,"cards_transformed":["Strike_G"],"player_choice":"Transformed","damage_taken":0,"max_hp_gain":0,"max_hp_loss":0,"event_name":"Transmorgrifier","floor":5,"gold_loss":0,"cards_obtained":["Skewer"]},{"damage_healed":0,"gold_gain":30,"player_choice":"Searched \u00271\u0027 times","damage_taken":0,"max_hp_gain":0,"max_hp_loss":0,"event_name":"Dead Adventurer","floor":7,"gold_loss":0},{"damage_healed":0,"gold_gain":0,"player_choice":"Inject Mutagens","damage_taken":0,"relics_obtained":["MutagenicStrength"],"max_hp_gain":0,"max_hp_loss":0,"event_name":"Drug Dealer","floor":19,"gold_loss":0},{"damage_healed":0,"gold_gain":0,"player_choice":"Fought Bandits","damage_taken":0,"max_hp_gain":0,"max_hp_loss":0,"event_name":"Masked Bandits","floor":24,"gold_loss":0}],"is_beta":false,"boss_relics":[{"not_picked":["HoveringKite","Runic Pyramid"],"picked":"Ectoplasm"}],"items_purged_floors":[12],"is_endless":false,"potions_floor_spawned":[3,4,6,11,21,23],"killed_by":"Masked Bandits","ascension_level":2}