{"gold_per_floor":[113,126,141,316,334,363,363,377,377,394,421,434,434,460,460,565,565,575,590,601,601,614,614,614],"floor_reached":24,"playtime":1786,"items_purged":[],"score":369,"play_id":"fd58513b-3872-4fb9-82f3-2d6632adb764","local_time":"20190525031007","is_ascension_mode":true,"campfire_choices":[{"floor":7,"key":"REST"},{"data":"Zap","floor":15,"key":"SMITH"},{"floor":23,"key":"REST"}],"neow_cost":"NONE","seed_source_timestamp":212056878445045,"circlet_count":0,"master_deck":["AscendersBane","Strike_B","Strike_B","Strike_B","Strike_B","Defend_B","Defend_B","Defend_B","Defend_B","Zap+1","Dualcast","BootSequence","Conserve Battery","Loop","Defragment","Conserve Battery","Cold Snap","BootSequence","All For One","Steam","Auto Shields","Rainbow","FTL","Defragment","Buffer","Rebound"],"relics":["Cracked Core","Omamori","Du-Vu Doll","Mango","Ginger","Fusion Hammer","Dream Catcher"],"potions_floor_usage":[6,11,11,16,22,24],"damage_taken":[{"damage":1,"enemies":"Cultist","floor":1,"turns":4},{"damage":0,"enemies":"2 Louse","floor":2,"turns":2},{"damage":8,"enemies":"Small Slimes","floor":3,"turns":3},{"damage":5,"enemies":"Gremlin Gang","floor":5,"turns":5},{"damage":27,"enemies":"Gremlin Nob","floor":6,"turns":5},{"damage":0,"enemies":"3 Louse","floor":8,"turns":4},{"damage":4,"enemies":"Blue Slaver","floor":10,"turns":3},{"damage":10,"enemies":"3 Sentries","floor":11,"turns":11},{"damage":0,"enemies":"Looter","floor":12,"turns":3},{"damage":13,"enemies":"Lagavulin","floor":14,"turns":10},{"damage":44,"enemies":"Slime Boss","floor":16,"turns":14},{"damage":5,"enemies":"Spheric Guardian","floor":18,"turns":4},{"damage":0,"enemies":"Shell Parasite","floor":19,"turns":7},{"damage":21,"enemies":"Centurion and Healer","floor":20,"turns":9},{"damage":26,"enemies":"Sentry and Sphere","floor":22,"turns":5},{"damage":59,"enemies":"Slavers","floor":24,"turns":5}],"seed_played":"-6466950441213424238","potions_obtained":[{"floor":1,"key":"Energy Potion"},{"floor":3,"key":"EssenceOfSteel"},{"floor":5,"key":"Regen Potion"},{"floor":8,"key":"Strength Potion"},{"floor":11,"key":"Regen Potion"},{"floor":16,"key":"SpeedPotion"},{"floor":20,"key":"Explosive Potion"},{"floor":22,"key":"SpeedPotion"}],"is_trial":false,"path_per_floor":["M","M","M","?","M","E","R","M","T","M","E","M","?","E","R","B",null,"M","M","M","?","M","R","E"],"character_chosen":"DEFECT","items_purchased":[],"campfire_rested":2,"item_purchase_floors":[],"current_hp_per_floor":[74,74,66,66,61,34,58,58,58,54,73,73,73,60,60,31,80,75,75,54,54,28,56,0],"gold":614,"neow_bonus":"TEN_PERCENT_HP_BONUS","is_prod":false,"is_daily":false,"chose_seed":false,"campfire_upgraded":1,"win_rate":0,"timestamp":1558743007,"path_taken":["M","?","M","?","M","E","R","M","T","M","E","M","?","E","R","BOSS","M","?","M","?","?","R","E"],"build_version":"2019-01-23","purchased_purges":0,"victory":false,"max_hp_per_floor":[82,82,82,82,82,82,82,82,82,82,96,96,96,96,96,96,96,96,96,96,96,96,96,96],"card_choices":[{"not_picked":["Barrage","Cold Snap"],"picked":"BootSequence","floor":1},{"not_picked":["Ball Lightning","Barrage"],"picked":"Conserve Battery","floor":2},{"not_picked":["Stack","Aggregate"],"picked":"Loop","floor":3},{"not_picked":["Undo","Leap"],"picked":"Defragment","floor":5},{"not_picked":["Force Field","Gash"],"picked":"Conserve Battery","floor":6},{"not_picked":["Reprogram","Genetic Algorithm"],"picked":"Cold Snap","floor":8},{"not_picked":["Rebound","Doom and Gloom"],"picked":"BootSequence","floor":10},{"not_picked":["Gash","Stack"],"picked":"All For One","floor":11},{"not_picked":["Heatsinks","Turbo"],"picked":"Steam","floor":12},{"not_picked":["Genetic Algorithm","Hello World"],"picked":"Auto Shields","floor":14},{"not_picked":["Hyperbeam","Amplify"],"picked":"Rainbow","floor":16},{"not_picked":["Turbo","Hologram","Heatsinks"],"picked":"SKIP","floor":18},{"not_picked":["Ball Lightning","Sweeping Beam"],"picked":"FTL","floor":19},{"not_picked":["Aggregate","Darkness"],"picked":"Defragment","floor":20},{"not_picked":["Gash","Turbo"],"picked":"Buffer","floor":22},{"not_picked":["Static Discharge","Recycle+1"],"picked":"Rebound","floor":23}],"player_experience":501515,"relics_obtained":[{"floor":6,"key":"Omamori"},{"floor":9,"key":"Du-Vu Doll"},{"floor":11,"key":"Mango"},{"floor":14,"key":"Ginger"}],"event_choices":[{"damage_healed":0,"gold_gain":175,"player_choice":"AGREE","damage_taken":0,"max_hp_gain":0,"max_hp_loss":0,"event_name":"Liars Game","floor":4,"gold_loss":0,"cards_obtained":["Doubt"]},{"cards_removed":["Doubt"],"damage_healed":0,"gold_gain":0,"player_choice":"Removed Curses","damage_taken":0,"max_hp_gain":0,"max_hp_loss":0,"event_name":"Fountain of Cleansing","floor":13,"gold_loss":0},{"damage_healed":0,"gold_gain":0,"player_choice":"Gave Potion","damage_taken":0,"relics_obtained":["Dream Catcher"],"max_hp_gain":0,"max_hp_loss":0,"event_name":"WeMeetAgain","floor":21,"gold_loss":0}],"is_beta":false,"boss_relics":[{"not_picked":["FrozenCore","Black Star"],"picked":"Fusion Hammer"}],"items_purged_floors":[],"is_endless":false,"potions_floor_spawned":[1,3,5,8,11,16,20,22],"killed_by":"Slavers","ascension_level":11}