{"gold_per_floor":[117,38,58,73,85,119,119,152,225,225,225,239,256,273,273,350,350,360,373,383,383,400,400,416,416,439,439,539,111,111,140,140,215,215,229,277,377,387,407,407,421,421,421,421,436,10,29,29,29,29],"floor_reached":51,"playtime":2844,"items_purged":["Strike_R","Writhe"],"score":1233,"play_id":"23cb1451-6dd1-48c0-bd73-b0d4820f7e98","local_time":"20190519182941","is_ascension_mode":true,"campfire_choices":[{"floor":7,"key":"REST"},{"data":"Body Slam","floor":11,"key":"SMITH"},{"data":"Flame Barrier","floor":15,"key":"SMITH"},{"data":"Barricade","floor":23,"key":"SMITH"},{"data":"Armaments","floor":25,"key":"SMITH"},{"data":"Burning Pact","floor":27,"key":"SMITH"},{"data":"Flame Barrier","floor":32,"key":"SMITH"},{"data":"Well Laid Plans","floor":40,"key":"SMITH"},{"data":"Demon Form","floor":42,"key":"SMITH"},{"data":"Apotheosis","floor":44,"key":"SMITH"},{"floor":49,"key":"DIG"}],"neow_cost":"NONE","seed_source_timestamp":3283239500488,"circlet_count":0,"master_deck":["AscendersBane","Strike_R","Strike_R","Strike_R","Strike_R","Defend_R","Defend_R","Defend_R","Defend_R","Bash","Shrug It Off","Metallicize","Corruption+1","Body Slam+1","Shrug It Off","Demon Form+1","Flame Barrier+1","Pommel Strike","Barricade+1","Shrug It Off+1","Armaments+1","Pommel Strike","Burning Pact+1","Pommel Strike+1","Burning Pact","Flame Barrier+1","Whirlwind","Uppercut","Apotheosis+1","Steam Power+1","Headbutt","Noxious Fumes+1","Well Laid Plans+1","Burst+1","Metallicize","Sentinel+1","Shrug It Off","Leap"],"relics":["Burning Blood","Charon\u0027s Ashes","Girya","Pantograph","Coffee Dripper","Anchor","Shovel","Mummified Hand","PrismaticShard","Bag of Preparation","The Courier","Runic Dome","Gambling Chip","Ice Cream","Ornamental Fan","Pear","War Paint"],"potions_floor_usage":[6,16,19,28,28,50,50],"damage_taken":[{"damage":10,"enemies":"Cultist","floor":1,"turns":5},{"damage":0,"enemies":"2 Louse","floor":3,"turns":4},{"damage":5,"enemies":"Small Slimes","floor":4,"turns":5},{"damage":7,"enemies":"3 Louse","floor":5,"turns":6},{"damage":54,"enemies":"Lagavulin","floor":6,"turns":9},{"damage":16,"enemies":"3 Sentries","floor":8,"turns":5},{"damage":15,"enemies":"Large Slime","floor":12,"turns":6},{"damage":0,"enemies":"Exordium Wildlife","floor":13,"turns":2},{"damage":8,"enemies":"Lots of Slimes","floor":14,"turns":4},{"damage":26,"enemies":"Hexaghost","floor":16,"turns":7},{"damage":4,"enemies":"Spheric Guardian","floor":18,"turns":4},{"damage":6,"enemies":"Shell Parasite","floor":19,"turns":5},{"damage":22,"enemies":"Chosen and Byrds","floor":20,"turns":6},{"damage":22,"enemies":"Snake Plant","floor":22,"turns":5},{"damage":4,"enemies":"Cultist and Chosen","floor":24,"turns":4},{"damage":0,"enemies":"Colosseum Slavers","floor":28,"turns":5},{"damage":6,"enemies":"Colosseum Nobs","floor":28,"turns":5},{"damage":0,"enemies":"Slavers","floor":31,"turns":4},{"damage":6,"enemies":"Champ","floor":33,"turns":10},{"damage":0,"enemies":"Orb Walker","floor":35,"turns":4},{"damage":0,"enemies":"2 Orb Walkers","floor":36,"turns":3},{"damage":0,"enemies":"Mind Bloom Boss Battle","floor":37,"turns":3},{"damage":6,"enemies":"3 Shapes","floor":38,"turns":2},{"damage":0,"enemies":"Transient","floor":39,"turns":5},{"damage":0,"enemies":"Maw","floor":41,"turns":5},{"damage":0,"enemies":"4 Shapes","floor":45,"turns":1},{"damage":0,"enemies":"Transient","floor":47,"turns":5},{"damage":20,"enemies":"Time Eater","floor":50,"turns":9}],"seed_played":"-3173336364841488805","potions_obtained":[{"floor":3,"key":"PowerPotion"},{"floor":4,"key":"Ancient Potion"},{"floor":6,"key":"Poison Potion"},{"floor":14,"key":"Strength Potion"},{"floor":16,"key":"Explosive Potion"},{"floor":18,"key":"Swift Potion"},{"floor":20,"key":"Strength Potion"},{"floor":24,"key":"SkillPotion"},{"floor":35,"key":"LiquidBronze"},{"floor":36,"key":"Strength Potion"}],"is_trial":false,"path_per_floor":["M","$","M","M","M","E","R","E","T","?","R","M","M","M","R","B",null,"M","M","M","?","M","R","M","R","T","R","?","$","?","E","R","B",null,"M","?","?","M","M","R","M","R","T","R","M","$","M","$","R","B",null],"character_chosen":"IRONCLAD","items_purchased":["Metallicize","Flame Barrier","PrismaticShard","Whirlwind","Metallicize","Pear","Sentinel","Shrug It Off"],"campfire_rested":1,"item_purchase_floors":[2,29,29,29,46,46,46,46],"current_hp_per_floor":[71,71,77,78,77,29,53,43,43,43,43,34,40,38,38,43,72,74,74,58,58,42,42,44,44,44,44,50,50,50,56,56,81,82,82,82,82,82,82,82,82,82,82,82,82,92,92,92,92,78],"gold":29,"neow_bonus":"TEN_PERCENT_HP_BONUS","is_prod":false,"is_daily":false,"chose_seed":false,"campfire_upgraded":9,"win_rate":0,"timestamp":1558315781,"path_taken":["M","?","M","M","M","E","R","E","T","?","R","M","M","M","R","BOSS","M","M","?","?","M","R","M","R","T","R","?","$","?","E","R","BOSS","M","?","?","M","M","R","M","R","T","R","M","?","M","$","R","BOSS"],"build_version":"2019-01-23","purchased_purges":2,"victory":true,"max_hp_per_floor":[82,82,82,82,82,82,82,82,82,82,82,82,82,82,82,82,82,82,82,82,82,82,82,82,82,82,82,82,82,82,82,82,82,82,82,82,82,82,82,82,82,82,82,82,82,92,92,92,92,92],"card_choices":[{"not_picked":["Clothesline","Iron Wave"],"picked":"Shrug It Off","floor":1},{"not_picked":["Flex","Clash","Twin Strike"],"picked":"SKIP","floor":3},{"not_picked":["Anger","Dark Embrace"],"picked":"Corruption","floor":4},{"not_picked":["Thunderclap","Combust"],"picked":"Body Slam","floor":5},{"not_picked":["Intimidate","Armaments"],"picked":"Shrug It Off","floor":6},{"not_picked":["Pommel Strike","Flex"],"picked":"Demon Form","floor":8},{"not_picked":["Fire Breathing","Dropkick","Rage"],"picked":"SKIP","floor":12},{"not_picked":["Havoc","Burning Pact"],"picked":"Flame Barrier","floor":13},{"not_picked":["Heavy Blade","Dropkick"],"picked":"Pommel Strike","floor":14},{"not_picked":["Double Tap","Demon Form"],"picked":"Barricade","floor":16},{"not_picked":["Rampage","Wild Strike"],"picked":"Shrug It Off+1","floor":18},{"not_picked":["Inflame","Twin Strike"],"picked":"Armaments","floor":19},{"not_picked":["Clash","Sword Boomerang"],"picked":"Pommel Strike","floor":20},{"not_picked":["Pommel Strike","Wild Strike","Perfected Strike"],"picked":"SKIP","floor":22},{"not_picked":["Sever Soul+1","Thunderclap+1"],"picked":"Pommel Strike+1","floor":24},{"not_picked":["Reckless Charge+1","Intimidate"],"picked":"Burning Pact","floor":28},{"not_picked":["Fire Breathing","Underhanded Strike"],"picked":"Uppercut","floor":31},{"not_picked":["Amplify","Secret Weapon"],"picked":"Apotheosis","floor":33},{"not_picked":["Quick Slash","Clothesline"],"picked":"Steam Power+1","floor":35},{"not_picked":["Prepared","Burning Pact"],"picked":"Headbutt","floor":36},{"not_picked":["Riddle With Holes","Beam Cell"],"picked":"Noxious Fumes+1","floor":37},{"not_picked":["Purity+1","Twin Strike+1","Force Field"],"picked":"SKIP","floor":38},{"not_picked":["Go for the Eyes+1","Infernal Blade"],"picked":"Well Laid Plans","floor":39},{"not_picked":["Acrobatics+1","Thunderclap"],"picked":"Burst","floor":41},{"not_picked":["Blade Dance","Deadly Poison","Clothesline"],"picked":"SKIP","floor":45},{"not_picked":["Choke","Barrage+1"],"picked":"Leap","floor":47}],"player_experience":396449,"relics_obtained":[{"floor":6,"key":"Charon\u0027s Ashes"},{"floor":8,"key":"Girya"},{"floor":9,"key":"Pantograph"},{"floor":26,"key":"Anchor"},{"floor":28,"key":"Shovel"},{"floor":28,"key":"Mummified Hand"},{"floor":31,"key":"The Courier"},{"floor":36,"key":"Gambling Chip"},{"floor":37,"key":"Ice Cream"},{"floor":43,"key":"Ornamental Fan"},{"floor":49,"key":"War Paint"}],"event_choices":[{"damage_healed":0,"gold_gain":0,"player_choice":"Upgraded","damage_taken":0,"max_hp_gain":0,"max_hp_loss":0,"event_name":"Upgrade Shrine","floor":10,"gold_loss":0,"cards_upgraded":["Corruption"]},{"damage_healed":0,"gold_gain":0,"player_choice":"Read","damage_taken":0,"max_hp_gain":0,"max_hp_loss":0,"event_name":"The Library","floor":21,"gold_loss":0,"cards_obtained":["Burning Pact"]},{"damage_healed":0,"gold_gain":0,"player_choice":"Fight","damage_taken":0,"max_hp_gain":0,"max_hp_loss":0,"event_name":"Colosseum","floor":28,"gold_loss":0},{"damage_healed":0,"gold_gain":0,"player_choice":"Fought Nobs","damage_taken":0,"max_hp_gain":0,"max_hp_loss":0,"event_name":"Colosseum","floor":28,"gold_loss":0},{"damage_healed":0,"gold_gain":0,"player_choice":"Opened","damage_taken":0,"relics_obtained":["Bag of Preparation"],"max_hp_gain":0,"max_hp_loss":0,"event_name":"The Mausoleum","floor":30,"gold_loss":0,"cards_obtained":["Writhe"]},{"damage_healed":0,"gold_gain":0,"player_choice":"Fight","damage_taken":0,"max_hp_gain":0,"max_hp_loss":0,"event_name":"Mysterious Sphere","floor":36,"gold_loss":0},{"damage_healed":0,"gold_gain":0,"player_choice":"Fight","damage_taken":0,"max_hp_gain":0,"max_hp_loss":0,"event_name":"MindBloom","floor":37,"gold_loss":0}],"is_beta":false,"boss_relics":[{"not_picked":["Runic Cube","Lizard Tail"],"picked":"Coffee Dripper"},{"not_picked":["Velvet Choker","Calling Bell"],"picked":"Runic Dome"}],"items_purged_floors":[29,46],"is_endless":false,"potions_floor_spawned":[3,4,6,12,14,16,18,20,24,35,36,38,41],"ascension_level":14}