{"path_per_floor":["M","?","M","?","M","$","M","M","T","$","M","?","R","M","R","B",null,"M","?","?","M","M"],"character_chosen":"THE_SILENT","items_purchased":["Infinite Blades"],"gold_per_floor":[114,114,133,133,146,0,18,32,32,32,53,53,53,66,66,195,195,210,210,210,229,246],"floor_reached":23,"campfire_rested":1,"playtime":1389,"current_hp_per_floor":[69,55,54,54,54,54,54,35,35,35,35,35,35,30,51,24,70,59,43,43,24,10],"items_purged":["Injury"],"gold":246,"score":185,"play_id":"d114e1c4-899e-4ef8-b168-5fea8e4094a9","is_prod":false,"is_daily":false,"is_ascension_mode":false,"campfire_upgraded":0,"path_taken":["M","?","?","?","M","$","M","M","T","$","M","?","R","M","R","BOSS","M","?","?","M","M","M"],"build_version":"2018-02-15-PROD1","purchased_purges":1,"victory":false,"master_deck":["Defend_G","Defend_G+1","Defend_G","Defend_G","Defend_G","Strike_G","Strike_G","Strike_G","Strike_G","Strike_G","Survivor","Neutralize+1","Quick Slash","Footwork","Crippling Poison","Infinite Blades","Slice","Terror","Bullet Time","Bane","Venomology","Backflip+1","Quick Slash","Deflect"],"max_hp_per_floor":[70,70,70,70,70,70,70,70,70,70,70,70,70,70,70,70,70,70,70,70,70,70],"relics":["Ring of the Snake","Bloody Idol","Girya","Eternal Feather","Enchiridion"],"card_choices":[{"not_picked":["Flechettes","Sucker Punch"],"picked":"Quick Slash"},{"not_picked":["Slice","PiercingWail"],"picked":"Footwork"},{"not_picked":["Dash","Malaise"],"picked":"Well Laid Plans"},{"not_picked":["Heel Hook","Caltrops"],"picked":"Crippling Poison"},{"not_picked":["Deflect","Flechettes"],"picked":"Slice"},{"not_picked":["Outmaneuver","Backflip"],"picked":"Terror"},{"not_picked":["Caltrops","Sucker Punch"],"picked":"Bullet Time"},{"not_picked":["Flechettes","Backflip"],"picked":"Bane"},{"not_picked":["Tools of the Trade","Tactician"],"picked":"Venomology"},{"not_picked":["PiercingWail","Bane"],"picked":"Backflip"},{"not_picked":["Flying Knee","Leg Sweep"],"picked":"Quick Slash"},{"not_picked":["Expertise","Poisoned Stab"],"picked":"Deflect"}],"player_experience":46553,"potions_floor_usage":[14,16,18,21,22,23,23],"damage_taken":[{"damage":1,"enemies":"Small Slimes","floor":1,"turns":3},{"damage":1,"enemies":"Jaw Worm","floor":3,"turns":4},{"damage":0,"enemies":"Cultist","floor":5,"turns":5},{"damage":0,"enemies":"Exordium Thugs","floor":7,"turns":9},{"damage":19,"enemies":"Lots of Slimes","floor":8,"turns":6},{"damage":0,"enemies":"3 Louse","floor":11,"turns":5},{"damage":17,"enemies":"Red Slaver","floor":14,"turns":5},{"damage":27,"enemies":"Slime Boss","floor":16,"turns":6},{"damage":11,"enemies":"Shell Parasite","floor":18,"turns":7},{"damage":24,"enemies":"3 Byrds","floor":21,"turns":5},{"damage":34,"enemies":"Centurion and Healer","floor":22,"turns":9},{"damage":10,"enemies":"Sentry and Sphere","floor":23,"turns":5}],"event_choices":[{"event_name":"Shining Light","player_choice":"Entered Light","floor":2,"damage_taken":0},{"event_name":"Golden Idol","player_choice":"Take Wound","floor":4,"damage_taken":0},{"event_name":"Purifier","player_choice":"One Purge","floor":12,"damage_taken":0},{"event_name":"Cursed Tome","player_choice":"Obtained Book","floor":19,"damage_taken":0},{"event_name":"Forgotten Altar","player_choice":"Gave Idol","floor":20,"damage_taken":0}],"boss_relics":[{"not_picked":["White Beast Statue","Question Card"],"picked":"Eternal Feather"}],"potions_floor_spawned":[5,7,8,11,22],"seed_played":"-5296654462240959322","killed_by":"Sentry and Sphere","ascension_level":0,"is_trial":false}