{"gold_per_floor":[212,88,99,118,136,169,169,169,194,219,249,262,26,26,26,121,121,132,143,157,177,195,195,195,225,278,278,229,444,444],"floor_reached":30,"playtime":1974,"items_purged":["Strike_B"],"score":312,"play_id":"caed6ec1-6484-437e-a018-4d5e9eb07cc2","local_time":"20190318210142","is_ascension_mode":true,"campfire_choices":[{"data":"Hello World","floor":8,"key":"SMITH"},{"floor":15,"key":"REST"},{"data":"Stack","floor":23,"key":"SMITH"}],"neow_cost":"NONE","seed_source_timestamp":194708290018648,"circlet_count":0,"master_deck":["Strike_B+1","Strike_B+1","Strike_B+1","Defend_B+1","Defend_B+1","Defend_B+1","Defend_B+1","Zap+1","Dualcast+1","Gash","Streamline","Steam","Gash","Conserve Battery","Hello World+1","Gash","Stack+1","Steam","Violence","Sunder+1","Beam Cell","Steam","Steam Power","Turbo+1"],"relics":["Cracked Core","Potion Belt","War Paint","Bag of Preparation","Juzu Bracelet","Odd Mushroom","Lizard Tail","Happy Flower","Ancient Tea Set","Old Coin"],"potions_floor_usage":[6,6,20,25,30],"damage_taken":[{"damage":2,"enemies":"Jaw Worm","floor":1,"turns":3},{"damage":1,"enemies":"2 Louse","floor":3,"turns":2},{"damage":0,"enemies":"Cultist","floor":4,"turns":2},{"damage":2,"enemies":"Blue Slaver","floor":5,"turns":2},{"damage":8,"enemies":"Gremlin Nob","floor":6,"turns":4},{"damage":18,"enemies":"3 Sentries","floor":10,"turns":7},{"damage":11,"enemies":"The Mushroom Lair","floor":11,"turns":4},{"damage":2,"enemies":"Large Slime","floor":12,"turns":4},{"damage":19,"enemies":"Hexaghost","floor":16,"turns":8},{"damage":1,"enemies":"3 Byrds","floor":18,"turns":7},{"damage":10,"enemies":"Spheric Guardian","floor":19,"turns":4},{"damage":9,"enemies":"Centurion and Healer","floor":20,"turns":5},{"damage":18,"enemies":"Snake Plant","floor":21,"turns":5},{"damage":14,"enemies":"Sentry and Sphere","floor":22,"turns":6},{"damage":25,"enemies":"Slavers","floor":25,"turns":7},{"damage":39,"enemies":"Gremlin Leader","floor":30,"turns":8}],"seed_played":"-7130961350038841049","potions_obtained":[{"floor":3,"key":"Swift Potion"},{"floor":4,"key":"Weak Potion"},{"floor":18,"key":"EssenceOfSteel"},{"floor":19,"key":"Energy Potion"}],"is_trial":false,"path_per_floor":["M","$","M","M","M","E","?","R","T","E","?","M","$","?","R","B",null,"M","M","M","M","M","R","?","E","T","?","$","?","E"],"character_chosen":"DEFECT","items_purchased":["Streamline","Steam","Violence","Strength Potion"],"campfire_rested":1,"item_purchase_floors":[2,13,13,28],"current_hp_per_floor":[73,73,72,72,70,62,59,59,59,41,30,28,28,28,50,31,75,74,64,55,37,23,23,23,37,37,37,37,37,0],"gold":444,"neow_bonus":"HUNDRED_GOLD","is_prod":false,"is_daily":false,"chose_seed":false,"campfire_upgraded":2,"win_rate":0,"timestamp":1552968102,"path_taken":["M","$","M","M","M","E","?","R","T","E","?","M","?","?","R","BOSS","M","M","M","M","M","R","?","E","T","?","$","?","E"],"build_version":"2019-01-23","purchased_purges":1,"victory":false,"max_hp_per_floor":[75,75,75,75,75,75,75,75,75,75,75,75,75,75,75,75,75,75,75,75,75,75,75,75,75,75,75,75,75,75],"card_choices":[{"not_picked":["Turbo","Static Discharge"],"picked":"Gash","floor":1},{"not_picked":["Cold Snap","Go for the Eyes"],"picked":"Steam","floor":3},{"not_picked":["Ball Lightning","Leap"],"picked":"Gash","floor":4},{"not_picked":["Blizzard","Rainbow"],"picked":"Conserve Battery","floor":5},{"not_picked":["Defragment","Auto Shields"],"picked":"Hello World","floor":6},{"not_picked":["Self Repair","Stack"],"picked":"Gash","floor":10},{"not_picked":["Turbo","Compile Driver"],"picked":"Stack","floor":11},{"not_picked":["Hologram","Auto Shields"],"picked":"Aggregate","floor":12},{"not_picked":["Recycle","Streamline"],"picked":"Sunder+1","floor":18},{"not_picked":["Reprogram","Stack"],"picked":"Beam Cell","floor":19},{"not_picked":["Hologram","Coolheaded"],"picked":"Steam","floor":20},{"not_picked":["Darkness","Static Discharge","Ball Lightning"],"picked":"SKIP","floor":21},{"not_picked":["Loop","Conserve Battery+1"],"picked":"Steam Power","floor":22},{"not_picked":["Tempest","Barrage"],"picked":"Turbo+1","floor":25}],"player_experience":201422,"relics_obtained":[{"floor":6,"key":"Potion Belt"},{"floor":9,"key":"Bag of Preparation"},{"floor":10,"key":"Juzu Bracelet"},{"floor":11,"key":"Odd Mushroom"},{"floor":25,"key":"Happy Flower"},{"floor":26,"key":"Ancient Tea Set"}],"event_choices":[{"damage_healed":0,"gold_gain":0,"player_choice":"Success","damage_taken":3,"relics_obtained":["War Paint"],"max_hp_gain":0,"max_hp_loss":0,"event_name":"Scrap Ooze","floor":7,"gold_loss":0},{"damage_healed":0,"gold_gain":0,"player_choice":"Fought Mushrooms","damage_taken":0,"max_hp_gain":0,"max_hp_loss":0,"event_name":"Mushrooms","floor":11,"gold_loss":0},{"damage_healed":0,"gold_gain":0,"player_choice":"Grow","damage_taken":0,"max_hp_gain":0,"max_hp_loss":0,"event_name":"Living Wall","floor":14,"gold_loss":0,"cards_upgraded":["Zap"]},{"damage_healed":0,"gold_gain":0,"player_choice":"Simplicity","damage_taken":0,"max_hp_gain":0,"max_hp_loss":0,"event_name":"Back to Basics","floor":24,"gold_loss":0,"cards_upgraded":["Strike_B","Strike_B","Strike_B","Defend_B","Defend_B","Defend_B"]},{"cards_removed":["Aggregate"],"damage_healed":0,"gold_gain":0,"player_choice":"Purged","damage_taken":0,"max_hp_gain":0,"max_hp_loss":0,"event_name":"Purifier","floor":27,"gold_loss":0},{"damage_healed":0,"gold_gain":0,"player_choice":"Obtained Relic","damage_taken":0,"relics_obtained":["Old Coin"],"max_hp_gain":0,"max_hp_loss":0,"event_name":"Addict","floor":29,"gold_loss":85}],"is_beta":false,"boss_relics":[{"not_picked":["Pandora\u0027s Box","Inserter"],"picked":"Lizard Tail"}],"items_purged_floors":[2],"is_endless":false,"potions_floor_spawned":[3,4,18,19],"killed_by":"Gremlin Leader","ascension_level":4}