{"gold_per_floor":[119,133,133,148,148,160,172,184,219,231,243,255,286,322,334,346],"floor_reached":16,"playtime":521,"items_purged":[],"score":162,"play_id":"a6608e35-8fbe-48df-a8ad-c12515a0a671","local_time":"20190524205352","is_ascension_mode":true,"campfire_choices":[{"data":"Bash","floor":6.0,"key":"SMITH"},{"floor":8.0,"key":"REST"},{"data":"Metallicize","floor":10.0,"key":"SMITH"},{"floor":15.0,"key":"REST"}],"neow_cost":"NONE","seed_source_timestamp":720413622404768,"circlet_count":0,"master_deck":["AscendersBane","Strike_R","Strike_R","Strike_R+1","Strike_R+1","Defend_R","Defend_R","Defend_R","Defend_R","Bash+1","Feel No Pain","Metallicize+1","Reaper"],"special_seed":0,"relics":["Burning Blood","Golden Idol","MawBank","Bird Faced Urn","Whetstone"],"potions_floor_usage":[16,16],"damage_taken":[{"damage":6.0,"enemies":"Jaw Worm","floor":1.0,"turns":5.0},{"damage":10.0,"enemies":"Small Slimes","floor":2.0,"turns":3.0},{"damage":6.0,"enemies":"Cultist","floor":4.0,"turns":3.0},{"damage":26.0,"enemies":"Exordium Thugs","floor":13.0,"turns":6.0},{"damage":13.0,"enemies":"3 Louse","floor":14.0,"turns":5.0},{"damage":79,"enemies":"Slime Boss","floor":16,"turns":9}],"seed_played":"-8951199473862133200","potions_obtained":[{"floor":4.0,"key":"EssenceOfSteel"},{"floor":13.0,"key":"Strength Potion"}],"is_trial":false,"path_per_floor":["M","M","?","M","?","R","T","R","T","R","?","$","M","M","R","B"],"character_chosen":"IRONCLAD","items_purchased":[],"campfire_rested":2,"item_purchase_floors":[],"current_hp_per_floor":[75,71,43,43,32,32,32,56,56,56,56,56,38,43,67,0],"gold":346,"neow_bonus":"TEN_PERCENT_HP_BONUS","is_prod":false,"is_daily":false,"chose_seed":false,"campfire_upgraded":2,"win_rate":0,"timestamp":1558702432,"path_taken":["M","M","?","M","?","R","?","R","T","R","?","$","M","M","R","BOSS"],"build_version":"2019-01-23","purchased_purges":0,"victory":false,"max_hp_per_floor":[82,82,82,82,82,82,82,82,82,82,82,82,82,82,82,82],"card_choices":[{"not_picked":["Warcry","Havoc","Body Slam"],"picked":"SKIP","floor":1.0},{"not_picked":["Power Through","True Grit"],"picked":"Feel No Pain","floor":2.0},{"not_picked":["Sword Boomerang","Shrug It Off"],"picked":"Metallicize","floor":4.0},{"not_picked":["Pommel Strike","Cleave"],"picked":"Reaper","floor":13.0},{"not_picked":["Searing Blow","Anger","Pommel Strike"],"picked":"SKIP","floor":14.0}],"player_experience":590640,"relics_obtained":[{"floor":7.0,"key":"Bird Faced Urn"},{"floor":9.0,"key":"Whetstone"}],"event_choices":[{"damage_healed":0.0,"max_hp_gain":0.0,"max_hp_loss":0.0,"gold_gain":0.0,"event_name":"Golden Idol","player_choice":"Take Damage","floor":3.0,"gold_loss":0.0,"damage_taken":28.0,"relics_obtained":["Golden Idol"]},{"damage_healed":0.0,"max_hp_gain":0.0,"max_hp_loss":0.0,"gold_gain":0.0,"event_name":"Scrap Ooze","player_choice":"Success","floor":5.0,"gold_loss":0.0,"damage_taken":11.0,"relics_obtained":["MawBank"]},{"cards_removed":["Strike_R"],"damage_healed":0.0,"max_hp_gain":0.0,"max_hp_loss":0.0,"gold_gain":0.0,"event_name":"Wheel of Change","player_choice":"Card Removal","floor":11.0,"gold_loss":0.0,"damage_taken":0.0}],"is_beta":false,"boss_relics":[],"items_purged_floors":[],"is_endless":false,"potions_floor_spawned":[4,13],"killed_by":"Slime Boss","ascension_level":16}