{"gold_per_floor":[16,16,16,16,27,61,77,77,129,48,48,82,102,129,129,227,227,241,256,176,186,199,199],"floor_reached":23,"playtime":1180,"items_purged":[],"score":264,"play_id":"ec18c6e8-7657-4c88-a7c9-82a776f2e0c4","local_time":"20181126054926","is_ascension_mode":true,"campfire_choices":[{"floor":8,"key":"REST"},{"floor":15,"key":"REST"}],"neow_cost":"NO_GOLD","seed_source_timestamp":350192587323381,"circlet_count":0,"master_deck":["Strike_B","Strike_B","Strike_B","Strike_B","Defend_B","Defend_B","Defend_B","Defend_B+1","Zap","Dualcast","Beam Cell+1","Storm","Static Discharge","Loop","Echo Form","Cold Snap","Self Repair","Seek","Electrodynamics","Cold Snap","Loop","Stack","Streamline+1"],"relics":["Cracked Core","Ancient Tea Set","Bag of Preparation","DataDisk","Bottled Lightning","Anchor","Velvet Choker"],"potions_floor_usage":[12,14],"damage_taken":[{"damage":4,"enemies":"Small Slimes","floor":1,"turns":3},{"damage":0,"enemies":"Jaw Worm","floor":5,"turns":2},{"damage":37,"enemies":"3 Sentries","floor":6,"turns":8},{"damage":0,"enemies":"2 Louse","floor":7,"turns":2},{"damage":7,"enemies":"Lagavulin","floor":12,"turns":7},{"damage":4,"enemies":"2 Fungi Beasts","floor":13,"turns":3},{"damage":2,"enemies":"Gremlin Nob","floor":14,"turns":2},{"damage":43,"enemies":"Hexaghost","floor":16,"turns":7},{"damage":8,"enemies":"Chosen","floor":18,"turns":5},{"damage":21,"enemies":"3 Byrds","floor":19,"turns":3},{"damage":22,"enemies":"Shelled Parasite and Fungi","floor":21,"turns":4},{"damage":12,"enemies":"Centurion and Healer","floor":22,"turns":3},{"damage":33,"enemies":"Book of Stabbing","floor":23,"turns":4}],"seed_played":"4170852162867322","potions_obtained":[{"floor":6,"key":"SkillPotion"},{"floor":12,"key":"PowerPotion"},{"floor":22,"key":"SpeedPotion"}],"is_trial":false,"path_per_floor":["M","?","$","?","M","E","M","R","T","$","?","E","M","E","R","B",null,"M","M","$","M","M","E"],"character_chosen":"DEFECT","items_purchased":["Echo Form","Loop"],"campfire_rested":2,"item_purchase_floors":[10,20],"current_hp_per_floor":[85,67,67,60,60,23,23,49,49,49,49,42,38,36,62,33,75,81,67,67,45,33,0],"gold":199,"neow_bonus":"TWENTY_PERCENT_HP_BONUS","is_prod":false,"is_daily":false,"chose_seed":false,"campfire_upgraded":0,"win_rate":0,"timestamp":1543204166,"path_taken":["M","?","$","?","M","E","M","R","T","?","?","E","M","E","R","BOSS","M","M","$","M","M","E"],"build_version":"2018-11-15","purchased_purges":0,"victory":false,"max_hp_per_floor":[89,89,89,89,89,89,89,89,89,89,89,89,89,89,89,89,89,89,89,89,89,89,89],"card_choices":[{"not_picked":["Steam","Compile Driver"],"picked":"Beam Cell","floor":1},{"not_picked":["Stack","Rebound"],"picked":"Storm","floor":5},{"not_picked":["Rip and Tear","Go for the Eyes"],"picked":"Static Discharge","floor":6},{"not_picked":["Ball Lightning","Hologram"],"picked":"Loop","floor":7},{"not_picked":["Sweeping Beam","Blizzard"],"picked":"Cold Snap","floor":12},{"not_picked":["Compile Driver","Coolheaded"],"picked":"Self Repair","floor":13},{"not_picked":["Ball Lightning","Stack"],"picked":"Seek","floor":14},{"not_picked":["Echo Form","Multi-Cast"],"picked":"Electrodynamics","floor":16},{"not_picked":["Gash","Redo"],"picked":"Cold Snap","floor":18},{"not_picked":["Reprogram","Beam Cell","Recycle"],"picked":"SKIP","floor":19},{"not_picked":["Gash+1","Beam Cell"],"picked":"Stack","floor":21},{"not_picked":["Stack","Turbo+1"],"picked":"Streamline+1","floor":22}],"player_experience":332117,"relics_obtained":[{"floor":6,"key":"Bag of Preparation"},{"floor":9,"key":"DataDisk"},{"floor":12,"key":"Bottled Lightning"},{"floor":14,"key":"Anchor"}],"event_choices":[{"damage_healed":0,"gold_gain":0,"player_choice":"Entered Light","damage_taken":18,"max_hp_gain":0,"max_hp_loss":0,"event_name":"Shining Light","floor":2,"gold_loss":0,"cards_upgraded":["Defend_B","Beam Cell"]},{"damage_healed":0,"gold_gain":0,"player_choice":"Success","damage_taken":7,"relics_obtained":["Ancient Tea Set"],"max_hp_gain":0,"max_hp_loss":0,"event_name":"Scrap Ooze","floor":4,"gold_loss":0},{"damage_healed":0,"gold_gain":0,"player_choice":"Ignored","damage_taken":0,"max_hp_gain":0,"max_hp_loss":0,"event_name":"Golden Wing","floor":11,"gold_loss":0}],"is_beta":true,"boss_relics":[{"not_picked":["Coffee Dripper","Sozu"],"picked":"Velvet Choker"}],"items_purged_floors":[],"is_endless":false,"potions_floor_spawned":[6,12,22],"killed_by":"Book of Stabbing","ascension_level":5}