{"gold_per_floor":[114,114,114,114,129,129,164,176,199,228,244,355,369,382,382,482,482,500,500,500,500,516,542,542,557,557,557,592,592,592,592,507,619,619,719,719,736,736],"floor_reached":38,"playtime":3925,"items_purged":[],"score":869,"play_id":"10dcf721-8eda-4017-8b93-9f6bb863bb94","local_time":"20190505062330","is_ascension_mode":true,"campfire_choices":[{"floor":6.0,"key":"REST"},{"floor":15,"key":"REST"},{"floor":24,"key":"REST"},{"data":"Redo","floor":27,"key":"SMITH"},{"floor":34,"key":"REST"}],"neow_cost":"NONE","seed_source_timestamp":0,"circlet_count":0,"master_deck":["Strike_B+1","Strike_B+1","Strike_B+1","Defend_B+1","Defend_B+1","Defend_B+1","Defend_B+1","Zap","Dualcast","Meteor Strike","Streamline","ReplayRNGCard+1","infinitespire:NeuralNetwork","BootSequence+1","Conserve Battery+1","Time Bomb","Conserve Battery","Cold Snap","Chill","Undo","Redo+1","ReplayTheSpireMod:Omega Cannon","Conserve Battery+1","Go for the Eyes","hubris:Despair","ReplayTheSpireMod:Calculation Training","Panic Button+1","Echo Form","Doubt","infinitespire:Pacifist","Parasite","Steam+1"],"special_seed":0,"relics":["Cracked Core","ReplayTheSpireMod:Lightbulb","Pet Ghost","ReplayFunnel","Cursed Key","aspiration:RitualStick","Emotion Chip","Mirror","Gremlin Food","aspiration:Lifesprig","Calling Bell","infinitespire:Magic Flask","Snack Pack","War Paint"],"potions_floor_usage":[18,35,35,38,38],"damage_taken":[{"damage":8.0,"enemies":"Jaw Worm","floor":1.0,"turns":4.0},{"damage":0.0,"enemies":"Cultist","floor":5.0,"turns":3.0},{"damage":13.0,"enemies":"Lagavulin","floor":7.0,"turns":6.0},{"damage":0.0,"enemies":"2 Louse","floor":8.0,"turns":2.0},{"damage":18.0,"enemies":"Gremlin Nob","floor":10.0,"turns":4.0},{"damage":2.0,"enemies":"Blue Slaver","floor":11.0,"turns":3.0},{"damage":0.0,"enemies":"2 Fungi Beasts","floor":12.0,"turns":4.0},{"damage":9.0,"enemies":"Red Slaver","floor":13.0,"turns":4.0},{"damage":1.0,"enemies":"Gremlin Gang","floor":14.0,"turns":5.0},{"damage":34,"enemies":"Slime Boss","floor":16,"turns":6},{"damage":7,"enemies":"2 Thieves","floor":18,"turns":4},{"damage":0,"enemies":"Spheric Guardian","floor":22,"turns":4},{"damage":0,"enemies":"Replay:Snechameleon","floor":23,"turns":10},{"damage":4,"enemies":"Snecko","floor":25,"turns":4},{"damage":40,"enemies":"Slavers","floor":28,"turns":5},{"damage":0,"enemies":"Snake Plant","floor":33,"turns":4},{"damage":36,"enemies":"Automaton","floor":35,"turns":9},{"damage":3,"enemies":"3 Darklings","floor":37,"turns":6},{"damage":41,"enemies":"infinitespire:Three Voidlings","floor":38,"turns":6},{"damage":66,"enemies":"Nightmare_Alpha","floor":38,"turns":13}],"seed_played":"-6424679267491786511","potions_obtained":[{"floor":1.0,"key":"Reflective Coating"},{"floor":7.0,"key":"Block Potion"},{"floor":10.0,"key":"SteroidPotion"},{"floor":12.0,"key":"SkillPotion"},{"floor":16,"key":"Energy Potion"},{"floor":23,"key":"SteroidPotion"},{"floor":25,"key":"Strength Potion"},{"floor":28,"key":"Reflective Coating"},{"floor":33,"key":"PowerPotion"},{"floor":35,"key":"SpeedPotion"}],"is_trial":false,"path_per_floor":["M","?","?","?","M","R","E","M","T","E","M","M","M","M","R","B",null,"M","?","?","?","M","E","R","M","T","R","E","?","PTL","PTL","?","M","R_BF","B",null,"M","?"],"character_chosen":"DEFECT","items_purchased":[],"campfire_rested":4,"item_purchase_floors":[],"current_hp_per_floor":[60,60,60,42,42,64,51,51,51,33,31,31,28,27,49,15,60,53,53,48,34,34,50,74,70,70,70,30,30,30,30,30,31,55,21,65,63,0],"gold":736,"neow_bonus":"ONE_RANDOM_RARE_CARD","is_prod":false,"is_daily":false,"chose_seed":false,"campfire_upgraded":1,"win_rate":0,"timestamp":1557026610,"path_taken":["M","?","?","?","M","R","E","M","T","E","M","M","M","?","R_BF","BOSS","M","?","?","?","M","E","R","M","T","R","E","?","PTL","PTL","?","?","R_BF","BOSS","M","?"],"build_version":"2019-01-23","purchased_purges":0,"victory":false,"max_hp_per_floor":[75,75,75,75,75,75,75,75,75,75,75,75,75,75,75,75,75,75,75,75,80,80,80,80,80,80,80,80,80,80,80,80,80,80,80,80,80,80],"card_choices":[{"not_picked":["Beam Cell","BasicCrystalCard"],"picked":"Streamline","floor":1.0},{"not_picked":["ReplayTheSpireMod:??????????????????????","ReplayTheSpireMod:Black Plague"],"picked":"infinitespire:NeuralNetwork","floor":4.0},{"not_picked":["Lockon","Seek"],"picked":"BootSequence","floor":5.0},{"not_picked":["Leap","Beam Cell"],"picked":"Conserve Battery","floor":7.0},{"not_picked":["Aggregate","Turbo"],"picked":"Time Bomb","floor":8.0},{"not_picked":["Melter","Loop"],"picked":"Conserve Battery","floor":10.0},{"not_picked":["Gash","Steam"],"picked":"Cold Snap","floor":11.0},{"not_picked":["Conserve Battery","Double Energy"],"picked":"Chill","floor":12.0},{"not_picked":["Coolheaded","Reinforced Body"],"picked":"Undo","floor":13.0},{"not_picked":["Hologram","Streamline"],"picked":"Redo","floor":14.0},{"not_picked":["hubris:DoWhile","Electrodynamics"],"picked":"ReplayTheSpireMod:Omega Cannon","floor":16},{"not_picked":["Gash","Steam"],"picked":"Conserve Battery+1","floor":18},{"not_picked":["Streamline","Turbo+1"],"picked":"Go for the Eyes","floor":22},{"not_picked":["Aggregate","Heatsinks","Fusion"],"picked":"SKIP","floor":23},{"not_picked":["ReplaySolidLightProjector","hubris:Ukulele","Amplify"],"picked":"SKIP","floor":25},{"not_picked":["Recycle","Redo"],"picked":"ReplayTheSpireMod:Calculation Training","floor":28},{"not_picked":["Streamline","Auto Shields+1"],"picked":"Panic Button","floor":33},{"not_picked":["Machine Learning","Multi-Cast"],"picked":"Echo Form","floor":35},{"not_picked":["Beam Cell","Gash"],"picked":"Steam+1","floor":37}],"player_experience":477596,"relics_obtained":[{"floor":7.0,"key":"ReplayTheSpireMod:Lightbulb"},{"floor":9.0,"key":"Pet Ghost"},{"floor":10.0,"key":"ReplayFunnel"},{"floor":23,"key":"Emotion Chip"},{"floor":26,"key":"Mirror"},{"floor":28,"key":"Gremlin Food"},{"floor":36,"key":"infinitespire:Magic Flask"},{"floor":36,"key":"Snack Pack"},{"floor":36,"key":"War Paint"}],"event_choices":[{"damage_healed":0.0,"max_hp_gain":0.0,"max_hp_loss":0.0,"gold_gain":0.0,"event_name":"Liars Game","player_choice":"Ignored","floor":3.0,"gold_loss":0.0,"damage_taken":0.0},{"damage_healed":0,"gold_gain":0,"player_choice":"Shed Blood","damage_taken":19,"max_hp_gain":5,"max_hp_loss":0,"event_name":"Forgotten Altar","floor":21,"gold_loss":0},{"damage_healed":0,"gold_gain":0,"player_choice":"Simplicity","damage_taken":0,"max_hp_gain":0,"max_hp_loss":0,"event_name":"Back to Basics","floor":29,"gold_loss":0,"cards_upgraded":["Strike_B","Strike_B","Strike_B","Defend_B","Defend_B","Defend_B","Defend_B"]},{"damage_healed":0,"gold_gain":0,"player_choice":"Obtained Relic","damage_taken":0,"relics_obtained":["aspiration:Lifesprig"],"max_hp_gain":0,"max_hp_loss":0,"event_name":"Addict","floor":32,"gold_loss":85}],"is_beta":false,"boss_relics":[{"not_picked":["Empty Cage","hubris:BlackHole"],"picked":"Cursed Key"},{"not_picked":["ReplayTheSpireMod:SealedPack","Pandora\u0027s Box"],"picked":"Calling Bell"}],"items_purged_floors":[],"is_endless":false,"potions_floor_spawned":[1,7,10,12,16,23,25,28,33,35,38],"killed_by":"Nightmare_Alpha","ascension_level":9}