{"gold_per_floor":[112,128,128,78,90,122,122,122,122,47,47,64,98,124,136,252,264,288,300,412,504,535,547,378,378,424,452,467,484,494,513,513,609,609,623,398,448,114,126,126,140,140,140,140,140,151,169,169,169,169],"floor_reached":51,"playtime":4143,"items_purged":["Strike_R","Shame","Decay"],"score":960,"play_id":"e671a0c6-6189-4103-bd07-47cc07763da4","local_time":"20190407115722","is_ascension_mode":true,"campfire_choices":[{"data":"Armaments","floor":7,"key":"SMITH"},{"data":"Pommel Strike","floor":11,"key":"SMITH"},{"data":"Uppercut","floor":15,"key":"SMITH"},{"floor":23,"key":"REST"},{"data":"True Grit","floor":25,"key":"SMITH"},{"data":"Demon Form","floor":32,"key":"SMITH"},{"data":"Battle Trance","floor":40,"key":"SMITH"},{"data":"Metallicize","floor":44,"key":"SMITH"},{"floor":49,"key":"REST"}],"neow_cost":"NONE","seed_source_timestamp":0,"circlet_count":0,"master_deck":["Strike_R+1","Strike_R+1","Defend_R+1","Defend_R+1","Defend_R+1","Defend_R+1","Bash+1","Armaments+1","Pommel Strike+1","Pommel Strike+1","Uppercut+1","Shrug It Off+1","Inflame+1","Reaper+1","Whirlwind+1","True Grit+1","Battle Trance+1","Shrug It Off+1","Shrug It Off+1","Ghostly Armor+1","Inflame+1","Demon Form+1","Pommel Strike+1","Metallicize+1","Offering+1","Battle Trance+1","Sentinel+1","Shame","Heavy Blade+1","Shrug It Off+1"],"special_seed":0,"relics":["Burning Blood","Question Card","Pantograph","MawBank","Cursed Key","Calipers","Darkstone Periapt","Matryoshka","Potion Belt","War Paint","Red Mask","Busted Crown","Ginger","Shuriken","Bag of Preparation","Mark of the Bloom"],"potions_floor_usage":[6,20,20,20,31,33,33,37,50,50,50],"damage_taken":[{"damage":1.0,"enemies":"2 Louse","floor":1.0,"turns":4.0},{"damage":0.0,"enemies":"Jaw Worm","floor":2.0,"turns":6.0},{"damage":6,"enemies":"Cultist","floor":5,"turns":3},{"damage":30,"enemies":"Gremlin Nob","floor":6,"turns":4},{"damage":0,"enemies":"Large Slime","floor":12,"turns":4},{"damage":20,"enemies":"3 Sentries","floor":13,"turns":10},{"damage":14,"enemies":"3 Louse","floor":14,"turns":5},{"damage":61,"enemies":"Hexaghost","floor":16,"turns":15},{"damage":40,"enemies":"2 Thieves","floor":18,"turns":5},{"damage":12,"enemies":"Colosseum Slavers","floor":20,"turns":4},{"damage":15,"enemies":"Colosseum Nobs","floor":20,"turns":6},{"damage":26,"enemies":"Shell Parasite","floor":22,"turns":7},{"damage":5,"enemies":"Masked Bandits","floor":27,"turns":5},{"damage":8,"enemies":"Chosen and Byrds","floor":28,"turns":7},{"damage":1,"enemies":"Snecko","floor":29,"turns":4},{"damage":6,"enemies":"Shelled Parasite and Fungi","floor":30,"turns":12},{"damage":7,"enemies":"Centurion and Healer","floor":31,"turns":6},{"damage":43,"enemies":"Automaton","floor":33,"turns":10},{"damage":2,"enemies":"3 Darklings","floor":35,"turns":3},{"damage":62,"enemies":"2 Orb Walkers","floor":37,"turns":6},{"damage":0,"enemies":"Orb Walker","floor":39,"turns":4},{"damage":6,"enemies":"Spire Growth","floor":41,"turns":5},{"damage":10,"enemies":"Sphere and 2 Shapes","floor":46,"turns":7},{"damage":0,"enemies":"3 Darklings","floor":47,"turns":6},{"damage":20,"enemies":"Donu and Deca","floor":50,"turns":7}],"seed_played":"-4312708519781281474","potions_obtained":[{"floor":5,"key":"SteroidPotion"},{"floor":13,"key":"EssenceOfSteel"},{"floor":14,"key":"Ancient Potion"},{"floor":18,"key":"Poison Potion"},{"floor":28,"key":"AttackPotion"},{"floor":29,"key":"Weak Potion"},{"floor":30,"key":"BloodPotion"},{"floor":35,"key":"Poison Potion"},{"floor":46,"key":"Swift Potion"},{"floor":47,"key":"Energy Potion"}],"is_trial":false,"path_per_floor":["M","M","?","?","M","E","R","?","T","$","R","M","E","M","R","B",null,"M","?","?","T","M","R","$","R","T","?","M","M","M","M","R","B",null,"M","$","?","$","M","R","M","T","T","R","?","M","M","?","R","B",null],"character_chosen":"IRONCLAD","items_purchased":["Battle Trance","Dexterity Potion","Energy Potion","Metallicize","Offering","Regen Potion","Swift Potion"],"campfire_rested":2,"item_purchase_floors":[24,36,36,38,38,38,38],"current_hp_per_floor":[77,80,80,80,80,56,56,56,56,56,56,62,48,40,40,10,63,41,41,37,43,23,48,48,48,54,60,65,70,70,78,78,55,83,92,92,85,85,91,91,91,97,97,97,97,94,98,98,98,78],"gold":169,"neow_bonus":"REMOVE_CARD","is_prod":false,"is_daily":false,"chose_seed":false,"campfire_upgraded":7,"win_rate":0,"timestamp":1554663442,"path_taken":["M","M","?","?","M","E","R","?","T","$","R","M","E","?","R","BOSS","M","?","?","?","?","R","$","R","T","?","M","M","M","M","R","BOSS","M","$","?","$","M","R","M","?","T","R","?","M","M","?","R","BOSS"],"build_version":"2019-01-23","purchased_purges":3,"victory":true,"max_hp_per_floor":[80,80,80,80,80,80,80,80,80,80,80,80,80,80,80,80,80,80,80,80,86,86,86,86,86,92,92,92,92,92,92,92,92,92,92,92,92,92,92,92,92,98,98,98,98,98,98,98,98,98],"card_choices":[{"not_picked":["Sword Boomerang","Heavy Blade"],"picked":"Armaments","floor":1.0},{"not_picked":["Wild Strike","Infernal Blade"],"picked":"Pommel Strike","floor":2.0},{"not_picked":["Sentinel","Perfected Strike"],"picked":"Pommel Strike","floor":5},{"not_picked":["Havoc","Warcry","Sword Boomerang"],"picked":"SKIP","floor":6},{"not_picked":["Blood for Blood","Seeing Red","Body Slam"],"picked":"Uppercut","floor":12},{"not_picked":["True Grit","Searing Blow","Rampage"],"picked":"Shrug It Off","floor":13},{"not_picked":["Entrench","Body Slam","True Grit"],"picked":"Inflame","floor":14},{"not_picked":["Exhume","Brutality","Juggernaut"],"picked":"Reaper","floor":16},{"not_picked":["Fire Breathing+1","Body Slam","Shrug It Off"],"picked":"Whirlwind+1","floor":18},{"not_picked":["Bloodletting+1","Iron Wave","Twin Strike+1"],"picked":"True Grit","floor":22},{"not_picked":["Warcry","Disarm","Twin Strike+1"],"picked":"Shrug It Off","floor":27},{"not_picked":["Intimidate+1","Heavy Blade","Whirlwind"],"picked":"Shrug It Off","floor":28},{"not_picked":["Power Through","Rampage","Clash+1"],"picked":"Ghostly Armor","floor":29},{"not_picked":["Thunderclap+1","Pommel Strike","Perfected Strike+1"],"picked":"Inflame","floor":30},{"not_picked":["Shockwave","Warcry+1","Hemokinesis"],"picked":"Demon Form","floor":31},{"not_picked":["Immolate","Feed","Fiend Fire"],"picked":"Offering","floor":33},{"not_picked":["Clothesline+1","Hemokinesis+1"],"picked":"SKIP","floor":35},{"not_picked":["Thunderclap+1"],"picked":"Pommel Strike+1","floor":37},{"not_picked":["Blood for Blood"],"picked":"Battle Trance","floor":39},{"not_picked":["Burning Pact"],"picked":"Sentinel+1","floor":41},{"not_picked":["Dual Wield"],"picked":"Heavy Blade+1","floor":46},{"not_picked":["Shockwave+1"],"picked":"Shrug It Off","floor":47}],"player_experience":294260,"relics_obtained":[{"floor":6,"key":"Question Card"},{"floor":9,"key":"Pantograph"},{"floor":13,"key":"MawBank"},{"floor":20,"key":"Calipers"},{"floor":20,"key":"Darkstone Periapt"},{"floor":21,"key":"Matryoshka"},{"floor":26,"key":"Potion Belt"},{"floor":26,"key":"War Paint"},{"floor":27,"key":"Red Mask"},{"floor":37,"key":"Ginger"},{"floor":42,"key":"Shuriken"},{"floor":42,"key":"Bag of Preparation"}],"event_choices":[{"damage_healed":0.0,"max_hp_gain":0.0,"max_hp_loss":0.0,"gold_gain":0.0,"event_name":"Liars Game","player_choice":"Ignored","floor":3.0,"gold_loss":0.0,"damage_taken":0.0},{"cards_removed":["Strike_R"],"damage_healed":0.0,"max_hp_gain":0.0,"max_hp_loss":0.0,"gold_gain":0.0,"event_name":"The Cleric","player_choice":"Card Removal","floor":4.0,"gold_loss":50.0,"damage_taken":0.0},{"damage_healed":0,"gold_gain":0,"player_choice":"Upgraded","damage_taken":0,"max_hp_gain":0,"max_hp_loss":0,"event_name":"Upgrade Shrine","floor":8,"gold_loss":0,"cards_upgraded":["Pommel Strike"]},{"damage_healed":0,"gold_gain":0,"player_choice":"Simplicity","damage_taken":0,"max_hp_gain":0,"max_hp_loss":0,"event_name":"Back to Basics","floor":19,"gold_loss":0,"cards_upgraded":["Strike_R","Strike_R","Defend_R","Defend_R","Defend_R","Defend_R"]},{"damage_healed":0,"gold_gain":0,"player_choice":"Fight","damage_taken":0,"max_hp_gain":0,"max_hp_loss":0,"event_name":"Colosseum","floor":20,"gold_loss":0},{"damage_healed":0,"gold_gain":0,"player_choice":"Fought Nobs","damage_taken":0,"max_hp_gain":0,"max_hp_loss":0,"event_name":"Colosseum","floor":20,"gold_loss":0},{"damage_healed":0,"gold_gain":0,"player_choice":"Fought Bandits","damage_taken":0,"max_hp_gain":0,"max_hp_loss":0,"event_name":"Masked Bandits","floor":27,"gold_loss":0},{"damage_healed":0,"gold_gain":0,"player_choice":"Fight","damage_taken":0,"max_hp_gain":0,"max_hp_loss":0,"event_name":"Mysterious Sphere","floor":37,"gold_loss":0},{"cards_removed":["Offering"],"damage_healed":0,"gold_gain":0,"player_choice":"Removed Skill","damage_taken":0,"max_hp_gain":0,"max_hp_loss":0,"event_name":"Falling","floor":45,"gold_loss":0},{"damage_healed":0,"gold_gain":0,"player_choice":"Upgrade","damage_taken":0,"relics_obtained":["Mark of the Bloom"],"max_hp_gain":0,"max_hp_loss":0,"event_name":"MindBloom","floor":48,"gold_loss":0,"cards_upgraded":["Bash","Inflame","Reaper","Shrug It Off","Shrug It Off","Ghostly Armor","Inflame","Offering","Shrug It Off"]}],"is_beta":false,"boss_relics":[{"not_picked":["Orrery","Pandora\u0027s Box"],"picked":"Cursed Key"},{"not_picked":["Eternal Feather","Calling Bell"],"picked":"Busted Crown"}],"items_purged_floors":[10,24,36],"is_endless":false,"potions_floor_spawned":[5,13,14,18,20,28,29,30,35,46,47],"ascension_level":8}