{"gold_per_floor":[110,125,145,163,174,205,205,234,234,268,282,282,282,302,302,404,404,419,437,447,372,390,390,404,319,319,319,331,348,367,379,379,479,479,498,498,498,516,532,532,545,127,127,127,142,160,35,50,50,50],"floor_reached":51,"playtime":3412,"items_purged":["Strike_R"],"score":870,"play_id":"654e6a46-eb4d-4d07-9dcd-516f1c9a665b","local_time":"20190329212608","is_ascension_mode":true,"campfire_choices":[{"data":"Barricade","floor":7,"key":"SMITH"},{"floor":13,"key":"REST"},{"data":"Flame Barrier","floor":15,"key":"SMITH"},{"data":"Iron Wave","floor":23,"key":"SMITH"},{"floor":27,"key":"REST"},{"floor":32,"key":"REST"},{"floor":40,"key":"REST"},{"floor":44,"key":"REST"},{"data":"Armaments","floor":49,"key":"SMITH"}],"neow_cost":"NONE","seed_source_timestamp":603045489078501,"circlet_count":0,"master_deck":["Strike_R","Strike_R","Strike_R","Defend_R","Defend_R","Defend_R","Defend_R+1","Bash+1","Iron Wave+1","Disarm","Shrug It Off","Pommel Strike","Shrug It Off","Barricade+1","Flame Barrier+1","Headbutt","Demon Form","Heavy Blade","True Grit+1","Intimidate+1","Shrug It Off","Sentinel","Iron Wave","Offering","Metallicize","True Grit+1","Body Slam","Body Slam+1","Panache","Flash of Steel","Armaments+1","Shrug It Off"],"relics":["Burning Blood","Ancient Tea Set","Art of War","Nunchaku","Boot","Omamori","Sozu","Darkstone Periapt","The Courier","Cursed Key","MealTicket","Frozen Egg 2","Bag of Preparation"],"potions_floor_usage":[6,6,10,18,50],"damage_taken":[{"damage":8,"enemies":"Jaw Worm","floor":1,"turns":6},{"damage":12,"enemies":"Small Slimes","floor":2,"turns":4},{"damage":0,"enemies":"2 Louse","floor":3,"turns":4},{"damage":16,"enemies":"Exordium Thugs","floor":4,"turns":7},{"damage":0,"enemies":"3 Louse","floor":5,"turns":3},{"damage":25,"enemies":"3 Sentries","floor":6,"turns":8},{"damage":30,"enemies":"Gremlin Nob","floor":8,"turns":5},{"damage":12,"enemies":"3 Sentries","floor":10,"turns":11},{"damage":5,"enemies":"Gremlin Gang","floor":11,"turns":8},{"damage":7,"enemies":"Exordium Thugs","floor":14,"turns":7},{"damage":15,"enemies":"The Guardian","floor":16,"turns":15},{"damage":2,"enemies":"3 Byrds","floor":18,"turns":4},{"damage":26,"enemies":"2 Thieves","floor":19,"turns":5},{"damage":24,"enemies":"Snake Plant","floor":20,"turns":7},{"damage":8,"enemies":"Centurion and Healer","floor":22,"turns":7},{"damage":18,"enemies":"Chosen and Byrds","floor":24,"turns":5},{"damage":14,"enemies":"Cultist and Chosen","floor":28,"turns":7},{"damage":3,"enemies":"Snecko","floor":29,"turns":6},{"damage":2,"enemies":"Centurion and Healer","floor":30,"turns":9},{"damage":6,"enemies":"Snake Plant","floor":31,"turns":5},{"damage":63,"enemies":"Collector","floor":33,"turns":14},{"damage":28,"enemies":"3 Shapes","floor":35,"turns":5},{"damage":6,"enemies":"Orb Walker","floor":38,"turns":4},{"damage":32,"enemies":"Sphere and 2 Shapes","floor":39,"turns":15},{"damage":1,"enemies":"4 Shapes","floor":41,"turns":10},{"damage":10,"enemies":"Writhing Mass","floor":45,"turns":7},{"damage":24,"enemies":"Maw","floor":46,"turns":8},{"damage":8,"enemies":"Spire Growth","floor":48,"turns":6},{"damage":48,"enemies":"Donu and Deca","floor":50,"turns":10}],"seed_played":"8775185215604696439","potions_obtained":[{"floor":3,"key":"Explosive Potion"},{"floor":4,"key":"Regen Potion"},{"floor":6,"key":"Fire Potion"},{"floor":14,"key":"Poison Potion"},{"floor":16,"key":"Strength Potion"}],"is_trial":false,"path_per_floor":["M","M","M","M","M","E","R","E","T","E","M","?","R","M","R","B",null,"M","M","M","?","M","R","M","?","T","R","M","M","M","M","R","B",null,"M","?","?","M","M","R","M","$","T","R","M","M","$","M","R","B",null],"character_chosen":"IRONCLAD","items_purchased":["Panache","Flash of Steel","MealTicket","Bag of Preparation"],"campfire_rested":5,"item_purchase_floors":[42,42,42,47],"current_hp_per_floor":[70,64,70,60,66,62,62,38,38,32,33,17,41,40,40,31,68,72,52,34,34,32,32,20,20,20,44,36,39,43,43,67,10,63,41,41,41,41,15,39,44,44,44,68,64,46,61,59,59,17],"gold":50,"neow_bonus":"RANDOM_COMMON_RELIC","is_prod":false,"is_daily":false,"chose_seed":false,"campfire_upgraded":4,"win_rate":0,"timestamp":1553919968,"path_taken":["M","M","M","M","M","E","R","E","T","E","M","?","R","M","R","BOSS","M","M","M","?","M","R","M","?","T","R","M","M","?","M","R","BOSS","M","?","?","M","M","R","M","$","T","R","M","M","$","?","R","BOSS"],"build_version":"2019-01-23","purchased_purges":1,"victory":true,"max_hp_per_floor":[80,80,80,80,80,80,80,80,80,80,80,80,80,80,80,80,80,80,80,80,80,80,80,80,80,80,80,80,80,80,80,80,80,80,80,80,80,80,80,80,80,80,80,80,80,80,80,80,80,80],"card_choices":[{"not_picked":["Cleave","Uppercut"],"picked":"Iron Wave","floor":1},{"not_picked":["Wild Strike","Sword Boomerang"],"picked":"Disarm","floor":2},{"not_picked":["Sentinel","Wild Strike"],"picked":"Shrug It Off","floor":3},{"not_picked":["Feel No Pain","Cleave"],"picked":"Pommel Strike","floor":4},{"not_picked":["Entrench","Clothesline"],"picked":"Shrug It Off","floor":5},{"not_picked":["Corruption","Clash"],"picked":"Barricade","floor":6},{"not_picked":["Metallicize","Pommel Strike"],"picked":"Flame Barrier","floor":8},{"not_picked":["Rampage","Clash","Clothesline"],"picked":"SKIP","floor":10},{"not_picked":["Dropkick","Bloodletting"],"picked":"Headbutt","floor":11},{"not_picked":["Clothesline","Wild Strike","Perfected Strike"],"picked":"SKIP","floor":14},{"not_picked":["Berserk","Exhume"],"picked":"Demon Form","floor":16},{"not_picked":["Warcry","Havoc"],"picked":"Heavy Blade","floor":18},{"not_picked":["Anger","Headbutt+1"],"picked":"True Grit+1","floor":19},{"not_picked":["Disarm+1","Bloodletting"],"picked":"Intimidate+1","floor":20},{"not_picked":["Warcry+1","Disarm"],"picked":"Shrug It Off","floor":22},{"not_picked":["Searing Blow+1","Clothesline","Sever Soul"],"picked":"SKIP","floor":24},{"not_picked":["Reckless Charge+1","Carnage","Evolve+1"],"picked":"SKIP","floor":28},{"not_picked":["Pummel","Intimidate+1"],"picked":"Sentinel","floor":29},{"not_picked":["Immolate","Pommel Strike","Clothesline"],"picked":"SKIP","floor":30},{"not_picked":["Heavy Blade","Inflame"],"picked":"Iron Wave","floor":31},{"not_picked":["Double Tap","Reaper"],"picked":"Offering","floor":33},{"not_picked":["Reckless Charge+1","Headbutt"],"picked":"Metallicize","floor":35},{"not_picked":["Sword Boomerang+1","Havoc"],"picked":"True Grit+1","floor":38},{"not_picked":["Sword Boomerang+1","Limit Break"],"picked":"Body Slam","floor":39},{"not_picked":["Cleave","Burning Pact+1"],"picked":"Body Slam+1","floor":41},{"not_picked":["Spot Weakness+1","Dual Wield","Intimidate+1"],"picked":"SKIP","floor":45},{"not_picked":["Shrug It Off","Clash"],"picked":"Armaments","floor":46},{"not_picked":["Dark Embrace+1","Heavy Blade+1"],"picked":"Shrug It Off","floor":48}],"player_experience":265967,"relics_obtained":[{"floor":6,"key":"Art of War"},{"floor":8,"key":"Nunchaku"},{"floor":9,"key":"Boot"},{"floor":10,"key":"Omamori"},{"floor":26,"key":"The Courier"},{"floor":43,"key":"Frozen Egg 2"}],"event_choices":[{"damage_healed":0,"gold_gain":0,"player_choice":"Entered Light","damage_taken":16,"max_hp_gain":0,"max_hp_loss":0,"event_name":"Shining Light","floor":12,"gold_loss":0,"cards_upgraded":["Bash","Defend_R"]},{"cards_removed":["Strike_R"],"damage_healed":0,"gold_gain":0,"player_choice":"Gave Gold","damage_taken":0,"max_hp_gain":0,"max_hp_loss":0,"event_name":"Beggar","floor":21,"gold_loss":75},{"damage_healed":0,"gold_gain":0,"player_choice":"Obtained Relic","damage_taken":0,"relics_obtained":["Darkstone Periapt"],"max_hp_gain":0,"max_hp_loss":0,"event_name":"Addict","floor":25,"gold_loss":85},{"damage_healed":0,"gold_gain":0,"player_choice":"Ignored","damage_taken":0,"max_hp_gain":0,"max_hp_loss":0,"event_name":"Tomb of Lord Red Mask","floor":36,"gold_loss":0},{"damage_healed":0,"gold_gain":0,"player_choice":"Got Potions","damage_taken":0,"max_hp_gain":0,"max_hp_loss":0,"event_name":"Lab","floor":37,"gold_loss":0}],"is_beta":false,"boss_relics":[{"not_picked":["Eternal Feather","Runic Cube"],"picked":"Sozu"},{"not_picked":["Black Blood","Lizard Tail"],"picked":"Cursed Key"}],"items_purged_floors":[42],"is_endless":false,"potions_floor_spawned":[3,4,6,14,16,19,22,24,30,33,38,39,41,46],"ascension_level":6}