{"gold_per_floor":[214,214,46,63,138,138,168,178,202,202,352,352,370,397,397,470,470,485,10,10,10,10,10,40,40,40,60,94,94,127,147,147,147],"floor_reached":33,"playtime":1325,"items_purged":["Doubt"],"score":572,"play_id":"e7754606-42ca-4a76-9766-7119660650b3","local_time":"20190204171616","is_ascension_mode":true,"campfire_choices":[{"floor":6,"key":"REST"},{"floor":12,"key":"REST"},{"floor":15,"key":"REST"},{"floor":23,"key":"REST"},{"data":"Decay","floor":25,"key":"PURGE"},{"floor":32,"key":"REST"}],"neow_cost":"NONE","seed_source_timestamp":1175588581261157,"circlet_count":0,"master_deck":["AscendersBane","Strike_R+1","Strike_R+1","Strike_R+1","Strike_R+1","Strike_R+1","Defend_R+1","Defend_R+1","Defend_R+1","Defend_R+1","Bash","Infernal Blade+1","Wild Strike","Inflame","Seeing Red","Inflame","Inflame","Feed","Sword Boomerang","Wild Strike","Infernal Blade+1","True Grit","Sever Soul","Fire Breathing+1","Infernal Blade"],"relics":["Burning Blood","Oddly Smooth Stone","Dream Catcher","Red Skull","Omamori","Bronze Scales","Calling Bell","Blood Vial","The Courier","Peace Pipe","Orichalcum","Frozen Egg 2","Regal Pillow","Paper Frog","Calipers","Bag of Marbles"],"potions_floor_usage":[13,16,18,27,28,33],"damage_taken":[{"damage":21,"enemies":"Jaw Worm","floor":1,"turns":5},{"damage":0,"enemies":"Cultist","floor":4,"turns":3},{"damage":36,"enemies":"3 Sentries","floor":7,"turns":11},{"damage":0,"enemies":"2 Louse","floor":8,"turns":2},{"damage":0,"enemies":"Looter","floor":13,"turns":1},{"damage":16,"enemies":"Gremlin Nob","floor":14,"turns":3},{"damage":29,"enemies":"The Guardian","floor":16,"turns":7},{"damage":23,"enemies":"Chosen","floor":18,"turns":3},{"damage":25,"enemies":"Gremlin Leader","floor":24,"turns":8},{"damage":18,"enemies":"Shell Parasite","floor":27,"turns":5},{"damage":31,"enemies":"Slavers","floor":28,"turns":5},{"damage":33,"enemies":"Gremlin Leader","floor":30,"turns":5},{"damage":1,"enemies":"Snecko","floor":31,"turns":3},{"damage":73,"enemies":"Automaton","floor":33,"turns":6}],"seed_played":"5357863863539091541","potions_obtained":[{"floor":1,"key":"Dexterity Potion"},{"floor":7,"key":"AttackPotion"},{"floor":16,"key":"Weak Potion"},{"floor":27,"key":"PowerPotion"},{"floor":31,"key":"Block Potion"}],"is_trial":false,"path_per_floor":["M","?","$","M","?","R","E","M","T","?","?","R","M","E","R","B",null,"M","$","?","?","?","R","E","R","T","M","E","?","E","M","R","B"],"character_chosen":"IRONCLAD","items_purchased":["Oddly Smooth Stone","Orichalcum","Frozen Egg 2","Regen Potion"],"campfire_rested":5,"item_purchase_floors":[3,19,19,19],"current_hp_per_floor":[53,53,53,59,48,70,40,46,46,11,11,33,39,29,51,28,63,48,48,48,48,48,70,53,53,53,57,34,34,9,16,53,0],"gold":147,"neow_bonus":"HUNDRED_GOLD","is_prod":false,"is_daily":false,"chose_seed":false,"campfire_upgraded":0,"win_rate":0,"timestamp":1549293376,"path_taken":["M","?","$","?","?","R","E","M","T","?","?","R","M","E","R","BOSS","M","$","?","?","?","R","E","R","T","M","E","?","E","M","R","BOSS"],"build_version":"2019-01-23","purchased_purges":1,"victory":false,"max_hp_per_floor":[75,75,75,75,75,75,75,75,75,75,75,75,75,75,75,75,75,75,75,75,75,75,75,75,75,75,75,75,75,75,75,75,75],"card_choices":[{"not_picked":["Reckless Charge","Sentinel"],"picked":"Infernal Blade","floor":1},{"not_picked":["Headbutt","Body Slam"],"picked":"Wild Strike","floor":4},{"not_picked":["Iron Wave","Power Through"],"picked":"Inflame","floor":7},{"not_picked":["Anger","Dual Wield","Rupture"],"picked":"SKIP","floor":8},{"not_picked":["Entrench","Flame Barrier"],"picked":"Seeing Red","floor":12},{"not_picked":["Heavy Blade","Wild Strike"],"picked":"Inflame","floor":13},{"not_picked":["Blood for Blood","Feel No Pain"],"picked":"Inflame","floor":14},{"not_picked":["Limit Break","Reaper"],"picked":"Feed","floor":16},{"not_picked":["Warcry","Thunderclap","Searing Blow"],"picked":"SKIP","floor":18},{"not_picked":["Thunderclap","Iron Wave"],"picked":"Sword Boomerang","floor":23},{"not_picked":["Thunderclap","Iron Wave+1"],"picked":"Wild Strike","floor":24},{"not_picked":["Cleave","Anger"],"picked":"Infernal Blade+1","floor":27},{"not_picked":["Clothesline","Havoc"],"picked":"True Grit","floor":28},{"not_picked":["Blood for Blood","Intimidate"],"picked":"Sever Soul","floor":30},{"not_picked":["Havoc+1","Flex"],"picked":"Fire Breathing+1","floor":31},{"not_picked":["Spot Weakness","Second Wind"],"picked":"Infernal Blade","floor":32}],"player_experience":417827,"relics_obtained":[{"floor":7,"key":"Dream Catcher"},{"floor":9,"key":"Red Skull"},{"floor":14,"key":"Bronze Scales"},{"floor":17,"key":"Blood Vial"},{"floor":17,"key":"The Courier"},{"floor":17,"key":"Peace Pipe"},{"floor":24,"key":"Regal Pillow"},{"floor":26,"key":"Paper Frog"},{"floor":28,"key":"Calipers"},{"floor":30,"key":"Bag of Marbles"}],"event_choices":[{"damage_healed":0,"gold_gain":0,"player_choice":"Upgraded","damage_taken":0,"max_hp_gain":0,"max_hp_loss":0,"event_name":"Upgrade Shrine","floor":2,"gold_loss":0,"cards_upgraded":["Infernal Blade"]},{"damage_healed":0,"gold_gain":75,"player_choice":"Gather Gold","damage_taken":11,"max_hp_gain":0,"max_hp_loss":0,"event_name":"World of Goop","floor":5,"gold_loss":0},{"damage_healed":0,"gold_gain":0,"player_choice":"Success","damage_taken":35,"relics_obtained":["Omamori"],"max_hp_gain":0,"max_hp_loss":0,"event_name":"Scrap Ooze","floor":10,"gold_loss":0},{"damage_healed":0,"gold_gain":150,"player_choice":"AGREE","damage_taken":0,"max_hp_gain":0,"max_hp_loss":0,"event_name":"Liars Game","floor":11,"gold_loss":0,"cards_obtained":["Doubt"]},{"damage_healed":0,"gold_gain":0,"player_choice":"Simplicity","damage_taken":0,"max_hp_gain":0,"max_hp_loss":0,"event_name":"Back to Basics","floor":20,"gold_loss":0,"cards_upgraded":["Strike_R","Strike_R","Strike_R","Strike_R","Strike_R","Defend_R","Defend_R","Defend_R","Defend_R"]},{"damage_healed":0,"gold_gain":0,"player_choice":"Ignored","damage_taken":0,"max_hp_gain":0,"max_hp_loss":0,"event_name":"Beggar","floor":21,"gold_loss":0},{"damage_healed":0,"gold_gain":0,"player_choice":"Ignored","damage_taken":0,"max_hp_gain":0,"max_hp_loss":0,"event_name":"Ghosts","floor":22,"gold_loss":0},{"damage_healed":0,"gold_gain":0,"player_choice":"Ignored","damage_taken":0,"max_hp_gain":0,"max_hp_loss":0,"event_name":"Vampires","floor":29,"gold_loss":0}],"is_beta":true,"boss_relics":[{"not_picked":["Coffee Dripper","Pandora\u0027s Box"],"picked":"Calling Bell"}],"items_purged_floors":[19],"is_endless":false,"potions_floor_spawned":[1,7,16,27,31],"killed_by":"Automaton","ascension_level":17}