{"gold_per_floor":[116,116,135,135,146,146,173,189,189,217,233,233,303,324,324,454,454,477,21,36,60,60,60,79,79,149,149,149,184,202,202],"floor_reached":31,"playtime":2443,"items_purged":[],"score":267,"play_id":"722bfaac-1451-4420-9a37-45d76c2b0b0f","local_time":"20180820133414","is_ascension_mode":false,"campfire_choices":[{"data":"Rampage","floor":6,"key":"SMITH"},{"data":"Rage","floor":15,"key":"SMITH"},{"floor":23,"key":"REST"},{"floor":28,"key":"REST"}],"neow_cost":"NONE","seed_source_timestamp":685272641568,"circlet_count":0,"master_deck":["Strike_R","Strike_R","Strike_R","Strike_R","Strike_R","Defend_R","Defend_R","Defend_R","Defend_R","Bash","Seeing Red","Iron Wave","Rampage+1","Rage+1","Dropkick","Rampage","Warcry","Spot Weakness","Injury","Metallicize","Limit Break+1","Cleave","Rage","RitualDagger","Inflame","Heavy Blade+1","Heavy Blade"],"relics":["Burning Blood","Art of War","Anchor","Bottled Flame","Golden Idol","Juzu Bracelet","Runic Pyramid","Sling","Bottled Lightning","Shuriken","Frozen Egg 2"],"potions_floor_usage":[7,8,10,10,13,13,16,16,21,21,24,31],"damage_taken":[{"damage":5,"enemies":"Cultist","floor":1,"turns":4},{"damage":1,"enemies":"Jaw Worm","floor":3,"turns":4},{"damage":0,"enemies":"2 Louse","floor":5,"turns":3},{"damage":25,"enemies":"Lagavulin","floor":7,"turns":6},{"damage":0,"enemies":"Red Slaver","floor":8,"turns":2},{"damage":8,"enemies":"Gremlin Nob","floor":10,"turns":4},{"damage":13,"enemies":"2 Fungi Beasts","floor":11,"turns":4},{"damage":7,"enemies":"3 Sentries","floor":13,"turns":6},{"damage":0,"enemies":"3 Louse","floor":14,"turns":4},{"damage":31,"enemies":"Hexaghost","floor":16,"turns":9},{"damage":13,"enemies":"Spheric Guardian","floor":18,"turns":5},{"damage":9,"enemies":"Shell Parasite","floor":20,"turns":5},{"damage":48,"enemies":"Chosen and Byrds","floor":21,"turns":8},{"damage":20,"enemies":"Centurion and Healer","floor":24,"turns":7},{"damage":50,"enemies":"Book of Stabbing","floor":29,"turns":6},{"damage":7,"enemies":"Snecko","floor":30,"turns":5},{"damage":12,"enemies":"Slavers","floor":31,"turns":1}],"seed_played":"6569902721465229304","potions_obtained":[{"floor":2,"key":"EntropicBrew"},{"floor":2,"key":"Ancient Potion"},{"floor":2,"key":"FearPotion"},{"floor":7,"key":"FearPotion"},{"floor":10,"key":"Fire Potion"},{"floor":11,"key":"Energy Potion"},{"floor":13,"key":"LiquidBronze"},{"floor":16,"key":"Ancient Potion"},{"floor":18,"key":"Dexterity Potion"},{"floor":20,"key":"Energy Potion"},{"floor":30,"key":"LiquidBronze"}],"is_trial":false,"path_per_floor":["M","?","M","$","M","R","E","M","T","E","M","?","?","M","R","B",null,"M","$","M","M","?","R","M","?","T","?","R","E","M"],"character_chosen":"IRONCLAD","items_purchased":["Sling","Bottled Lightning"],"campfire_rested":2,"item_purchase_floors":[19,19],"current_hp_per_floor":[80,80,80,80,80,80,61,67,67,65,58,58,57,63,63,38,80,73,73,70,28,28,52,38,32,32,32,56,12,11,0],"gold":202,"neow_bonus":"THREE_CARDS","is_prod":false,"is_daily":false,"chose_seed":false,"campfire_upgraded":2,"win_rate":0,"timestamp":1534764854,"path_taken":["M","?","?","$","M","R","E","M","T","E","?","?","?","M","R","BOSS","M","$","M","M","?","R","M","?","T","?","R","E","M","E"],"build_version":"2018-08-16","purchased_purges":0,"victory":false,"max_hp_per_floor":[80,80,80,80,80,80,80,80,80,80,80,80,80,80,80,80,80,80,80,80,80,80,80,80,80,80,80,80,80,80,80],"card_choices":[{"not_picked":["Heavy Blade","Clothesline"],"picked":"Seeing Red","floor":0},{"not_picked":["Heavy Blade","Sentinel"],"picked":"Iron Wave","floor":1},{"not_picked":["Clothesline","Fire Breathing"],"picked":"Rampage","floor":3},{"not_picked":["Warcry","True Grit"],"picked":"Rage","floor":5},{"not_picked":["Sever Soul","Carnage"],"picked":"Dropkick","floor":7},{"not_picked":["Metallicize","Intimidate"],"picked":"Rampage","floor":8},{"not_picked":["Perfected Strike","Whirlwind"],"picked":"Warcry","floor":10},{"not_picked":["Havoc","Battle Trance"],"picked":"Spot Weakness","floor":11},{"not_picked":["Infernal Blade","Carnage"],"picked":"Metallicize","floor":13},{"not_picked":["Fire Breathing","Warcry","Carnage"],"picked":"SKIP","floor":14},{"not_picked":["Immolate","Juggernaut"],"picked":"Limit Break","floor":16},{"not_picked":["Second Wind+1","Flame Barrier","Anger"],"picked":"SKIP","floor":18},{"not_picked":["Blood for Blood","Wild Strike","Shockwave"],"picked":"SKIP","floor":20},{"not_picked":["Flex","Pommel Strike"],"picked":"Cleave","floor":21},{"not_picked":["Dual Wield","Ghostly Armor"],"picked":"Rage","floor":24},{"not_picked":["Ghostly Armor","Battle Trance"],"picked":"Heavy Blade+1","floor":29},{"not_picked":["Entrench","Sentinel"],"picked":"Heavy Blade","floor":30}],"player_experience":164164,"relics_obtained":[{"floor":7,"key":"Art of War"},{"floor":9,"key":"Anchor"},{"floor":10,"key":"Bottled Flame"},{"floor":13,"key":"Juzu Bracelet"},{"floor":26,"key":"Shuriken"},{"floor":29,"key":"Frozen Egg 2"}],"event_choices":[{"event_name":"The Lab","player_choice":"Got Potions","floor":2,"damage_taken":0},{"event_name":"Golden Idol","player_choice":"Take Wound","floor":12,"damage_taken":0},{"event_name":"Dead Adventurer","player_choice":"Searched \u00272\u0027 times","floor":13,"damage_taken":0},{"event_name":"Accursed Blacksmith","player_choice":"Forge","floor":22,"damage_taken":0},{"event_name":"Nest","player_choice":"Joined the Cult","floor":25,"damage_taken":0},{"event_name":"The Library","player_choice":"Read","floor":27,"damage_taken":0}],"is_beta":false,"boss_relics":[{"not_picked":["Runic Dome","Empty Cage"],"picked":"Runic Pyramid"}],"items_purged_floors":[],"is_endless":false,"potions_floor_spawned":[3,7,10,11,13,16,18,20,30],"killed_by":"Slavers","ascension_level":0}