{"gold_per_floor":[115,125,144,144,164,164,190,265,265,265,340,370,370,181,181,278,328,344,354,369,369,468,468,558,558],"floor_reached":25,"playtime":1525,"items_purged":["Strike_R"],"score":261,"play_id":"f547c129-8b63-491f-a3cf-d97acc64747d","local_time":"20190323175441","is_ascension_mode":true,"campfire_choices":[{"data":"Bash","floor":6,"key":"SMITH"},{"data":"Flame Barrier","floor":10,"key":"SMITH"},{"floor":13,"key":"REST"},{"data":"Metallicize","floor":15,"key":"SMITH"},{"data":"Barricade","floor":23,"key":"SMITH"}],"neow_cost":"NONE","seed_source_timestamp":73864878307715,"circlet_count":0,"master_deck":["Strike_R","Strike_R","Strike_R","Strike_R","Defend_R","Defend_R","Defend_R","Defend_R","Bash+1","Blind","Armaments+1","Iron Wave+1","Iron Wave","Battle Trance","Flame Barrier+1","Iron Wave","Metallicize+1","Bludgeon","Whirlwind","Sentinel+1","Barricade+1","Dual Wield+1"],"relics":["Burning Blood","Kunai","Toxic Egg 2","Dodecahedron","Tiny House","Nilry\u0027s Codex"],"potions_floor_usage":[5,16,18,20,25],"damage_taken":[{"damage":7,"enemies":"Small Slimes","floor":1,"turns":4},{"damage":0,"enemies":"2 Louse","floor":2,"turns":3},{"damage":1,"enemies":"Cultist","floor":3,"turns":5},{"damage":6,"enemies":"2 Fungi Beasts","floor":5,"turns":4},{"damage":15,"enemies":"3 Sentries","floor":7,"turns":10},{"damage":6,"enemies":"Gremlin Nob","floor":12,"turns":5},{"damage":16,"enemies":"Hexaghost","floor":16,"turns":16},{"damage":11,"enemies":"3 Byrds","floor":18,"turns":5},{"damage":1,"enemies":"Shell Parasite","floor":19,"turns":11},{"damage":26,"enemies":"Sentry and Sphere","floor":20,"turns":12},{"damage":38,"enemies":"Gremlin Leader","floor":25,"turns":3}],"seed_played":"4097232582125936480","potions_obtained":[{"floor":3,"key":"Poison Potion"},{"floor":7,"key":"FearPotion"},{"floor":17,"key":"LiquidBronze"},{"floor":18,"key":"Energy Potion"}],"is_trial":false,"path_per_floor":["M","M","M","?","M","R","E","?","T","R","?","E","R","$","R","B",null,"M","M","M","?","?","R","?","E"],"character_chosen":"IRONCLAD","items_purchased":["Metallicize","BloodPotion"],"campfire_rested":1,"item_purchase_floors":[14,14],"current_hp_per_floor":[79,80,80,80,80,80,71,60,60,60,52,52,76,76,76,70,83,78,83,63,47,47,47,31,0],"gold":558,"neow_bonus":"RANDOM_COLORLESS","is_prod":false,"is_daily":false,"chose_seed":false,"campfire_upgraded":4,"win_rate":0,"timestamp":1553388881,"path_taken":["M","M","M","?","M","R","E","?","T","R","?","E","R","$","R","BOSS","M","?","M","?","?","R","?","E"],"build_version":"2019-01-23","purchased_purges":1,"victory":false,"max_hp_per_floor":[80,80,80,80,80,80,80,80,80,80,80,80,80,80,80,80,85,85,85,85,85,85,85,85,85],"card_choices":[{"not_picked":["Pommel Strike","Blood for Blood"],"picked":"Armaments","floor":1},{"not_picked":["Sword Boomerang","Havoc"],"picked":"Iron Wave","floor":2},{"not_picked":["Armaments","Clothesline"],"picked":"Iron Wave","floor":3},{"not_picked":["Rage","Anger"],"picked":"Battle Trance","floor":5},{"not_picked":["Twin Strike","True Grit"],"picked":"Flame Barrier","floor":7},{"not_picked":["Exhume+1","Reckless Charge"],"picked":"Iron Wave","floor":12},{"not_picked":["Berserk","Immolate"],"picked":"Bludgeon","floor":16},{"not_picked":["Wild Strike","Armaments+1"],"picked":"Whirlwind","floor":17},{"not_picked":["Cleave","Headbutt+1"],"picked":"Sentinel+1","floor":18},{"not_picked":["True Grit+1","Clash"],"picked":"Barricade","floor":19},{"not_picked":["Anger","Blood for Blood+1"],"picked":"Dual Wield+1","floor":20}],"player_experience":228559,"relics_obtained":[{"floor":7,"key":"Kunai"},{"floor":9,"key":"Toxic Egg 2"},{"floor":12,"key":"Dodecahedron"},{"floor":21,"key":"Nilry\u0027s Codex"}],"event_choices":[{"damage_healed":0,"gold_gain":0,"player_choice":"Grow","damage_taken":0,"max_hp_gain":0,"max_hp_loss":0,"event_name":"Living Wall","floor":4,"gold_loss":0,"cards_upgraded":["Armaments"]},{"damage_healed":0,"gold_gain":75,"player_choice":"Gather Gold","damage_taken":11,"max_hp_gain":0,"max_hp_loss":0,"event_name":"World of Goop","floor":8,"gold_loss":0},{"damage_healed":0,"gold_gain":75,"player_choice":"Touch","damage_taken":8,"max_hp_gain":0,"max_hp_loss":0,"event_name":"FaceTrader","floor":11,"gold_loss":0},{"damage_healed":0,"gold_gain":0,"player_choice":"Obtained Book","damage_taken":16,"max_hp_gain":0,"max_hp_loss":0,"event_name":"Cursed Tome","floor":21,"gold_loss":0},{"damage_healed":0,"gold_gain":99,"player_choice":"Stole From Cult","damage_taken":0,"max_hp_gain":0,"max_hp_loss":0,"event_name":"Nest","floor":22,"gold_loss":0},{"damage_healed":0,"gold_gain":90,"player_choice":"GOLD ","damage_taken":16,"max_hp_gain":0,"max_hp_loss":0,"event_name":"Knowing Skull","floor":24,"potions_obtained":[],"gold_loss":0,"cards_obtained":[]}],"is_beta":false,"boss_relics":[{"not_picked":["Mark of Pain","Coffee Dripper"],"picked":"Tiny House"}],"items_purged_floors":[14],"is_endless":false,"potions_floor_spawned":[3,7,18],"killed_by":"Gremlin Leader","ascension_level":5}