{"gold_per_floor":[366,376,391,406,426,451,66,94,142,155,167,167],"floor_reached":12,"playtime":529,"items_purged":["Strike_G"],"score":103,"play_id":"53381d6f-965e-4d78-9ff8-fe8d6e2f3392","local_time":"20181027164049","is_ascension_mode":true,"campfire_choices":[],"neow_cost":"PERCENT_DAMAGE","seed_source_timestamp":250166263780951,"circlet_count":0,"master_deck":["Defend_G","Defend_G","Defend_G","Defend_G","Defend_G","Strike_G","Strike_G","Strike_G","Strike_G","Survivor","Neutralize","Cloak And Dagger","Quick Slash","All Out Attack","Flying Knee","Quick Slash","Backflip","Backflip","Die Die Die","Blur","Infinite Blades","Backflip"],"relics":["Ring of the Snake","Pen Nib","PreservedInsect","Letter Opener","Snake Skull"],"potions_floor_usage":[8],"damage_taken":[{"damage":5,"enemies":"Cultist","floor":1,"turns":5},{"damage":0,"enemies":"Small Slimes","floor":2,"turns":3},{"damage":1,"enemies":"Jaw Worm","floor":3,"turns":5},{"damage":4,"enemies":"Exordium Wildlife","floor":4,"turns":3},{"damage":0,"enemies":"Blue Slaver","floor":5,"turns":6},{"damage":16,"enemies":"Gremlin Nob","floor":6,"turns":4},{"damage":15,"enemies":"Lagavulin","floor":8,"turns":8},{"damage":3,"enemies":"3 Louse","floor":10,"turns":2},{"damage":1,"enemies":"Looter","floor":11,"turns":3}],"seed_played":"-3790616060865027687","potions_obtained":[{"floor":1,"key":"Ancient Potion"},{"floor":3,"key":"PowerPotion"},{"floor":6,"key":"Strength Potion"}],"is_trial":false,"path_per_floor":["M","M","M","M","M","E","$","E","T","M","M"],"character_chosen":"THE_SILENT","items_purchased":["PreservedInsect","Backflip","Die Die Die"],"campfire_rested":0,"item_purchase_floors":[7,7,7],"current_hp_per_floor":[44,44,43,39,39,23,23,8,8,5,4,0],"gold":167,"neow_bonus":"TWO_FIFTY_GOLD","is_prod":false,"is_daily":false,"chose_seed":false,"campfire_upgraded":0,"win_rate":0,"timestamp":1540683649,"path_taken":["M","M","M","M","M","E","$","E","T","M","M","?"],"build_version":"2018-10-25v2","purchased_purges":1,"victory":false,"max_hp_per_floor":[70,70,70,70,70,70,70,70,70,70,70,70],"card_choices":[{"not_picked":["Crippling Poison","Finisher"],"picked":"Cloak And Dagger","floor":1},{"not_picked":["Deflect","Masterful Stab"],"picked":"Quick Slash","floor":2},{"not_picked":["Acrobatics","Flying Knee"],"picked":"All Out Attack","floor":3},{"not_picked":["Storm of Steel","Concentrate"],"picked":"Flying Knee","floor":4},{"not_picked":["Blade Dance","Escape Plan"],"picked":"Quick Slash","floor":5},{"not_picked":["Eviscerate","Bouncing Flask"],"picked":"Backflip","floor":6},{"not_picked":["Finisher","Slice"],"picked":"Blur","floor":8},{"not_picked":["PiercingWail","Reflex"],"picked":"Infinite Blades","floor":10},{"not_picked":["Dagger Spray","Predator"],"picked":"Backflip","floor":11}],"player_experience":124370,"relics_obtained":[{"floor":6,"key":"Pen Nib"},{"floor":8,"key":"Letter Opener"},{"floor":9,"key":"Snake Skull"}],"event_choices":[],"is_beta":false,"boss_relics":[],"items_purged_floors":[7],"is_endless":false,"potions_floor_spawned":[1,3,6],"ascension_level":2}