{"path_per_floor":["M","$","M","M","$","E","?","?","T","E","M","R","M","$","R","B",null,"M","M","?","$","$","M","R","?","T"],"character_chosen":"THE_SILENT","items_purchased":["Noxious Fumes","Poisoned Stab","Noxious Fumes","Prepared","Block Potion","Well Laid Plans","Infinite Blades"],"gold_per_floor":[118,10,30,49,16,43,143,143,190,218,234,234,253,103,103,206,206,224,234,234,196,118,136,136,136,136],"floor_reached":27,"campfire_rested":0,"playtime":2147,"current_hp_per_floor":[66,66,64,64,64,67,67,67,67,59,59,59,57,57,57,43,80,46,38,38,38,38,22,22,13,13],"items_purged":["Strike_G"],"gold":136,"score":247,"play_id":"790785f6-e419-4aeb-a3c9-935fb6e8a87c","is_prod":false,"is_daily":false,"is_ascension_mode":false,"campfire_upgraded":3,"path_taken":["M","$","M","M","?","E","?","?","T","E","M","R","?","$","R","BOSS","M","M","?","?","$","M","R","?","T","E"],"build_version":"2018-02-15-PROD1","purchased_purges":3,"victory":false,"master_deck":["Defend_G","Defend_G","Defend_G","Defend_G","Defend_G","Survivor","Neutralize","Quick Slash","Dagger Spray","Noxious Fumes+1","Poisoned Stab","Backflip","Noxious Fumes+1","Deflect","Bouncing Flask","Deflect","Dodge and Roll","Prepared","Night Terror+1","Catalyst","Terror","Bite","Bite","Bite","Bite","Bite","Well Laid Plans","Infinite Blades","Backflip"],"max_hp_per_floor":[70,70,70,70,70,80,80,80,80,80,80,80,80,80,80,80,80,80,80,56,56,56,56,56,56,56],"relics":["Ring of the Snake","Pear","Kunai","Snake Skull","The Specimen","Gambling Chip"],"card_choices":[{"not_picked":["Underhanded Strike","Accuracy"],"picked":"Quick Slash"},{"not_picked":["Outmaneuver","Dash"],"picked":"Dagger Spray"},{"not_picked":["Flying Knee","Infinite Blades"],"picked":"Backflip"},{"not_picked":["Reflex","Quick Slash"],"picked":"Deflect"},{"not_picked":["Night Terror","Dagger Throw"],"picked":"Bouncing Flask"},{"not_picked":["Blur","Accuracy"],"picked":"Deflect"},{"not_picked":["Skewer","Cloak And Dagger"],"picked":"Dodge and Roll"},{"not_picked":["A Thousand Cuts","Wraith Form"],"picked":"Night Terror"},{"not_picked":["Prepared","Underhanded Strike"],"picked":"Catalyst"},{"not_picked":["Dagger Throw","All Out Attack"],"picked":"Terror"},{"not_picked":["Dodge and Roll","Deadly Poison"],"picked":"Backflip"}],"player_experience":74049,"potions_floor_usage":[27],"damage_taken":[{"damage":4.0,"enemies":"Cultist","floor":1.0,"turns":5.0},{"damage":2.0,"enemies":"Small Slimes","floor":3.0,"turns":3.0},{"damage":0.0,"enemies":"Jaw Worm","floor":4.0,"turns":3.0},{"damage":7.0,"enemies":"3 Sentries","floor":6.0,"turns":5.0},{"damage":8.0,"enemies":"Lagavulin","floor":10.0,"turns":7.0},{"damage":0.0,"enemies":"2 Fungi Beasts","floor":11.0,"turns":4.0},{"damage":2.0,"enemies":"Looter","floor":13.0,"turns":3.0},{"damage":14.0,"enemies":"Slime Boss","floor":16.0,"turns":8.0},{"damage":34.0,"enemies":"Chosen","floor":18.0,"turns":6.0},{"damage":8.0,"enemies":"Shell Parasite","floor":19.0,"turns":6.0},{"damage":20.0,"enemies":"Cultist and Chosen","floor":23.0,"turns":5.0},{"damage":14,"enemies":"Slavers","floor":27,"turns":1}],"event_choices":[{"event_name":"Golden Shrine","player_choice":"Pray","floor":7.0,"damage_taken":0.0},{"event_name":"Dead Adventurer","player_choice":"Searched \u00271\u0027 times","floor":8.0,"damage_taken":0.0},{"event_name":"Vampires","player_choice":"Became a vampire","floor":20.0,"damage_taken":0.0},{"event_name":"Cursed Tome","player_choice":"Stopped","floor":25.0,"damage_taken":0.0}],"boss_relics":[],"potions_floor_spawned":[3,6,10,13,18,23],"seed_played":"-1945064502953712450","killed_by":"Slavers","ascension_level":0,"is_trial":false}