{"gold_per_floor":[116,116,10,29,98,129,129,154,154,166,216,216,41,68,68,165,165,154,204,273,352,501,501,568,578,605,655,705,734,752,135,135,237,237,254,304,317,14,64,64,80,130,182,194,194,244,262,312,312,312],"floor_reached":51,"playtime":3642,"items_purged":["Strike_G","Regret","Strike_G","Grand Finale"],"score":866,"play_id":"c4bc3aa7-c6b7-4d56-8549-58dc4440b7c6","local_time":"20190324165350","is_ascension_mode":true,"campfire_choices":[{"data":"Neutralize","floor":7,"key":"SMITH"},{"floor":12,"key":"REST"},{"data":"Well Laid Plans","floor":15,"key":"SMITH"},{"floor":23,"key":"REST"},{"floor":32,"key":"REST"},{"floor":40,"key":"REST"},{"floor":45,"key":"REST"},{"floor":49,"key":"REST"}],"neow_cost":"NONE","seed_source_timestamp":154474347853346,"circlet_count":0,"master_deck":["Survivor+1","Neutralize+1","Good Instincts+1","Dodge and Roll+1","Backflip+1","Quick Slash+1","Footwork+1","Cloak And Dagger+1","Well Laid Plans+1","Die Die Die+1","Tools of the Trade+1","Skewer+1","Calculated Gamble+1","Noxious Fumes+1","Cloak And Dagger+1","Sucker Punch+1","Blur+1","Leg Sweep+1","Infinite Blades+1","Quick Slash+1","Blind+1","Bullet Time+1","Die Die Die+1","Finisher+1","Heel Hook+1","Deflect+1","Deflect+1","Choke+1","Madness+1","Madness+1","Deflect+1","Blur+1"],"relics":["Ring of the Snake","NeowsBlessing","SsserpentHead","Orichalcum","Sundial","Whetstone","Anchor","Bag of Marbles","Lizard Tail","Red Mask","Blood Vial","Juzu Bracelet","Matryoshka","Pear","Pandora\u0027s Box","Snake Skull","War Paint","Bag of Preparation","Mark of the Bloom"],"potions_floor_usage":[6,8,8,18,24,29,30,33,35,41,41,50,50],"damage_taken":[{"damage":0,"enemies":"Jaw Worm","floor":1,"turns":1},{"damage":0,"enemies":"Cultist","floor":4,"turns":1},{"damage":0,"enemies":"2 Louse","floor":5,"turns":1},{"damage":21,"enemies":"3 Sentries","floor":6,"turns":18},{"damage":17,"enemies":"Lagavulin","floor":8,"turns":9},{"damage":0,"enemies":"Large Slime","floor":10,"turns":8},{"damage":17,"enemies":"Gremlin Nob","floor":14,"turns":6},{"damage":29,"enemies":"Hexaghost","floor":16,"turns":16},{"damage":7,"enemies":"2 Thieves","floor":18,"turns":4},{"damage":0,"enemies":"Spheric Guardian","floor":20,"turns":3},{"damage":42,"enemies":"Masked Bandits","floor":21,"turns":5},{"damage":13,"enemies":"Centurion and Healer","floor":24,"turns":7},{"damage":3,"enemies":"Snake Plant","floor":25,"turns":4},{"damage":30,"enemies":"Slavers","floor":29,"turns":9},{"damage":0,"enemies":"Snecko","floor":30,"turns":6},{"damage":25,"enemies":"Collector","floor":33,"turns":15},{"damage":16,"enemies":"3 Darklings","floor":35,"turns":4},{"damage":0,"enemies":"3 Shapes","floor":37,"turns":2},{"damage":66,"enemies":"Writhing Mass","floor":41,"turns":9},{"damage":14,"enemies":"3 Darklings","floor":44,"turns":6},{"damage":2,"enemies":"Jaw Worm Horde","floor":47,"turns":3},{"damage":17,"enemies":"Donu and Deca","floor":50,"turns":11}],"seed_played":"904658230956580804","potions_obtained":[{"floor":4,"key":"SpeedPotion"},{"floor":6,"key":"Energy Potion"},{"floor":8,"key":"Fruit Juice"},{"floor":16,"key":"Poison Potion"},{"floor":21,"key":"Regen Potion"},{"floor":24,"key":"Strength Potion"},{"floor":29,"key":"AttackPotion"},{"floor":30,"key":"Weak Potion"},{"floor":33,"key":"Energy Potion"},{"floor":35,"key":"SkillPotion"},{"floor":44,"key":"SteroidPotion"}],"is_trial":false,"path_per_floor":["M","?","$","M","M","E","R","E","T","M","?","R","$","E","R","B",null,"M","?","M","?","?","R","M","M","T","?","T","E","M","$","R","B",null,"M","?","M","$","?","R","M","?","T","M","R","?","M","?","R","B",null],"character_chosen":"THE_SILENT","items_purchased":["Good Instincts","Well Laid Plans","Pear","Energy Potion","Swift Potion","Quick Slash","Blind","Snake Skull"],"campfire_rested":6,"item_purchase_floors":[3,13,31,31,31,31,31,38],"current_hp_per_floor":[70,70,70,70,70,49,49,37,37,37,37,59,59,42,42,13,60,53,53,53,11,11,33,35,32,32,32,32,4,6,16,41,18,68,54,54,56,56,45,70,6,6,6,36,61,61,59,59,59,42],"gold":312,"neow_bonus":"THREE_ENEMY_KILL","is_prod":false,"is_daily":false,"chose_seed":false,"campfire_upgraded":2,"win_rate":0,"timestamp":1553471630,"path_taken":["M","?","?","M","?","E","R","E","T","M","?","R","$","E","R","BOSS","M","?","?","?","?","R","?","M","T","?","?","E","M","$","R","BOSS","M","?","M","$","?","R","M","?","T","M","R","?","M","?","R","BOSS"],"build_version":"2019-01-23","purchased_purges":4,"victory":true,"max_hp_per_floor":[70,70,70,70,70,70,70,75,75,75,75,75,75,75,75,75,75,75,75,75,75,75,75,75,75,75,75,75,75,75,85,85,85,85,85,85,85,85,85,85,85,85,85,85,85,85,85,85,85,85],"card_choices":[{"not_picked":["Prepared","Accuracy"],"picked":"Quick Slash","floor":1},{"not_picked":["Caltrops","Catalyst"],"picked":"Dodge and Roll","floor":4},{"not_picked":["Caltrops","Crippling Poison"],"picked":"Backflip","floor":5},{"not_picked":["Slice","Outmaneuver"],"picked":"Quick Slash","floor":6},{"not_picked":["Outmaneuver","Sucker Punch"],"picked":"Footwork","floor":8},{"not_picked":["Backstab","Sucker Punch"],"picked":"Cloak And Dagger","floor":10},{"not_picked":["Prepared","Blade Dance"],"picked":"Die Die Die","floor":14},{"not_picked":["Wraith Form v2","Venomology"],"picked":"Tools of the Trade","floor":16},{"not_picked":["Bane","Well Laid Plans"],"picked":"Skewer+1","floor":18},{"not_picked":["Eviscerate","Cloak And Dagger"],"picked":"Noxious Fumes+1","floor":20},{"not_picked":["Reflex","Expertise"],"picked":"Cloak And Dagger","floor":21},{"not_picked":["Prepared","Deadly Poison+1"],"picked":"Sucker Punch+1","floor":24},{"not_picked":["Calculated Gamble","Prepared"],"picked":"Blur","floor":25},{"not_picked":["Caltrops+1","Prepared+1"],"picked":"Leg Sweep","floor":29},{"not_picked":["PiercingWail","Underhanded Strike"],"picked":"Infinite Blades+1","floor":30},{"not_picked":["Burst","Tools of the Trade"],"picked":"Bullet Time","floor":33},{"not_picked":["Quick Slash+1","Slice+1","Eviscerate+1"],"picked":"SKIP","floor":35},{"not_picked":["Bane","Flying Knee","Quick Slash"],"picked":"SKIP","floor":37},{"not_picked":["Quick Slash+1","Outmaneuver","Heel Hook"],"picked":"SKIP","floor":41},{"not_picked":["Flying Knee","Sucker Punch"],"picked":"Deflect","floor":44},{"not_picked":["Outmaneuver","PiercingWail"],"picked":"Blur+1","floor":47}],"player_experience":247439,"relics_obtained":[{"floor":6,"key":"Orichalcum"},{"floor":8,"key":"Sundial"},{"floor":9,"key":"Whetstone"},{"floor":14,"key":"Bag of Marbles"},{"floor":21,"key":"Red Mask"},{"floor":26,"key":"Blood Vial"},{"floor":28,"key":"Juzu Bracelet"},{"floor":29,"key":"Matryoshka"},{"floor":43,"key":"War Paint"},{"floor":43,"key":"Bag of Preparation"}],"event_choices":[{"damage_healed":0,"gold_gain":0,"player_choice":"Trade","damage_taken":0,"relics_obtained":["SsserpentHead"],"max_hp_gain":0,"max_hp_loss":0,"event_name":"FaceTrader","floor":2,"gold_loss":0},{"damage_healed":0,"gold_gain":0,"player_choice":"Box","damage_taken":0,"relics_obtained":["Anchor"],"max_hp_gain":0,"max_hp_loss":0,"event_name":"Big Fish","floor":11,"gold_loss":0,"cards_obtained":["Regret"]},{"damage_healed":0,"gold_gain":0,"cards_transformed":["Strike_G"],"player_choice":"Transformed","damage_taken":0,"max_hp_gain":0,"max_hp_loss":0,"event_name":"Transmorgrifier","floor":19,"gold_loss":0,"cards_obtained":["Calculated Gamble"]},{"damage_healed":0,"gold_gain":0,"player_choice":"Fought Bandits","damage_taken":0,"max_hp_gain":0,"max_hp_loss":0,"event_name":"Masked Bandits","floor":21,"gold_loss":0},{"damage_healed":0,"gold_gain":99,"player_choice":"Stole From Cult","damage_taken":0,"max_hp_gain":0,"max_hp_loss":0,"event_name":"Nest","floor":22,"gold_loss":0},{"damage_healed":0,"gold_gain":0,"player_choice":"Ignored","damage_taken":0,"max_hp_gain":0,"max_hp_loss":0,"event_name":"Ghosts","floor":27,"gold_loss":0},{"cards_removed":["Quick Slash"],"damage_healed":0,"gold_gain":0,"player_choice":"Removed Attack","damage_taken":0,"max_hp_gain":0,"max_hp_loss":0,"event_name":"Falling","floor":36,"gold_loss":0},{"damage_healed":0,"gold_gain":0,"player_choice":"Embrace Madness","damage_taken":11,"max_hp_gain":0,"max_hp_loss":0,"event_name":"Winding Halls","floor":39,"gold_loss":0,"cards_obtained":["Madness","Madness"]},{"damage_healed":0,"gold_gain":0,"player_choice":"Ignored","damage_taken":0,"max_hp_gain":0,"max_hp_loss":0,"event_name":"Mysterious Sphere","floor":42,"gold_loss":0},{"damage_healed":0,"gold_gain":0,"player_choice":"Upgrade","damage_taken":0,"relics_obtained":["Mark of the Bloom"],"max_hp_gain":0,"max_hp_loss":0,"event_name":"MindBloom","floor":46,"gold_loss":0,"cards_upgraded":["Survivor","Good Instincts","Dodge and Roll","Backflip","Footwork","Cloak And Dagger","Die Die Die","Tools of the Trade","Calculated Gamble","Cloak And Dagger","Blur","Leg Sweep","Quick Slash","Bullet Time","Die Die Die","Finisher","Heel Hook","Deflect","Choke","Madness","Madness","Deflect"]},{"damage_healed":0,"gold_gain":0,"player_choice":"Ignored","damage_taken":0,"max_hp_gain":0,"max_hp_loss":0,"event_name":"Upgrade Shrine","floor":48,"gold_loss":0}],"is_beta":false,"boss_relics":[{"not_picked":["White Beast Statue","Black Star"],"picked":"Lizard Tail"},{"not_picked":["Runic Dome","Calling Bell"],"picked":"Pandora\u0027s Box"}],"items_purged_floors":[3,13,31,38],"is_endless":false,"potions_floor_spawned":[4,6,8,16,21,24,29,30,33,35,44],"ascension_level":5}