{"path_per_floor":["M","M","?","?","M","R","M","M","T","M","?","M","M","M","R","B",null,"M","?","M","?","M","R","?","R","T","M","$","M","M","M","R"],"character_chosen":"IRONCLAD","items_purchased":["Bag of Marbles","Secret Technique+1","Armaments+1","Flex+1"],"gold_per_floor":[109,127,127,127,146,146,163,180,180,192,192,204,222,242,242,339,339,351,351,368,368,379,379,379,379,433,451,23,33,45,57,57,57],"floor_reached":33,"campfire_rested":4,"playtime":2812,"item_purchase_floors":[28,28,28,28],"current_hp_per_floor":[72,72,72,56,56,56,49,47,47,47,40,22,8,8,32,12,80,80,80,68,53,33,58,58,83,83,73,73,61,49,30,56,0],"items_purged":[],"gold":57,"score":247,"play_id":"a5050376-671e-4c7d-aea7-3cbdfae39c2c","local_time":"20180602215230","is_prod":false,"is_daily":false,"chose_seed":false,"is_ascension_mode":false,"campfire_upgraded":1,"win_rate":0.0,"timestamp":1527969150,"campfire_choices":[{"data":"Flex","floor":6,"key":"SMITH"},{"floor":15,"key":"REST"},{"floor":23,"key":"REST"},{"floor":25,"key":"REST"},{"floor":32,"key":"REST"}],"path_taken":["M","M","?","?","M","R","M","M","T","?","?","M","M","M","R","BOSS","M","?","M","?","M","R","?","R","T","M","?","M","M","?","R","BOSS"],"build_version":"2018-05-31","seed_source_timestamp":20689476623836,"purchased_purges":0,"victory":false,"master_deck":["Strike_R+1","Strike_R+1","Strike_R+1","Strike_R+1","Strike_R+1","Defend_R+1","Defend_R+1","Defend_R+1","Defend_R+1","Bash","Flex+1","Shockwave+1","Headbutt","Whirlwind","Rampage","Double Tap+1","Double Tap+1","Second Wind+1","Bludgeon+1","Dual Wield+1","Flex+1","Flame Barrier+1","Feed","Intimidate+1","Secret Technique+1","Armaments+1","Flex+1","Warcry+1","Thunderclap+1","Carnage"],"max_hp_per_floor":[80,80,80,80,80,80,80,80,80,80,80,80,80,80,80,80,80,80,80,80,85,85,85,85,85,85,85,85,85,85,88,88,88],"relics":["Philosopher\u0027s Stone","Toxic Egg 2","Kunai","Astrolabe","War Paint","Bag of Marbles"],"card_choices":[{"not_picked":["Thunderclap","Uppercut"],"picked":"Body Slam","floor":1},{"not_picked":["Body Slam","Anger"],"picked":"Flex","floor":2},{"not_picked":["Dual Wield","Twin Strike"],"picked":"Clothesline","floor":5},{"not_picked":["Sever Soul","Twin Strike"],"picked":"Shockwave","floor":7},{"not_picked":["Burning Pact","Second Wind"],"picked":"Seeing Red","floor":8},{"not_picked":["Clothesline","Warcry+1"],"picked":"Headbutt","floor":10},{"not_picked":["Iron Wave","Perfected Strike"],"picked":"Whirlwind","floor":12},{"not_picked":["Pommel Strike","Rage+1"],"picked":"Rampage","floor":13},{"not_picked":["Seeing Red+1","Thunderclap"],"picked":"Double Tap+1","floor":14},{"not_picked":["Impervious+1","Barricade"],"picked":"Double Tap+1","floor":16},{"not_picked":["Whirlwind","Shrug It Off+1"],"picked":"Flex+1","floor":18},{"not_picked":["Twin Strike","Warcry+1"],"picked":"Flame Barrier+1","floor":20},{"not_picked":["Twin Strike","Clothesline"],"picked":"Feed","floor":22},{"not_picked":["Headbutt+1","Shrug It Off+1"],"picked":"Intimidate+1","floor":27},{"not_picked":["Anger","Perfected Strike"],"picked":"Warcry+1","floor":29},{"not_picked":["Rupture","Bloodletting+1"],"picked":"Thunderclap+1","floor":30},{"not_picked":["Flex+1","Offering+1"],"picked":"Carnage","floor":31}],"player_experience":16370,"potions_floor_usage":[13,14,16,16,30,33,33],"damage_taken":[{"damage":8,"enemies":"Jaw Worm","floor":1,"turns":3},{"damage":0,"enemies":"2 Louse","floor":2,"turns":3},{"damage":0,"enemies":"Cultist","floor":5,"turns":2},{"damage":7,"enemies":"Exordium Wildlife","floor":7,"turns":2},{"damage":2,"enemies":"Looter","floor":8,"turns":2},{"damage":0,"enemies":"3 Louse","floor":10,"turns":3},{"damage":18,"enemies":"Exordium Wildlife","floor":12,"turns":3},{"damage":14,"enemies":"Gremlin Gang","floor":13,"turns":3},{"damage":0,"enemies":"Blue Slaver","floor":14,"turns":3},{"damage":20,"enemies":"Slime Boss","floor":16,"turns":10},{"damage":0,"enemies":"Spheric Guardian","floor":18,"turns":2},{"damage":12,"enemies":"3 Byrds","floor":20,"turns":4},{"damage":20,"enemies":"Centurion and Healer","floor":22,"turns":3},{"damage":10,"enemies":"Chosen and Byrds","floor":27,"turns":5},{"damage":12,"enemies":"Snecko","floor":29,"turns":4},{"damage":12,"enemies":"Slaver and Parasite","floor":30,"turns":4},{"damage":22,"enemies":"3 Cultists","floor":31,"turns":5},{"damage":64,"enemies":"Automaton","floor":33,"turns":6}],"relics_obtained":[{"floor":9,"key":"Toxic Egg 2"},{"floor":26,"key":"War Paint"}],"event_choices":[{"event_name":"Golden Wing","player_choice":"Ignored","floor":3,"damage_taken":0},{"event_name":"Shining Light","player_choice":"Entered Light","floor":4,"damage_taken":0},{"event_name":"Scrap Ooze","player_choice":"success","floor":11,"damage_taken":7},{"event_name":"Back to Basics","player_choice":"Simplicity","floor":19,"damage_taken":0},{"event_name":"Forgotten Altar","player_choice":"Shed Blood","floor":21,"damage_taken":0},{"event_name":"Vampires","player_choice":"Ignored","floor":24,"damage_taken":0}],"boss_relics":[{"not_picked":["Cursed Key","Orrery"],"picked":"Astrolabe"}],"items_purged_floors":[],"potions_floor_spawned":[7,8,12,13,16,27,30],"seed_played":"4585593712599788568","killed_by":"Automaton","ascension_level":0,"potions_obtained":[{"floor":7,"key":"SpeedPotion"},{"floor":8,"key":"Weak Potion"},{"floor":12,"key":"SkillPotion"},{"floor":13,"key":"SkillPotion"},{"floor":16,"key":"Strength Potion"},{"floor":27,"key":"AttackPotion"},{"floor":30,"key":"SkillPotion"}],"is_trial":false}