{"path_per_floor":["M","?","?","?","?","$","E","R","T","M","E","M","R","M","R","B",null,"M","?","M","M"],"character_chosen":"THE_SILENT","items_purchased":["Toxic Egg 2","Bouncing Flask"],"gold_per_floor":[116,191,191,291,291,4,31,31,57,68,95,106,106,122,122,218,248,238,238,249,263],"floor_reached":22,"campfire_rested":3,"playtime":1312,"current_hp_per_floor":[67,56,56,56,53,53,28,49,49,42,10,3,24,19,40,29,70,53,37,31,1],"items_purged":[],"gold":263,"score":233,"play_id":"a505a83f-078b-4053-a5d9-d15cb1203878","is_prod":false,"is_daily":false,"is_ascension_mode":true,"campfire_upgraded":0,"path_taken":["M","?","?","?","?","$","E","R","T","M","E","M","R","?","R","BOSS","M","?","?","M","M"],"build_version":"2018-02-08-BETA1","purchased_purges":0,"victory":false,"master_deck":["Defend_G","Defend_G","Defend_G","Defend_G+1","Defend_G","Strike_G","Strike_G","Strike_G","Strike_G","Strike_G","Survivor+1","Neutralize","Poisoned Stab","Normality","Bouncing Flask+1","Deadly Poison+1","Doppelganger+1","Noxious Fumes","PiercingWail+1","Deadly Poison+1","A Thousand Cuts","Pain","Prepared+1","Necronomicurse","Blade Dance+1","Reflex+1"],"max_hp_per_floor":[70,70,70,70,70,70,70,70,70,70,70,70,70,70,70,70,70,70,70,70,70],"relics":["Black Star","Ornamental Fan","Pen Nib","Toxic Egg 2","Tough Bandages","Dodecahedron","Omamori","Prayer Wheel","Vajra","Calling Bell","Snake Skull","Tiny Chest","War Paint","Necronomicon"],"card_choices":[{"not_picked":["Endless Agony","Outmaneuver"],"picked":"Poisoned Stab"},{"not_picked":["Dodge and Roll","PiercingWail"],"picked":"Deadly Poison"},{"not_picked":["Quick Slash","Sucker Punch"],"picked":"Doppelganger"},{"not_picked":["Dagger Spray","Bane"],"picked":"Noxious Fumes"},{"not_picked":["Accuracy","Outmaneuver"],"picked":"PiercingWail"},{"not_picked":["Deflect","Leg Sweep"],"picked":"Deadly Poison"},{"not_picked":["Tools of the Trade","Tactician"],"picked":"A Thousand Cuts"},{"not_picked":["Underhanded Strike","Flechettes"],"picked":"Prepared"},{"not_picked":["Riddle With Holes","Quick Slash"],"picked":"Blade Dance"},{"not_picked":["Predator","Blade Dance"],"picked":"Reflex"}],"player_experience":95326,"potions_floor_usage":[11,21,21,21],"damage_taken":[{"damage":3,"enemies":"2 Louse","floor":1,"turns":3},{"damage":25,"enemies":"Lagavulin","floor":7,"turns":7},{"damage":7,"enemies":"Jaw Worm","floor":10,"turns":3},{"damage":32,"enemies":"3 Sentries","floor":11,"turns":9},{"damage":7,"enemies":"Small Slimes","floor":12,"turns":3},{"damage":5,"enemies":"2 Fungi Beasts","floor":14,"turns":4},{"damage":11,"enemies":"The Guardian","floor":16,"turns":6},{"damage":17,"enemies":"2 Thieves","floor":18,"turns":4},{"damage":6,"enemies":"Chosen","floor":20,"turns":4},{"damage":30,"enemies":"Centurion and Healer","floor":21,"turns":7},{"damage":27,"enemies":"Snecko","floor":22,"turns":4}],"event_choices":[{"event_name":"World of Goop","player_choice":"Gather Gold","floor":2,"damage_taken":0},{"event_name":"Accursed Blacksmith","player_choice":"Rummage","floor":3,"damage_taken":0},{"event_name":"Wheel of Change","player_choice":"Gold","floor":4,"damage_taken":0},{"event_name":"Scrap Ooze","player_choice":"success","floor":5,"damage_taken":3},{"event_name":"Cursed Tome","player_choice":"Obtained Book","floor":19,"damage_taken":0}],"boss_relics":[{"not_picked":["Pandora\u0027s Box","Astrolabe"],"picked":"Calling Bell"}],"potions_floor_spawned":[1,12,14,18],"seed_played":"-8942279588612979307","killed_by":"Snecko","ascension_level":4,"is_trial":false}