{"gold_per_floor":[118,118,193,193,208,234,252,284,284,284,311,330,52,72,72,171,171,191,66,66,77,77,77,108,118,144,163,163,78,20,31,31,129,129,143,18,35,1034,1034,1034,1044,1077,1107,503,503,37,63,63,63,63],"floor_reached":50,"playtime":4070,"items_purged":["Normality","Normality"],"score":666,"play_id":"fff8a21d-3e48-4cb0-81c1-fe40c9ab6fc6","local_time":"20180826235813","is_ascension_mode":true,"campfire_choices":[{"floor":10,"key":"REST"},{"floor":15,"key":"REST"},{"data":"Discovery","floor":23,"key":"SMITH"},{"floor":32,"key":"REST"},{"floor":40,"key":"REST"},{"floor":49,"key":"REST"}],"neow_cost":"","seed_source_timestamp":5190266598500,"circlet_count":0,"master_deck":["Survivor","Neutralize","Poisoned Stab+1","PiercingWail","Bane","Footwork","Distraction","Poisoned Stab+1","PiercingWail","Secret Technique","PiercingWail","Adrenaline","Sucker Punch","Flying Knee","Concentrate","Prepared","Sucker Punch","Backflip","Dagger Throw+1","Flying Knee","Poisoned Stab","Dagger Spray","Poisoned Stab+1","Discovery+1","Cloak And Dagger","Deflect+1","Acrobatics+1","Catalyst+1","Cloak And Dagger","Catalyst","Adrenaline","Deadly Poison","Deadly Poison+1","Secret Weapon","Madness","Deflect+1","Trip"],"relics":["Ring of the Serpent","The Courier","Pantograph","Art of War","Mercury Hourglass","Girya","Regal Pillow","Pandora\u0027s Box","Peace Pipe","Vajra","Nilry\u0027s Codex","Centennial Puzzle","Whetstone","Oddly Smooth Stone","Tiny Chest","Bag of Marbles","Orichalcum","StoneCalendar","Mummified Hand","OrangePellets","Pen Nib"],"potions_floor_usage":[6,6,8,12,16,18,18,25,25,39,41,42,47,50,50],"damage_taken":[{"damage":1,"enemies":"Jaw Worm","floor":1,"turns":6},{"damage":1,"enemies":"Cultist","floor":5,"turns":3},{"damage":25,"enemies":"3 Sentries","floor":6,"turns":10},{"damage":2,"enemies":"Small Slimes","floor":7,"turns":4},{"damage":11,"enemies":"Lagavulin","floor":8,"turns":7},{"damage":19,"enemies":"3 Sentries","floor":11,"turns":7},{"damage":0,"enemies":"Exordium Wildlife","floor":12,"turns":4},{"damage":5,"enemies":"Blue Slaver","floor":14,"turns":4},{"damage":35,"enemies":"Slime Boss","floor":16,"turns":16},{"damage":2,"enemies":"Spheric Guardian","floor":18,"turns":3},{"damage":0,"enemies":"Chosen","floor":21,"turns":3},{"damage":19,"enemies":"Book of Stabbing","floor":24,"turns":6},{"damage":13,"enemies":"Shelled Parasite and Fungi","floor":25,"turns":3},{"damage":0,"enemies":"Snecko","floor":27,"turns":2},{"damage":4,"enemies":"Cultist and Chosen","floor":31,"turns":5},{"damage":66,"enemies":"Collector","floor":33,"turns":6},{"damage":0,"enemies":"3 Shapes","floor":35,"turns":2},{"damage":31,"enemies":"3 Darklings","floor":37,"turns":4},{"damage":12,"enemies":"Sphere and 2 Shapes","floor":39,"turns":1},{"damage":7,"enemies":"4 Shapes","floor":41,"turns":6},{"damage":13,"enemies":"Giant Head","floor":42,"turns":6},{"damage":12,"enemies":"Nemesis","floor":47,"turns":7},{"damage":76,"enemies":"Awakened One","floor":50,"turns":9}],"seed_played":"7716015474932685687","potions_obtained":[{"floor":1,"key":"EssenceOfSteel"},{"floor":5,"key":"Strength Potion"},{"floor":7,"key":"Weak Potion"},{"floor":11,"key":"SteroidPotion"},{"floor":12,"key":"Block Potion"},{"floor":16,"key":"EntropicBrew"},{"floor":24,"key":"PowerPotion"},{"floor":27,"key":"SmokeBomb"},{"floor":37,"key":"Weak Potion"},{"floor":42,"key":"GhostInAJar"},{"floor":47,"key":"Energy Potion"}],"is_trial":false,"path_per_floor":["M","?","?","?","M","E","M","E","T","R","E","M","$","M","R","B",null,"M","$","?","M","?","R","E","M","T","M","?","?","$","M","R","B",null,"M","$","M","?","M","R","M","E","T","$","T","$","E","?","R"],"character_chosen":"THE_SILENT","items_purchased":["Regal Pillow","Secret Technique","Discovery","Cloak And Dagger","Catalyst","Whetstone","Bag of Marbles","Orichalcum","StoneCalendar","Secret Weapon","Madness","OrangePellets"],"campfire_rested":5,"item_purchase_floors":[13,13,19,19,30,36,44,44,44,46,46,46],"current_hp_per_floor":[69,69,58,51,50,25,23,12,12,33,14,14,14,9,45,35,70,68,68,68,68,68,68,49,36,36,36,20,20,20,16,52,4,70,70,70,39,39,27,63,56,43,43,43,43,43,31,31,67,0],"gold":63,"neow_bonus":"","is_prod":false,"is_daily":false,"chose_seed":false,"campfire_upgraded":1,"win_rate":0,"timestamp":1535320693,"path_taken":["M","?","?","?","?","E","M","E","T","R","E","M","?","M","R","BOSS","M","$","?","M","?","R","E","M","T","M","?","?","$","M","R","BOSS","M","$","M","?","M","R","M","E","T","$","?","$","E","?","R","BOSS"],"build_version":"2018-08-23v2","purchased_purges":2,"victory":false,"max_hp_per_floor":[70,70,70,70,70,70,70,70,70,70,70,70,70,70,70,70,70,70,70,70,70,70,70,70,70,70,70,70,70,70,70,70,70,70,70,70,70,70,70,70,70,70,70,70,70,70,70,70,70,70],"card_choices":[{"not_picked":["Terror","Riddle With Holes"],"picked":"Poisoned Stab","floor":1},{"not_picked":["Cloak And Dagger","Accuracy"],"picked":"PiercingWail","floor":5},{"not_picked":["Expertise","Tools of the Trade"],"picked":"Bane","floor":6},{"not_picked":["Dagger Spray","Blade Dance"],"picked":"Footwork","floor":7},{"not_picked":["Slice","Cloak And Dagger"],"picked":"Distraction","floor":8},{"not_picked":["Terror","Dodge and Roll"],"picked":"Poisoned Stab","floor":11},{"not_picked":["Poisoned Stab","Escape Plan"],"picked":"PiercingWail","floor":12},{"not_picked":["A Thousand Cuts","Slice"],"picked":"PiercingWail","floor":14},{"not_picked":["A Thousand Cuts","Venomology"],"picked":"Adrenaline","floor":16},{"not_picked":["Quick Slash+1","PiercingWail"],"picked":"Poisoned Stab+1","floor":18},{"not_picked":["Dagger Spray","Sucker Punch"],"picked":"Deflect+1","floor":21},{"not_picked":["A Thousand Cuts","Deflect"],"picked":"Acrobatics+1","floor":24},{"not_picked":["Finisher","Blade Dance+1"],"picked":"Catalyst+1","floor":25},{"not_picked":["Prepared","Backflip"],"picked":"Cloak And Dagger","floor":27},{"not_picked":["Expertise","Eviscerate","Blade Dance"],"picked":"SKIP","floor":31},{"not_picked":["Doppelganger","Wraith Form v2"],"picked":"Adrenaline","floor":33},{"not_picked":["Quick Slash","Blur+1"],"picked":"Deadly Poison","floor":35},{"not_picked":["Bane","Sucker Punch+1"],"picked":"Deadly Poison+1","floor":37},{"not_picked":["Dagger Throw","Poisoned Stab","Flying Knee+1"],"picked":"SKIP","floor":41},{"not_picked":["Bane","Riddle With Holes+1","Reflex"],"picked":"SKIP","floor":42},{"not_picked":["Masterful Stab+1","Riddle With Holes+1"],"picked":"Deflect+1","floor":47}],"player_experience":189095,"relics_obtained":[{"floor":6,"key":"Pantograph"},{"floor":8,"key":"Art of War"},{"floor":9,"key":"Mercury Hourglass"},{"floor":11,"key":"Girya"},{"floor":24,"key":"Peace Pipe"},{"floor":26,"key":"Vajra"},{"floor":28,"key":"Nilry\u0027s Codex"},{"floor":42,"key":"Oddly Smooth Stone"},{"floor":43,"key":"Tiny Chest"},{"floor":45,"key":"Mummified Hand"},{"floor":47,"key":"Pen Nib"}],"event_choices":[{"event_name":"Accursed Blacksmith","player_choice":"Forge","floor":2,"damage_taken":0},{"event_name":"World of Goop","player_choice":"Gather Gold","floor":3,"damage_taken":0},{"event_name":"Scrap Ooze","player_choice":"success","floor":4,"damage_taken":7},{"event_name":"The Woman in Blue","player_choice":"Bought 0 Potions","floor":20,"damage_taken":0},{"event_name":"Ghosts","player_choice":"Ignored","floor":22,"damage_taken":0},{"event_name":"Cursed Tome","player_choice":"Obtained Book","floor":28,"damage_taken":0},{"event_name":"Addict","player_choice":"Obtained Relic","floor":29,"damage_taken":0},{"event_name":"MindBloom","player_choice":"Gold","floor":38,"damage_taken":0},{"event_name":"Match and Keep!","player_choice":"1 cards matched","floor":48,"damage_taken":0}],"is_beta":false,"boss_relics":[{"not_picked":["Orrery","Busted Crown"],"picked":"Pandora\u0027s Box"},{"not_picked":["Astrolabe","Eternal Feather"],"picked":"Ring of the Serpent"}],"items_purged_floors":[44,46],"is_endless":false,"potions_floor_spawned":[1,5,7,11,12,16,24,27,37,42,47],"killed_by":"Awakened One","ascension_level":1}