{"path_per_floor":["M","$","?","$","T","E","R","M","T","R","$","R","M","M","R","B",null,"M","M","M","$","?","R"],"character_chosen":"THE_SILENT","items_purchased":["Poisoned Stab","Footwork","Deflect","Well Laid Plans","Predator"],"gold_per_floor":[116,65,65,26,26,62,62,77,77,77,4,4,19,40,40,169,169,193,208,223,56,56,56],"floor_reached":24,"campfire_rested":1,"playtime":2151,"current_hp_per_floor":[70,70,53,53,53,35,56,55,55,55,55,55,55,54,54,2,70,56,53,53,53,53,53],"items_purged":["Strike_G","Defend_G"],"gold":56,"score":194,"play_id":"a7ae3d4b-0a1c-4638-8f08-104123a95ec7","is_prod":false,"is_daily":false,"is_ascension_mode":false,"campfire_upgraded":4,"path_taken":["M","$","?","$","?","E","R","M","T","R","?","R","?","M","R","BOSS","M","?","M","$","?","R","E"],"build_version":"2018-02-15-PROD1","purchased_purges":2,"victory":false,"master_deck":["Defend_G+1","Defend_G+1","Defend_G+1","Defend_G+1","Strike_G+1","Strike_G+1","Strike_G+1","Strike_G+1","Survivor","Neutralize+1","Caltrops","Poisoned Stab+1","Footwork+1","Footwork+1","Deflect","Deflect","Deflect","After Image","Dagger Spray","Quick Slash+1","Prepared","Well Laid Plans","Predator"],"max_hp_per_floor":[70,70,70,70,70,70,70,70,70,70,70,70,70,70,70,70,70,70,70,70,70,70,70],"relics":["Ring of the Snake","Golden Idol","Omamori","Dodecahedron","Smiling Mask","Lizard Tail"],"card_choices":[{"not_picked":["Outmaneuver","All Out Attack"],"picked":"Caltrops"},{"not_picked":["Dash","Sucker Punch"],"picked":"Footwork"},{"not_picked":["Blur","All Out Attack"],"picked":"Deflect"},{"not_picked":["Dodge and Roll","Endless Agony"],"picked":"Deflect"},{"not_picked":["Wraith Form","Bullet Time"],"picked":"After Image"},{"not_picked":["Heel Hook","Outmaneuver"],"picked":"Dagger Spray"},{"not_picked":["Caltrops","Finisher"],"picked":"Quick Slash"},{"not_picked":["Blade Dance","Outmaneuver"],"picked":"Prepared"}],"player_experience":66980,"potions_floor_usage":[6,8,19],"damage_taken":[{"damage":0,"enemies":"2 Louse","floor":1,"turns":3},{"damage":18,"enemies":"Lagavulin","floor":6,"turns":14},{"damage":1,"enemies":"Jaw Worm","floor":8,"turns":5},{"damage":0,"enemies":"Small Slimes","floor":13,"turns":4},{"damage":1,"enemies":"Exordium Thugs","floor":14,"turns":7},{"damage":52,"enemies":"Slime Boss","floor":16,"turns":23},{"damage":14,"enemies":"3 Byrds","floor":18,"turns":4},{"damage":3,"enemies":"Shell Parasite","floor":19,"turns":8},{"damage":0,"enemies":"Snake Plant","floor":20,"turns":7},{"damage":108,"enemies":"Gremlin Leader","floor":24,"turns":12}],"event_choices":[{"event_name":"Golden Idol","player_choice":"Take Damage","floor":3,"damage_taken":0},{"event_name":"Back to Basics","player_choice":"Simplicity","floor":22,"damage_taken":0}],"boss_relics":[{"not_picked":["White Beast Statue","Velvet Choker"],"picked":"Lizard Tail"}],"potions_floor_spawned":[1,6,18],"seed_played":"-8396715719800900160","killed_by":"Gremlin Leader","ascension_level":0,"is_trial":false}