{"gold_per_floor":[215,229,239,259,273,273,241,241,241,256,287,287,287,320,320,320],"floor_reached":16,"playtime":1008,"items_purged":[],"score":154,"play_id":"f52bcd1c-da16-4eae-8e62-01603103ad80","local_time":"20190406230741","is_ascension_mode":true,"campfire_choices":[{"data":"True Grit","floor":6,"key":"SMITH"},{"data":"True Grit","floor":12,"key":"SMITH"},{"floor":15,"key":"REST"}],"neow_cost":"NONE","seed_source_timestamp":1302728968413689,"circlet_count":0,"master_deck":["Strike_R","Strike_R","Strike_R","Strike_R","Strike_R","Defend_R","Defend_R","Defend_R","Defend_R","Bash","Clothesline","True Grit+1","True Grit+1","Dark Embrace","Feel No Pain","Second Wind+1","Carnage+1","Headbutt+1"],"relics":["Burning Blood","Toxic Egg 2","Molten Egg 2","Golden Idol","The Courier"],"potions_floor_usage":[4,11,14],"damage_taken":[{"damage":3,"enemies":"2 Louse","floor":1,"turns":4},{"damage":5,"enemies":"Small Slimes","floor":2,"turns":3},{"damage":8,"enemies":"Jaw Worm","floor":3,"turns":5},{"damage":51,"enemies":"Gremlin Gang","floor":4,"turns":9},{"damage":7,"enemies":"Blue Slaver","floor":5,"turns":7},{"damage":8,"enemies":"Exordium Thugs","floor":7,"turns":5},{"damage":11,"enemies":"Looter","floor":10,"turns":4},{"damage":16,"enemies":"3 Sentries","floor":11,"turns":15},{"damage":23,"enemies":"Gremlin Nob","floor":14,"turns":5},{"damage":52,"enemies":"The Guardian","floor":16,"turns":17}],"seed_played":"-2287332927848619753","potions_obtained":[{"floor":1,"key":"PowerPotion"},{"floor":3,"key":"Swift Potion"},{"floor":7,"key":"SpeedPotion"}],"is_trial":false,"path_per_floor":["M","M","M","M","M","R","M","?","T","M","E","R","?","E","R","B"],"character_chosen":"IRONCLAD","items_purchased":[],"campfire_rested":1,"item_purchase_floors":[],"current_hp_per_floor":[75,76,74,29,28,28,26,52,52,47,37,37,37,20,42,0],"gold":320,"neow_bonus":"HUNDRED_GOLD","is_prod":false,"is_daily":false,"chose_seed":false,"campfire_upgraded":2,"win_rate":0,"timestamp":1554617261,"path_taken":["M","M","M","M","M","R","M","?","T","M","E","R","?","E","R","BOSS"],"build_version":"2019-01-23","purchased_purges":0,"victory":false,"max_hp_per_floor":[80,80,80,80,80,80,80,80,80,80,80,80,74,74,74,74],"card_choices":[{"not_picked":["Sentinel","Burning Pact"],"picked":"Clothesline","floor":1},{"not_picked":["Carnage","Flex"],"picked":"True Grit","floor":2},{"not_picked":["Combust","Body Slam"],"picked":"True Grit","floor":3},{"not_picked":["Clash","Dual Wield"],"picked":"Dark Embrace","floor":4},{"not_picked":["True Grit","Blood for Blood","Infernal Blade"],"picked":"SKIP","floor":5},{"not_picked":["Dropkick","Headbutt"],"picked":"Feel No Pain","floor":7},{"not_picked":["Wild Strike","Perfected Strike"],"picked":"Second Wind+1","floor":10},{"not_picked":["Rupture","Clothesline"],"picked":"Carnage","floor":11},{"not_picked":["Wild Strike+1","Searing Blow+1"],"picked":"Headbutt+1","floor":14}],"player_experience":288169,"relics_obtained":[{"floor":9,"key":"Toxic Egg 2"},{"floor":11,"key":"Molten Egg 2"},{"floor":14,"key":"The Courier"}],"event_choices":[{"damage_healed":26,"gold_gain":0,"player_choice":"Banana","damage_taken":0,"max_hp_gain":0,"max_hp_loss":0,"event_name":"Big Fish","floor":8,"gold_loss":0},{"damage_healed":0,"gold_gain":0,"player_choice":"Lose Max HP","damage_taken":0,"relics_obtained":["Golden Idol"],"max_hp_gain":0,"max_hp_loss":6,"event_name":"Golden Idol","floor":13,"gold_loss":0}],"is_beta":false,"boss_relics":[],"items_purged_floors":[],"is_endless":false,"potions_floor_spawned":[1,3,7],"killed_by":"The Guardian","ascension_level":7}