{"gold_per_floor":[116,116,116,135,91,120,120,135,135,150,150],"floor_reached":11,"playtime":622,"items_purged":[],"score":196,"play_id":"8cd839d1-bfc0-4b4b-b8d1-a6b4059a1aee","local_time":"20190526012136","is_ascension_mode":true,"campfire_choices":[{"floor":7,"key":"RECALL"}],"neow_cost":"NONE","seed_source_timestamp":293108961942503,"circlet_count":0,"master_deck":["AscendersBane","Strike_R","Strike_R","Strike_R","Strike_R","Strike_R","Defend_R","Defend_R","Defend_R","Defend_R","Bash+1","Pummel","Pommel Strike","Combust","True Grit","Heavy Blade","Sentinel"],"relics":["Burning Blood","NeowsBlessing","Sundial","Centennial Puzzle"],"potions_floor_usage":[11,11],"damage_taken":[{"damage":0,"enemies":"Small Slimes","floor":1,"turns":1},{"damage":0,"enemies":"Cultist","floor":4,"turns":1},{"damage":0,"enemies":"Lagavulin","floor":6,"turns":2},{"damage":3,"enemies":"2 Louse","floor":8,"turns":3},{"damage":23,"enemies":"Blue Slaver","floor":10,"turns":3},{"damage":60,"enemies":"3 Sentries","floor":11,"turns":10}],"seed_played":"-1370127804798291849","potions_obtained":[{"floor":1,"key":"Poison Potion"},{"floor":6,"key":"Swift Potion"},{"floor":10,"key":"Weak Potion"}],"is_trial":false,"path_per_floor":["M","$","?","M","$","E","R","M","T","M","E"],"character_chosen":"IRONCLAD","items_purchased":["Combust"],"campfire_rested":0,"item_purchase_floors":[5],"current_hp_per_floor":[74,74,74,75,75,75,75,75,75,58,0],"gold":150,"neow_bonus":"THREE_ENEMY_KILL","is_prod":false,"is_daily":false,"chose_seed":false,"campfire_upgraded":0,"win_rate":0,"timestamp":1558822896,"path_taken":["M","$","?","?","$","E","R","?","T","M","E"],"build_version":"2019-01-23","purchased_purges":0,"victory":false,"max_hp_per_floor":[75,75,75,75,75,75,75,75,75,75,75],"card_choices":[{"not_picked":["Clothesline","Power Through"],"picked":"Pummel","floor":1},{"not_picked":["Warcry","Sword Boomerang"],"picked":"Pommel Strike","floor":4},{"not_picked":["Burning Pact","Heavy Blade"],"picked":"True Grit","floor":6},{"not_picked":["Fiend Fire","Shockwave"],"picked":"Heavy Blade","floor":8},{"not_picked":["Searing Blow","Body Slam"],"picked":"Sentinel","floor":10}],"player_experience":517540,"relics_obtained":[{"floor":6,"key":"Sundial"},{"floor":9,"key":"Centennial Puzzle"}],"event_choices":[{"damage_healed":0,"gold_gain":0,"player_choice":"Upgraded","damage_taken":0,"max_hp_gain":0,"max_hp_loss":0,"event_name":"Upgrade Shrine","floor":3,"gold_loss":0,"cards_upgraded":["Bash"]}],"is_beta":false,"boss_relics":[],"items_purged_floors":[],"is_endless":false,"potions_floor_spawned":[1,6,10],"killed_by":"3 Sentries","ascension_level":20}