{"path_per_floor":["M","?","?","$","M","R","M","R","T","E","?","T","E","M","R","B",null,"M","M","?","$","M","?","E","R","T","M","?","R","M","M","R","B",null,"M","?","$","M","$","R","E","R","T","R","E","M","E","M","R","B"],"character_chosen":"THE_SILENT","items_purchased":["Deadly Poison","Lantern","Regen Potion","Happy Flower","Escape Plan","Bouncing Flask"],"gold_per_floor":[109,109,109,34,47,47,66,66,91,131,131,176,216,232,232,360,360,375,345,345,22,39,39,65,65,92,104,104,104,119,131,131,233,233,249,249,19,37,2,2,28,28,28,28,60,75,110,123,123,123],"floor_reached":51,"campfire_rested":2,"playtime":4833,"current_hp_per_floor":[68,68,68,68,67,67,62,62,62,52,69,69,52,52,52,16,70,53,53,53,53,24,24,21,42,47,50,34,55,68,70,70,13,70,69,69,69,70,70,70,48,60,74,84,84,55,70,67,81,6],"items_purged":["Injury","Defend_G"],"gold":123,"score":639,"play_id":"83f10ca9-85ca-439c-948e-8d9b609004e2","local_time":"20180305005534","is_prod":false,"is_daily":false,"is_ascension_mode":false,"campfire_upgraded":8,"timestamp":1520232934,"path_taken":["M","?","?","$","M","R","M","R","T","E","?","?","E","M","R","BOSS","M","M","?","$","M","?","E","R","T","M","?","R","M","M","R","BOSS","M","?","$","M","?","R","E","R","T","R","E","?","E","M","R","BOSS"],"build_version":"2018-03-01-PROD1","purchased_purges":2,"victory":true,"master_deck":["Defend_G","Defend_G","Defend_G","Defend_G","Survivor","Neutralize+1","Backflip+1","Backflip","Quick Slash+1","Deadly Poison+1","Parasite","Terror+1","Catalyst+1","Bullet Time+1","Quick Slash","Footwork+1","Deadly Poison+1","Prepared+1","Bite","Bite","Bite","Bite","Bite","Poisoned Stab+1","Blind+1","Leg Sweep","Deflect","Escape Plan","After Image","Footwork+1","Escape Plan","Footwork+1","Bouncing Flask","Leg Sweep+1","Bouncing Flask","Deflect+1","Deadly Poison+1","Distraction+1"],"max_hp_per_floor":[70,70,70,70,70,70,70,70,70,70,70,70,70,70,70,70,70,70,70,70,70,70,70,70,70,70,70,70,70,70,70,70,70,70,70,70,70,70,70,70,70,70,84,84,84,84,84,84,84,84],"relics":["Ring of the Snake","Bloody Idol","Pen Nib","Dream Catcher","Ornamental Fan","The Specimen","Lantern","Du-Vu Doll","Oddly Smooth Stone","Eternal Feather","Happy Flower","Regal Pillow","Mango","Girya","Sundial"],"card_choices":[{"not_picked":["Acrobatics","Blade Dance"],"picked":"Backflip"},{"not_picked":["All Out Attack","Riddle With Holes"],"picked":"Backflip"},{"not_picked":["Dagger Throw","Expertise"],"picked":"Quick Slash"},{"not_picked":["Slice","Bane"],"picked":"Deadly Poison"},{"not_picked":["Underhanded Strike","Outmaneuver"],"picked":"Terror"},{"not_picked":["Well Laid Plans","Blur"],"picked":"Catalyst"},{"not_picked":["A Thousand Cuts","Wraith Form"],"picked":"Bullet Time"},{"not_picked":["Flechettes","Reflex"],"picked":"Quick Slash"},{"not_picked":["Dodge and Roll","PiercingWail"],"picked":"Footwork"},{"not_picked":["Setup","Dagger Throw"],"picked":"Prepared"},{"not_picked":["Dagger Spray","Well Laid Plans"],"picked":"Poisoned Stab"},{"not_picked":["Caltrops","Dodge and Roll"],"picked":"Leg Sweep"},{"not_picked":["Sucker Punch","Outmaneuver"],"picked":"Deflect"},{"not_picked":["Concentrate","Predator"],"picked":"Escape Plan"},{"not_picked":["A Thousand Cuts","Glass Knife"],"picked":"After Image"},{"not_picked":["PiercingWail","Underhanded Strike"],"picked":"Footwork"},{"not_picked":["Bouncing Flask","Slice"],"picked":"Footwork"},{"not_picked":["Blade Dance","Sucker Punch"],"picked":"Leg Sweep"},{"not_picked":["Calculated Gamble","Dash"],"picked":"Bouncing Flask"},{"not_picked":["Crippling Poison","Dash"],"picked":"Deflect"},{"not_picked":["Quick Slash","Flying Knee"],"picked":"Deadly Poison"},{"not_picked":["Skewer","Deadly Poison"],"picked":"Distraction"}],"player_experience":155454,"potions_floor_usage":[41,46,50,50,50],"damage_taken":[{"damage":2.0,"enemies":"Small Slimes","floor":1.0,"turns":5.0},{"damage":1.0,"enemies":"Cultist","floor":5.0,"turns":4.0},{"damage":5.0,"enemies":"2 Louse","floor":7.0,"turns":4.0},{"damage":10.0,"enemies":"Gremlin Nob","floor":10.0,"turns":4.0},{"damage":18.0,"enemies":"3 Sentries","floor":13.0,"turns":11.0},{"damage":2.0,"enemies":"Large Slime","floor":14.0,"turns":4.0},{"damage":38.0,"enemies":"Slime Boss","floor":16.0,"turns":12.0},{"damage":17.0,"enemies":"Chosen","floor":18.0,"turns":5.0},{"damage":17.0,"enemies":"2 Thieves","floor":19.0,"turns":5.0},{"damage":51.0,"enemies":"3 Cultists","floor":22.0,"turns":10.0},{"damage":29.0,"enemies":"Book of Stabbing","floor":24.0,"turns":7.0},{"damage":6.0,"enemies":"Snake Plant","floor":27.0,"turns":5.0},{"damage":0.0,"enemies":"Chosen and Byrds","floor":30.0,"turns":7.0},{"damage":12.0,"enemies":"Slaver and Parasite","floor":31.0,"turns":7.0},{"damage":79.0,"enemies":"Champ","floor":33.0,"turns":18.0},{"damage":15,"enemies":"3 Darklings","floor":35,"turns":11},{"damage":0,"enemies":"Orb Walker","floor":38,"turns":3},{"damage":35,"enemies":"Nemesis","floor":41,"turns":9},{"damage":0,"enemies":"Giant Head","floor":45,"turns":11},{"damage":42,"enemies":"Sphere and 2 Shapes","floor":46,"turns":8},{"damage":4,"enemies":"Nemesis","floor":47,"turns":11},{"damage":18,"enemies":"Maw","floor":48,"turns":8},{"damage":95,"enemies":"Donu and Deca","floor":50,"turns":15}],"event_choices":[{"event_name":"Upgrade Shrine","player_choice":"Upgraded","floor":2.0,"damage_taken":0.0},{"event_name":"Golden Idol","player_choice":"Take Wound","floor":3.0,"damage_taken":0.0},{"event_name":"Mushrooms","player_choice":"Healed and dodged fight","floor":11.0,"damage_taken":0.0},{"event_name":"Forgotten Altar","player_choice":"Gave Idol","floor":20.0,"damage_taken":0.0},{"event_name":"Vampires","player_choice":"Became a vampire (Vial)","floor":23.0,"damage_taken":0.0},{"event_name":"Knowing Skull","player_choice":"CARD ","floor":28.0,"damage_taken":0.0},{"event_name":"Tomb of Lord Red Mask","player_choice":"Ignored","floor":36,"damage_taken":0}],"boss_relics":[],"potions_floor_spawned":[5,10,18,19,30,31,35,41,46,47,48],"seed_played":"3044106835448691506","ascension_level":0,"is_trial":false}