{"gold_per_floor":[362,362,362,17,35,35,75,75,75,93,127,142,162,132,132,132],"floor_reached":16,"playtime":2024,"items_purged":["Strike_G"],"score":154,"play_id":"aa7f13d0-31ad-4c36-8498-20421432a7a2","local_time":"20190427130249","is_ascension_mode":true,"campfire_choices":[{"data":"Neutralize","floor":6,"key":"SMITH"},{"floor":8,"key":"REST"},{"data":"Crippling Poison","floor":15,"key":"SMITH"}],"neow_cost":"PERCENT_DAMAGE","seed_source_timestamp":3079747137370087,"circlet_count":0,"master_deck":["Defend_G","Defend_G","Defend_G","Defend_G","Defend_G","Strike_G","Strike_G","Strike_G","Strike_G","Survivor","Neutralize+1","Crippling Poison+1","Backflip","Expertise","Dodge and Roll","Deflect"],"relics":["Ring of the Snake","Peace Pipe","Golden Idol","Snake Skull","Bird Faced Urn","Mango","Blue Candle"],"potions_floor_usage":[7,11,12,12,14],"damage_taken":[{"damage":0,"enemies":"2 Louse","floor":1,"turns":5},{"damage":4,"enemies":"Jaw Worm","floor":5,"turns":6},{"damage":12,"enemies":"Gremlin Nob","floor":7,"turns":4},{"damage":0,"enemies":"Cultist","floor":10,"turns":6},{"damage":15,"enemies":"3 Sentries","floor":11,"turns":14},{"damage":16,"enemies":"Gremlin Gang","floor":12,"turns":6},{"damage":0,"enemies":"3 Louse","floor":13,"turns":3},{"damage":3,"enemies":"Looter","floor":14,"turns":4},{"damage":0,"enemies":"Slime Boss","floor":16,"turns":1}],"seed_played":"2643725119988239163","potions_obtained":[{"floor":5,"key":"Fire Potion"},{"floor":7,"key":"Swift Potion"},{"floor":10,"key":"Energy Potion"},{"floor":12,"key":"LiquidBronze"}],"is_trial":false,"path_per_floor":["M","?","?","$","M","R","E","R","T","M","E","M","M","M","R","B"],"character_chosen":"THE_SILENT","items_purchased":["Crippling Poison","Snake Skull","Explosive Potion"],"campfire_rested":1,"item_purchase_floors":[4,4,4],"current_hp_per_floor":[45,38,38,38,34,34,22,41,55,55,40,24,24,21,21,21],"gold":132,"neow_bonus":"TWO_FIFTY_GOLD","is_prod":false,"is_daily":false,"chose_seed":false,"campfire_upgraded":2,"win_rate":0,"timestamp":1556395369,"path_taken":["M","?","?","$","M","R","E","R","T","M","E","M","?","M","R","BOSS"],"build_version":"2019-01-23","purchased_purges":1,"victory":false,"max_hp_per_floor":[70,70,65,65,65,65,65,65,79,79,79,79,79,79,79,79],"card_choices":[{"not_picked":["Dagger Throw","Bane","Dagger Spray"],"picked":"SKIP","floor":1},{"not_picked":["Dagger Spray","Prepared"],"picked":"Backflip","floor":5},{"not_picked":["Finisher","Wraith Form v2"],"picked":"Expertise","floor":7},{"not_picked":["Endless Agony","Acrobatics","Quick Slash"],"picked":"SKIP","floor":10},{"not_picked":["Blade Dance","Prepared"],"picked":"Dodge and Roll","floor":11},{"not_picked":["Deadly Poison","Bane"],"picked":"Deflect","floor":12},{"not_picked":["Distraction","Blade Dance","Slice"],"picked":"SKIP","floor":13},{"not_picked":["Prepared","Dagger Throw","Riddle With Holes"],"picked":"SKIP","floor":14}],"player_experience":306911,"relics_obtained":[{"floor":7,"key":"Bird Faced Urn"},{"floor":9,"key":"Mango"},{"floor":11,"key":"Blue Candle"}],"event_choices":[{"damage_healed":0,"gold_gain":0,"player_choice":"Success","damage_taken":7,"relics_obtained":["Peace Pipe"],"max_hp_gain":0,"max_hp_loss":0,"event_name":"Scrap Ooze","floor":2,"gold_loss":0},{"damage_healed":0,"gold_gain":0,"player_choice":"Lose Max HP","damage_taken":0,"relics_obtained":["Golden Idol"],"max_hp_gain":0,"max_hp_loss":5,"event_name":"Golden Idol","floor":3,"gold_loss":0}],"is_beta":false,"boss_relics":[],"items_purged_floors":[4],"is_endless":false,"potions_floor_spawned":[5,7,10,12],"killed_by":"Slime Boss","ascension_level":8}