{"gold_per_floor":[213,213,39,60,60,60,101,114,191,222,39,54,54,74,74,170,170,186,207,43,56,3,3],"floor_reached":23,"playtime":2395,"items_purged":["Strike_G","Strike_G"],"score":402,"play_id":"0b425f2d-2b4c-42e3-94a2-c4a177b279d1","local_time":"20190521204442","is_ascension_mode":true,"campfire_choices":[{"data":"Neutralize","floor":6.0,"key":"SMITH"},{"floor":13,"key":"REST"},{"data":"Crippling Poison","floor":15,"key":"SMITH"}],"neow_cost":"NONE","seed_source_timestamp":10565534535300,"circlet_count":0,"master_deck":["AscendersBane","Defend_G","Defend_G+1","Defend_G","Defend_G","Defend_G","Strike_G","Strike_G","Strike_G","Survivor+1","Neutralize+1","Bane","Deadly Poison","Dash","Noxious Fumes","Well Laid Plans","Crippling Poison+1","Caltrops","Dodge and Roll","Cloak And Dagger","Corpse Explosion","PiercingWail","Cloak And Dagger","Blade Dance"],"special_seed":0,"relics":["Ring of the Snake","Golden Idol","War Paint","Shuriken","Ancient Tea Set","HoveringKite","Bag of Marbles"],"potions_floor_usage":[7,12,14,23],"damage_taken":[{"damage":4.0,"enemies":"Jaw Worm","floor":1.0,"turns":5.0},{"damage":3.0,"enemies":"Small Slimes","floor":4.0,"turns":4.0},{"damage":36,"enemies":"Gremlin Nob","floor":7,"turns":4},{"damage":0,"enemies":"2 Louse","floor":8,"turns":3},{"damage":15,"enemies":"3 Sentries","floor":10,"turns":7},{"damage":1,"enemies":"Looter","floor":12,"turns":4},{"damage":0,"enemies":"Lots of Slimes","floor":14,"turns":5},{"damage":7,"enemies":"The Guardian","floor":16,"turns":10},{"damage":24,"enemies":"Chosen","floor":18,"turns":6},{"damage":5,"enemies":"Spheric Guardian","floor":19,"turns":6},{"damage":7,"enemies":"Snake Plant","floor":21,"turns":4},{"damage":18,"enemies":"Book of Stabbing","floor":23,"turns":4}],"seed_played":"-405567212745455252","potions_obtained":[{"floor":1.0,"key":"GamblersBrew"},{"floor":12,"key":"Fire Potion"},{"floor":21,"key":"AttackPotion"}],"is_trial":false,"path_per_floor":["M","?","$","M","?","R","E","M","T","E","$","M","R","M","R","B",null,"M","M","$","M","$","E"],"character_chosen":"THE_SILENT","items_purchased":["Deadly Poison","Dash","Dodge and Roll","Strength Potion","Bag of Marbles","Fire Potion"],"campfire_rested":1,"item_purchase_floors":[3,3,11,11,20,22],"current_hp_per_floor":[55,55,55,52,57,57,21,21,21,6,6,5,24,24,24,17,53,29,24,24,17,17,0],"gold":3,"neow_bonus":"HUNDRED_GOLD","is_prod":false,"is_daily":false,"chose_seed":false,"campfire_upgraded":2,"win_rate":0,"timestamp":1558496682,"path_taken":["M","?","$","M","?","R","E","M","T","E","$","M","R","M","R","BOSS","M","M","$","M","$","E"],"build_version":"2019-01-23","purchased_purges":2,"victory":false,"max_hp_per_floor":[66,60,60,60,65,65,65,65,65,65,65,65,65,65,65,65,65,65,65,65,65,65,65],"card_choices":[{"not_picked":["Blur","Acrobatics"],"picked":"Bane","floor":1.0},{"not_picked":["PiercingWail","Blade Dance"],"picked":"Noxious Fumes","floor":4.0},{"not_picked":["Dash","Blade Dance"],"picked":"Well Laid Plans","floor":7},{"not_picked":["Flying Knee","Terror"],"picked":"Crippling Poison","floor":8},{"not_picked":["Choke","Riddle With Holes"],"picked":"Caltrops","floor":10},{"not_picked":["Acrobatics","Bane"],"picked":"Cloak And Dagger","floor":12},{"not_picked":["Dodge and Roll","Terror","Poisoned Stab"],"picked":"SKIP","floor":14},{"not_picked":["Envenom","Tools of the Trade"],"picked":"Corpse Explosion","floor":16},{"not_picked":["Masterful Stab","Dash"],"picked":"PiercingWail","floor":18},{"not_picked":["Riddle With Holes","Bouncing Flask+1"],"picked":"Cloak And Dagger","floor":19},{"not_picked":["Deadly Poison","Bane"],"picked":"Blade Dance","floor":21}],"player_experience":1424128,"relics_obtained":[{"floor":7,"key":"War Paint"},{"floor":9,"key":"Shuriken"},{"floor":10,"key":"Ancient Tea Set"}],"event_choices":[{"damage_healed":0.0,"max_hp_gain":0.0,"max_hp_loss":6.0,"gold_gain":0.0,"event_name":"Golden Idol","player_choice":"Lose Max HP","floor":2.0,"gold_loss":0.0,"damage_taken":0.0,"relics_obtained":["Golden Idol"]},{"damage_healed":0.0,"max_hp_gain":5.0,"max_hp_loss":0.0,"gold_gain":0.0,"event_name":"Big Fish","player_choice":"Donut","floor":5.0,"gold_loss":0.0,"damage_taken":0.0}],"is_beta":false,"boss_relics":[{"not_picked":["Empty Cage","Ring of the Serpent"],"picked":"HoveringKite"}],"items_purged_floors":[3,11],"is_endless":false,"potions_floor_spawned":[1,12,21],"killed_by":"Book of Stabbing","ascension_level":20}