{"path_per_floor":["M","?","T","M","?","R","E","R","T","?","$","R","M","$","R","B",null,"M","?","M","?","?","R","E","M","T","?","R","$","M","E","R"],"character_chosen":"THE_SILENT","items_purchased":["Bag of Preparation","Panache","Finesse"],"gold_per_floor":[110,110,110,129,129,129,160,160,183,258,38,38,52,52,52,152,152,165,165,181,181,181,181,212,222,298,298,298,1,13,46,46,46],"floor_reached":33,"campfire_rested":6,"playtime":1585,"current_hp_per_floor":[60,60,60,58,65,65,26,49,49,38,38,61,61,61,77,62,73,65,51,35,82,34,66,21,10,10,10,44,44,44,22,58,0],"items_purged":["Regret"],"gold":46,"score":349,"play_id":"0ce1201c-821b-4f46-808b-10399a1aae85","local_time":"20180405021605","is_prod":false,"is_daily":false,"is_ascension_mode":true,"campfire_upgraded":1,"timestamp":1522883765,"path_taken":["M","?","?","M","?","R","E","R","T","?","$","R","M","$","R","BOSS","M","?","?","?","?","R","E","M","T","?","R","$","?","E","R","BOSS"],"build_version":"2018-04-03","purchased_purges":1,"victory":false,"master_deck":["Defend_G+1","Defend_G+1","Defend_G+1","Defend_G+1","Strike_G+1","Strike_G+1","Strike_G+1","Survivor","Neutralize+1","Burst+1","Grand Finale+1","Envenom+1","Bouncing Flask","Catalyst","Poisoned Stab","Slice","Bullet Time","Cloak And Dagger+1","Escape Plan","Mind Blast","Swift Strike","Purity","Madness","Good Instincts","Poisoned Stab+1","Bane","Panache","Finesse","Blur+1","Blade Dance"],"max_hp_per_floor":[70,70,70,70,77,77,77,77,77,77,77,77,77,77,77,77,77,77,82,82,82,82,82,82,82,82,82,82,82,82,82,82,82],"relics":["Astrolabe","Du-Vu Doll","Strawberry","War Paint","Bag of Marbles","Bag of Preparation","Eternal Feather","Bronze Scales","Ninja Scroll","Peace Pipe"],"card_choices":[{"not_picked":["Backflip","Dagger Throw"],"picked":"Bouncing Flask","floor":1},{"not_picked":["Heel Hook","Skewer"],"picked":"Catalyst","floor":4},{"not_picked":["Quick Slash","Bane"],"picked":"Poisoned Stab","floor":7},{"not_picked":["Outmaneuver","Masterful Stab"],"picked":"Slice","floor":13},{"not_picked":["Glass Knife","Storm of Steel"],"picked":"Bullet Time","floor":16},{"not_picked":["Choke","Slice"],"picked":"Cloak And Dagger","floor":18},{"not_picked":["Expertise","PiercingWail"],"picked":"Escape Plan","floor":20},{"not_picked":["Flying Knee","Dagger Throw"],"picked":"Poisoned Stab","floor":24},{"not_picked":["Flying Knee","Flechettes"],"picked":"Bane","floor":25},{"not_picked":["Dash","Dagger Throw"],"picked":"Blur","floor":30},{"not_picked":["Poisoned Stab","Quick Slash"],"picked":"Blade Dance","floor":31}],"player_experience":181825,"potions_floor_usage":[18,25,30,31,33],"damage_taken":[{"damage":10,"enemies":"Cultist","floor":1,"turns":5},{"damage":2,"enemies":"Small Slimes","floor":4,"turns":5},{"damage":39,"enemies":"3 Sentries","floor":7,"turns":16},{"damage":0,"enemies":"Jaw Worm","floor":13,"turns":4},{"damage":15,"enemies":"The Guardian","floor":16,"turns":6},{"damage":8,"enemies":"Chosen","floor":18,"turns":5},{"damage":16,"enemies":"Spheric Guardian","floor":20,"turns":5},{"damage":45,"enemies":"Book of Stabbing","floor":24,"turns":5},{"damage":11,"enemies":"Centurion and Healer","floor":25,"turns":6},{"damage":0,"enemies":"Snake Plant","floor":30,"turns":3},{"damage":22,"enemies":"Slavers","floor":31,"turns":4},{"damage":73,"enemies":"Champ","floor":33,"turns":10}],"event_choices":[{"event_name":"The Cleric","player_choice":"Leave","floor":2,"damage_taken":0},{"event_name":"Big Fish","player_choice":"Box","floor":5,"damage_taken":0},{"event_name":"World of Goop","player_choice":"Gather Gold","floor":10,"damage_taken":0},{"event_name":"Forgotten Altar","player_choice":"Shed Blood","floor":19,"damage_taken":0},{"event_name":"Wheel of Change","player_choice":"Full Heal","floor":21,"damage_taken":0},{"event_name":"Knowing Skull","player_choice":"CARD CARD CARD CARD CARD ","floor":22,"damage_taken":0},{"event_name":"Back to Basics","player_choice":"Simplicity","floor":27,"damage_taken":0}],"boss_relics":[{"not_picked":["Velvet Choker","Pandora\u0027s Box"],"picked":"Eternal Feather"}],"potions_floor_spawned":[7,13,18,24,31],"seed_played":"1210164223050705873","killed_by":"Champ","ascension_level":5,"is_trial":false}