{"gold_per_floor":[211,211,261,276,276,276,287,307,334,334,368,368,287,306,306,381,381,397,397,409,428,442,442,367,377,425,179,195,95,0,12,12,89,89,99,99,99,109,122,122,135,148,171,8,26,26,26,43,43,43],"floor_reached":50,"playtime":2072,"items_purged":["Strike_B","Defend_B"],"score":806,"play_id":"24751329-7f60-4d38-a425-b6262ccc74a1","local_time":"20190526153941","is_ascension_mode":true,"campfire_choices":[{"data":"Dualcast","floor":6.0,"key":"SMITH"},{"data":"Loop","floor":10.0,"key":"SMITH"},{"floor":12.0,"key":"REST"},{"data":"Cold Snap","floor":15.0,"key":"SMITH"},{"floor":23,"key":"REST"},{"floor":32,"key":"REST"},{"floor":40,"key":"REST"},{"data":"Rainbow","floor":47,"key":"SMITH"},{"floor":49,"key":"REST"}],"neow_cost":"NONE","seed_source_timestamp":872792528199875,"circlet_count":0,"master_deck":["AscendersBane","Strike_B","Defend_B","Defend_B","Zap","Dualcast+1","Loop+1","Conserve Battery","Cold Snap+1","Chill","Rainbow+1","Barrage","Melter+1","Reinforced Body+1","Barrage+1","Electrodynamics","Glacier","Loop","Doom and Gloom","Go for the Eyes"],"special_seed":0,"relics":["Cracked Core","Orichalcum","Strawberry","Inserter","DataDisk","Lantern","Black Star","Bag of Preparation","Smiling Mask"],"potions_floor_usage":[22,22,33,39,50],"damage_taken":[{"damage":0.0,"enemies":"2 Louse","floor":1.0,"turns":3.0},{"damage":0.0,"enemies":"Small Slimes","floor":4.0,"turns":3.0},{"damage":0.0,"enemies":"Cultist","floor":7.0,"turns":4.0},{"damage":2.0,"enemies":"Blue Slaver","floor":8.0,"turns":5.0},{"damage":28.0,"enemies":"Gremlin Nob","floor":11.0,"turns":6.0},{"damage":1.0,"enemies":"Exordium Wildlife","floor":14.0,"turns":5.0},{"damage":15.0,"enemies":"Slime Boss","floor":16.0,"turns":12.0},{"damage":5.0,"enemies":"Spheric Guardian","floor":18.0,"turns":4.0},{"damage":13.0,"enemies":"Shell Parasite","floor":20.0,"turns":6.0},{"damage":9.0,"enemies":"Centurion and Healer","floor":21.0,"turns":7.0},{"damage":33,"enemies":"3 Cultists","floor":22,"turns":8},{"damage":19,"enemies":"Chosen and Byrds","floor":25,"turns":7},{"damage":0,"enemies":"Sentry and Sphere","floor":28,"turns":3},{"damage":0,"enemies":"3 Cultists","floor":31,"turns":5},{"damage":18,"enemies":"Champ","floor":33,"turns":10},{"damage":8,"enemies":"3 Shapes","floor":35,"turns":6},{"damage":3,"enemies":"Orb Walker","floor":38,"turns":4},{"damage":15,"enemies":"Transient","floor":39,"turns":5},{"damage":3,"enemies":"4 Shapes","floor":41,"turns":7},{"damage":4,"enemies":"Sphere and 2 Shapes","floor":42,"turns":5},{"damage":9,"enemies":"Transient","floor":45,"turns":5},{"damage":6,"enemies":"4 Shapes","floor":48,"turns":5},{"damage":74,"enemies":"Donu and Deca","floor":50,"turns":6}],"seed_played":"-840171314213389228","potions_obtained":[{"floor":7.0,"key":"SpeedPotion"},{"floor":8.0,"key":"Swift Potion"},{"floor":14.0,"key":"FocusPotion"},{"floor":16.0,"key":"SteroidPotion"},{"floor":20.0,"key":"Dexterity Potion"},{"floor":22,"key":"Fire Potion"},{"floor":38,"key":"SteroidPotion"},{"floor":41,"key":"GamblersBrew"},{"floor":45,"key":"SteroidPotion"}],"is_trial":false,"path_per_floor":["M","?","?","M","?","R","M","M","T","R","E","R","$","M","R","B",null,"M","?","M","M","M","R","?","M","T","$","M","$","?","M","R","B",null,"M","?","?","M","M","R","M","M","T","$","M","?","R","M","R","B"],"character_chosen":"DEFECT","items_purchased":["FocusPotion","Lantern","Glacier","Loop"],"campfire_rested":5,"item_purchase_floors":[13,27,44,44],"current_hp_per_floor":[64,64,64,64,57,57,57,55,55,55,34,57,57,56,56,41,69,64,64,51,42,9,32,32,13,13,13,13,13,13,13,36,18,63,55,55,55,52,37,60,57,53,53,53,44,44,44,38,61,0],"gold":43,"neow_bonus":"HUNDRED_GOLD","is_prod":false,"is_daily":false,"chose_seed":false,"campfire_upgraded":4,"win_rate":0,"timestamp":1558856381,"path_taken":["M","?","?","?","?","R","M","M","T","R","E","R","?","M","R","BOSS","M","?","M","M","M","R","?","M","T","$","M","$","?","M","R","BOSS","M","?","?","M","M","R","M","M","T","$","?","?","R","M","R","BOSS"],"build_version":"2019-01-23","purchased_purges":2,"victory":false,"max_hp_per_floor":[71,71,71,71,71,71,71,71,71,71,78,78,78,78,78,78,78,78,78,78,78,78,78,78,78,78,78,78,78,78,78,78,78,78,78,78,78,78,78,78,78,78,78,78,78,78,78,78,78,78],"card_choices":[{"not_picked":["Rebound","Melter"],"picked":"Loop","floor":1.0},{"not_picked":["Barrage","Steam"],"picked":"Conserve Battery","floor":4.0},{"not_picked":["Conserve Battery","Scrape"],"picked":"Cold Snap","floor":7.0},{"not_picked":["All For One","Coolheaded"],"picked":"Chill","floor":8.0},{"not_picked":["Storm","Reprogram","Auto Shields"],"picked":"SKIP","floor":11.0},{"not_picked":["Hello World","Force Field","Compile Driver"],"picked":"SKIP","floor":14.0},{"not_picked":["Machine Learning","Meteor Strike"],"picked":"Rainbow","floor":16.0},{"not_picked":["Aggregate","Gash"],"picked":"Barrage","floor":18.0},{"not_picked":["FTL","Compile Driver+1","Double Energy"],"picked":"SKIP","floor":20.0},{"not_picked":["Redo","Storm","Coolheaded"],"picked":"SKIP","floor":21.0},{"not_picked":["Steam","Lockon+1"],"picked":"Melter+1","floor":22},{"not_picked":["Scrape","Compile Driver","Steam"],"picked":"SKIP","floor":25},{"not_picked":["Rainbow","Reprogram"],"picked":"Reinforced Body+1","floor":28},{"not_picked":["Go for the Eyes","Stack","Sweeping Beam"],"picked":"SKIP","floor":31},{"not_picked":["Reprogram","Leap","Streamline"],"picked":"SKIP","floor":35},{"not_picked":["Scrape","Turbo","Aggregate"],"picked":"SKIP","floor":38},{"not_picked":["Hello World","Reprogram+1","Lockon+1"],"picked":"SKIP","floor":39},{"not_picked":["Storm","Beam Cell"],"picked":"Barrage+1","floor":41},{"not_picked":["Sweeping Beam+1","Ball Lightning"],"picked":"Electrodynamics","floor":42},{"not_picked":["Sweeping Beam","Beam Cell"],"picked":"Doom and Gloom","floor":45},{"not_picked":["Beam Cell+1","Scrape"],"picked":"Go for the Eyes","floor":48}],"player_experience":602593,"relics_obtained":[{"floor":9.0,"key":"Orichalcum"},{"floor":11.0,"key":"Strawberry"},{"floor":26,"key":"DataDisk"},{"floor":37,"key":"Bag of Preparation"},{"floor":43,"key":"Smiling Mask"}],"event_choices":[{"damage_healed":0.0,"max_hp_gain":0.0,"max_hp_loss":0.0,"gold_gain":0.0,"event_name":"Liars Game","player_choice":"Ignored","floor":2.0,"gold_loss":0.0,"damage_taken":0.0},{"damage_healed":0.0,"max_hp_gain":0.0,"max_hp_loss":0.0,"gold_gain":50.0,"event_name":"Golden Shrine","player_choice":"Pray","floor":3.0,"gold_loss":0.0,"damage_taken":0.0},{"cards_removed":["Strike_B"],"damage_healed":0.0,"max_hp_gain":0.0,"max_hp_loss":0.0,"gold_gain":0.0,"event_name":"Golden Wing","player_choice":"Card Removal","floor":5.0,"gold_loss":0.0,"damage_taken":7.0},{"damage_healed":0.0,"max_hp_gain":0.0,"max_hp_loss":0.0,"gold_gain":0.0,"event_name":"Ghosts","player_choice":"Ignored","floor":19.0,"gold_loss":0.0,"damage_taken":0.0},{"cards_removed":["Defend_B"],"damage_healed":0,"gold_gain":0,"player_choice":"Gave Gold","damage_taken":0,"max_hp_gain":0,"max_hp_loss":0,"event_name":"Beggar","floor":24,"gold_loss":75},{"damage_healed":0,"gold_gain":0,"player_choice":"Paid Fearfully","damage_taken":0,"max_hp_gain":0,"max_hp_loss":0,"event_name":"Masked Bandits","floor":30,"gold_loss":95},{"cards_removed":["Strike_B"],"damage_healed":0,"gold_gain":0,"player_choice":"Removed Attack","damage_taken":0,"max_hp_gain":0,"max_hp_loss":0,"event_name":"Falling","floor":36,"gold_loss":0},{"damage_healed":0,"gold_gain":0,"player_choice":"Relic","damage_taken":0,"max_hp_gain":0,"max_hp_loss":0,"event_name":"Wheel of Change","floor":37,"gold_loss":0},{"damage_healed":0,"gold_gain":0,"player_choice":"Ignored","damage_taken":0,"max_hp_gain":0,"max_hp_loss":0,"event_name":"SecretPortal","floor":46,"gold_loss":0}],"is_beta":false,"boss_relics":[{"not_picked":["Runic Dome","Fusion Hammer"],"picked":"Inserter"},{"not_picked":["Calling Bell","Snecko Eye"],"picked":"Black Star"}],"items_purged_floors":[27,29],"is_endless":false,"potions_floor_spawned":[7,8,14,16,18,20,22,38,41,45,48],"killed_by":"Donu and Deca","ascension_level":16}