{"gold_per_floor":[111,111,172,184,84,111,122,122,148,179,197,222,239,255,255,353,353,370,370,386,4,4],"floor_reached":22,"playtime":1586,"items_purged":[],"score":303,"play_id":"0999217f-5d0b-4d7b-9115-c2c0ba96db35","local_time":"20181009235144","is_ascension_mode":true,"campfire_choices":[{"floor":8,"key":"REST"},{"floor":15,"key":"REST"}],"neow_cost":"NONE","seed_source_timestamp":1426087405107092,"circlet_count":0,"master_deck":["Defend_G+1","Defend_G","Defend_G","Defend_G","Defend_G+1","Survivor","Neutralize","Backstab","Noxious Fumes","Catalyst","Heel Hook","Regret","Predator","Bouncing Flask","Deflect","Poisoned Stab","Footwork","Tools of the Trade","Poisoned Stab","Bite","Bite","Bite","Bite","Bite","Cloak And Dagger","Footwork"],"relics":["Cursed Key","Strawberry","Lantern","Mummified Hand","Pen Nib","Eternal Feather","Thread and Needle"],"potions_floor_usage":[6,10,12,13,16,18,20],"damage_taken":[{"damage":6,"enemies":"Jaw Worm","floor":1,"turns":6},{"damage":3,"enemies":"2 Louse","floor":4,"turns":2},{"damage":16,"enemies":"Gremlin Nob","floor":6,"turns":5},{"damage":6,"enemies":"Small Slimes","floor":7,"turns":4},{"damage":13,"enemies":"3 Sentries","floor":10,"turns":7},{"damage":0,"enemies":"2 Fungi Beasts","floor":11,"turns":3},{"damage":13,"enemies":"Lagavulin","floor":12,"turns":4},{"damage":0,"enemies":"Red Slaver","floor":13,"turns":3},{"damage":0,"enemies":"3 Louse","floor":14,"turns":2},{"damage":31,"enemies":"Slime Boss","floor":16,"turns":11},{"damage":37,"enemies":"3 Byrds","floor":18,"turns":6},{"damage":18,"enemies":"Chosen","floor":20,"turns":5},{"damage":24,"enemies":"Shelled Parasite and Fungi","floor":22,"turns":3}],"seed_played":"398565454271017901","potions_obtained":[{"floor":7,"key":"Strength Potion"},{"floor":10,"key":"SneckoOil"},{"floor":12,"key":"Poison Potion"},{"floor":16,"key":"Strength Potion"},{"floor":18,"key":"Dexterity Potion"}],"is_trial":false,"path_per_floor":["M","?","?","M","$","E","M","R","T","E","M","E","M","M","R","B",null,"M","?","M","$"],"character_chosen":"THE_SILENT","items_purchased":["Weak Potion","Weak Potion","Thread and Needle","Footwork"],"campfire_rested":2,"item_purchase_floors":[5,5,21,21],"current_hp_per_floor":[57,43,43,40,40,31,25,48,48,35,35,22,22,22,45,14,61,24,24,16,16,0],"gold":4,"neow_bonus":"BOSS_RELIC","is_prod":false,"is_daily":false,"chose_seed":false,"campfire_upgraded":0,"win_rate":0,"timestamp":1539118304,"path_taken":["M","?","?","M","$","E","M","R","T","E","M","E","M","?","R","BOSS","M","?","?","$","M"],"build_version":"2018-10-08","purchased_purges":0,"victory":false,"max_hp_per_floor":[70,70,70,70,70,77,77,77,77,77,77,77,77,77,77,77,77,77,53,53,53,53],"card_choices":[{"not_picked":["PiercingWail","Heel Hook"],"picked":"Backstab","floor":1},{"not_picked":["Deadly Poison","Outmaneuver"],"picked":"Noxious Fumes","floor":4},{"not_picked":["Underhanded Strike","Tactician"],"picked":"Catalyst","floor":6},{"not_picked":["Flying Knee","Sucker Punch"],"picked":"Heel Hook","floor":7},{"not_picked":["Concentrate","Slice"],"picked":"Predator","floor":10},{"not_picked":["Escape Plan","Slice"],"picked":"Bouncing Flask","floor":11},{"not_picked":["Endless Agony","Underhanded Strike"],"picked":"Deflect","floor":12},{"not_picked":["Well Laid Plans","Deflect"],"picked":"Poisoned Stab","floor":13},{"not_picked":["Dagger Spray","Malaise"],"picked":"Footwork","floor":14},{"not_picked":["Adrenaline","Bullet Time"],"picked":"Tools of the Trade","floor":16},{"not_picked":["Calculated Gamble","Outmaneuver"],"picked":"Poisoned Stab","floor":18},{"not_picked":["Flying Knee","Masterful Stab"],"picked":"Cloak And Dagger","floor":20}],"player_experience":250878,"relics_obtained":[{"floor":6,"key":"Strawberry"},{"floor":9,"key":"Lantern"},{"floor":10,"key":"Mummified Hand"},{"floor":12,"key":"Pen Nib"}],"event_choices":[{"event_name":"Shining Light","player_choice":"Entered Light","floor":2,"damage_taken":0},{"event_name":"Golden Wing","player_choice":"Gained Gold","floor":3,"damage_taken":0},{"event_name":"Vampires","player_choice":"Became a vampire","floor":19,"damage_taken":0}],"is_beta":true,"boss_relics":[{"not_picked":["Orrery","Snecko Eye"],"picked":"Eternal Feather"}],"items_purged_floors":[],"is_endless":false,"potions_floor_spawned":[7,10,12,16,18],"killed_by":"Shelled Parasite and Fungi","ascension_level":7}