{"gold_per_floor":[118,193,36,36,59,100,100,134,134,134,147,181,181,225,225,321,321,339,173,298,54,54,92,112,143,143,179,197,228,228,143,143,239,239,255,43,62,62,85,85,116,116,116,149,149,187,200,219,219,219,219],"floor_reached":51,"playtime":3626,"items_purged":[],"score":1974,"play_id":"36572914-28ee-45d0-8d46-5b4520ce8130","local_time":"20190526025323","is_ascension_mode":true,"campfire_choices":[{"floor":7,"key":"REST"},{"floor":10,"key":"REST"},{"data":"Bludgeon","floor":13,"key":"SMITH"},{"data":"Uppercut","floor":15,"key":"SMITH"},{"data":"Combust","floor":30,"key":"SMITH"},{"data":"Metallicize","floor":32,"key":"SMITH"},{"data":"Immolate","floor":40,"key":"SMITH"},{"data":"Rupture","floor":42,"key":"SMITH"},{"data":"Bash","floor":49,"key":"SMITH"}],"neow_cost":"TEN_PERCENT_HP_LOSS","seed_source_timestamp":0,"circlet_count":0,"master_deck":["AscendersBane","Strike_R","Strike_R","Strike_R","Strike_R","Strike_R","Defend_R+1","Defend_R","Defend_R","Defend_R","Bash+1","Bludgeon+1","Flex+1","Injury","Uppercut+1","Offering+1","Metallicize+1","Shrug It Off+1","Flame Barrier+1","Combust+1","Immolate+1","Armaments+1","Flex+1","Infernal Blade+1","Shrug It Off+1","Double Tap+1","Thunderclap","Shrug It Off+1","Pommel Strike+1","Impervious+1","True Grit+1","Power Through+1","Rupture+1","Exhume+1","Shrug It Off+1"],"special_seed":0,"relics":["Burning Blood","PreservedInsect","Golden Idol","Toxic Egg 2","Letter Opener","Gremlin Horn","Pear","Thread and Needle","Sozu","Regal Pillow","Magic Flower","Kunai","Strawberry","War Paint","StoneCalendar","Meat on the Bone","FossilizedHelix","Incense Burner","Mercury Hourglass","Runic Cube","ClockworkSouvenir","Question Card","Boot","Shuriken","Unceasing Top"],"potions_floor_usage":[12,27,50],"damage_taken":[{"damage":9.0,"enemies":"Small Slimes","floor":1.0,"turns":3.0},{"damage":15.0,"enemies":"2 Louse","floor":5.0,"turns":4.0},{"damage":36,"enemies":"Gremlin Nob","floor":6,"turns":4},{"damage":6,"enemies":"Lagavulin","floor":8,"turns":3},{"damage":0,"enemies":"Cultist","floor":11,"turns":3},{"damage":6,"enemies":"Gremlin Nob","floor":12,"turns":2},{"damage":8,"enemies":"3 Sentries","floor":14,"turns":6},{"damage":24,"enemies":"Slime Boss","floor":16,"turns":7},{"damage":0,"enemies":"Chosen","floor":18,"turns":3},{"damage":6,"enemies":"Colosseum Slavers","floor":20,"turns":2},{"damage":18,"enemies":"Colosseum Nobs","floor":20,"turns":4},{"damage":12,"enemies":"Slavers","floor":23,"turns":2},{"damage":15,"enemies":"Shell Parasite","floor":24,"turns":2},{"damage":6,"enemies":"Gremlin Leader","floor":25,"turns":4},{"damage":16,"enemies":"Slavers","floor":27,"turns":3},{"damage":1,"enemies":"Cultist and Chosen","floor":28,"turns":7},{"damage":8,"enemies":"Book of Stabbing","floor":29,"turns":3},{"damage":0,"enemies":"Automaton","floor":33,"turns":7},{"damage":28,"enemies":"3 Darklings","floor":35,"turns":3},{"damage":0,"enemies":"3 Shapes","floor":37,"turns":1},{"damage":33,"enemies":"Transient","floor":39,"turns":6},{"damage":16,"enemies":"Nemesis","floor":41,"turns":5},{"damage":0,"enemies":"Reptomancer","floor":44,"turns":2},{"damage":2,"enemies":"Nemesis","floor":46,"turns":5},{"damage":0,"enemies":"Maw","floor":47,"turns":5},{"damage":18,"enemies":"Spire Growth","floor":48,"turns":5},{"damage":78,"enemies":"Donu and Deca","floor":50,"turns":10},{"damage":38,"enemies":"Awakened One","floor":51,"turns":6}],"seed_played":"-6564321670092583386","potions_obtained":[{"floor":8,"key":"Regen Potion"},{"floor":11,"key":"AttackPotion"},{"floor":14,"key":"BloodPotion"}],"is_trial":false,"path_per_floor":["M","?","$","?","M","E","R","E","T","R","M","E","R","E","R","B",null,"M","$","?","$","?","E","M","E","T","E","M","E","R","?","R","B",null,"M","$","M","?","M","R","E","R","T","E","?","E","M","M","R","B","B"],"character_chosen":"IRONCLAD","items_purchased":["PreservedInsect","Regal Pillow","Strawberry","Infernal Blade+1","ClockworkSouvenir"],"campfire_rested":2,"item_purchase_floors":[3,19,21,21,36],"current_hp_per_floor":[65,54,54,54,45,15,35,35,35,55,61,71,71,69,69,51,71,77,77,65,72,72,69,63,66,66,73,81,82,82,82,82,85,85,66,66,75,75,69,69,62,62,62,71,71,78,85,76,76,37,0],"gold":219,"neow_bonus":"THREE_RARE_CARDS","is_prod":false,"is_daily":false,"chose_seed":false,"campfire_upgraded":7,"win_rate":0,"timestamp":1558828403,"path_taken":["M","?","$","?","M","E","R","E","T","R","M","E","R","E","R","BOSS","M","$","?","$","?","E","M","E","T","E","M","E","R","?","R","BOSS","M","$","M","?","?","R","E","R","T","E","?","E","M","M","R","BOSS","BOSS"],"build_version":"2019-01-23","purchased_purges":0,"victory":false,"max_hp_per_floor":[68,68,68,68,68,68,68,68,68,68,68,78,78,78,78,78,78,78,78,78,85,85,85,85,85,85,85,85,85,85,85,85,85,85,85,85,85,85,85,85,85,85,85,85,85,85,85,85,85,85,85],"card_choices":[{"not_picked":["Offering","Brutality"],"picked":"Bludgeon","floor":0.0},{"not_picked":["Warcry","Havoc"],"picked":"Flex","floor":1.0},{"not_picked":["Warcry","Sword Boomerang"],"picked":"Uppercut","floor":5.0},{"not_picked":["Body Slam","Entrench"],"picked":"Offering","floor":6},{"not_picked":["Anger","Pommel Strike"],"picked":"Metallicize","floor":8},{"not_picked":["Pommel Strike","Perfected Strike"],"picked":"Shrug It Off+1","floor":11},{"not_picked":["Dark Embrace","Anger"],"picked":"Flame Barrier+1","floor":12},{"not_picked":["Shockwave+1","Twin Strike"],"picked":"Combust","floor":14},{"not_picked":["Barricade","Fiend Fire"],"picked":"Immolate","floor":16},{"not_picked":["Thunderclap","Clash"],"picked":"Armaments+1","floor":18},{"not_picked":["Body Slam","Feel No Pain"],"picked":"Flex+1","floor":20},{"not_picked":["Perfected Strike","Clothesline"],"picked":"Shrug It Off+1","floor":23},{"not_picked":["Cleave","Anger","Blood for Blood"],"picked":"SKIP","floor":24},{"not_picked":["Feed","Shockwave+1"],"picked":"Double Tap+1","floor":25},{"not_picked":["Anger","Cleave"],"picked":"Thunderclap","floor":27},{"not_picked":["Sever Soul","Pommel Strike"],"picked":"Shrug It Off+1","floor":28},{"not_picked":["Brutality","Hemokinesis"],"picked":"Pommel Strike","floor":29},{"not_picked":["Reaper","Bludgeon"],"picked":"Impervious+1","floor":33},{"not_picked":["Twin Strike","Headbutt"],"picked":"True Grit+1","floor":35},{"not_picked":["Anger","Perfected Strike+1"],"picked":"Power Through+1","floor":37},{"not_picked":["Flex+1","Second Wind+1","Armaments+1"],"picked":"SKIP","floor":39},{"not_picked":["Armaments+1","Perfected Strike+1"],"picked":"Rupture","floor":41},{"not_picked":["Burning Pact+1","Anger","Cleave","Entrench+1"],"picked":"SKIP","floor":44},{"not_picked":["Sword Boomerang+1","Hemokinesis+1","Pommel Strike"],"picked":"Exhume+1","floor":46},{"not_picked":["Reckless Charge","Warcry+1","Perfected Strike+1"],"picked":"Shrug It Off+1","floor":47},{"not_picked":["Havoc+1","True Grit+1","Berserk","Clothesline"],"picked":"SKIP","floor":48}],"player_experience":519875,"relics_obtained":[{"floor":6,"key":"Toxic Egg 2"},{"floor":8,"key":"Letter Opener"},{"floor":9,"key":"Gremlin Horn"},{"floor":12,"key":"Pear"},{"floor":14,"key":"Thread and Needle"},{"floor":20,"key":"Magic Flower"},{"floor":20,"key":"Kunai"},{"floor":23,"key":"War Paint"},{"floor":25,"key":"StoneCalendar"},{"floor":26,"key":"Meat on the Bone"},{"floor":27,"key":"FossilizedHelix"},{"floor":29,"key":"Incense Burner"},{"floor":41,"key":"Question Card"},{"floor":43,"key":"Boot"},{"floor":44,"key":"Shuriken"},{"floor":46,"key":"Unceasing Top"}],"event_choices":[{"damage_healed":0.0,"max_hp_gain":0.0,"max_hp_loss":0.0,"gold_gain":75.0,"event_name":"World of Goop","player_choice":"Gather Gold","floor":2.0,"gold_loss":0.0,"damage_taken":11.0},{"damage_healed":0.0,"max_hp_gain":0.0,"max_hp_loss":0.0,"gold_gain":0.0,"event_name":"Golden Idol","player_choice":"Take Wound","floor":4.0,"gold_loss":0.0,"damage_taken":0.0,"relics_obtained":["Golden Idol"],"cards_obtained":["Injury"]},{"damage_healed":0,"gold_gain":0,"player_choice":"Fight","damage_taken":0,"max_hp_gain":0,"max_hp_loss":0,"event_name":"Colosseum","floor":20,"gold_loss":0},{"damage_healed":0,"gold_gain":0,"player_choice":"Fought Nobs","damage_taken":0,"max_hp_gain":0,"max_hp_loss":0,"event_name":"Colosseum","floor":20,"gold_loss":0},{"damage_healed":0,"gold_gain":0,"player_choice":"Ignored","damage_taken":0,"max_hp_gain":0,"max_hp_loss":0,"event_name":"Ghosts","floor":22,"gold_loss":0},{"damage_healed":0,"gold_gain":0,"player_choice":"Obtained Relic","damage_taken":0,"relics_obtained":["Mercury Hourglass"],"max_hp_gain":0,"max_hp_loss":0,"event_name":"Addict","floor":31,"gold_loss":85},{"damage_healed":0,"gold_gain":0,"player_choice":"Upgraded","damage_taken":0,"max_hp_gain":0,"max_hp_loss":0,"event_name":"Upgrade Shrine","floor":38,"gold_loss":0,"cards_upgraded":["Pommel Strike"]},{"damage_healed":0,"gold_gain":0,"player_choice":"Ignored","damage_taken":0,"max_hp_gain":0,"max_hp_loss":0,"event_name":"Tomb of Lord Red Mask","floor":45,"gold_loss":0}],"is_beta":false,"boss_relics":[{"not_picked":["Empty Cage","Busted Crown"],"picked":"Sozu"},{"not_picked":["Coffee Dripper","Philosopher\u0027s Stone"],"picked":"Runic Cube"}],"items_purged_floors":[],"is_endless":false,"potions_floor_spawned":[8,11,14,18,20,24,29,33,39,44,47,48],"killed_by":"Awakened One","ascension_level":20}