{"gold_per_floor":[109,8,8,8,21,21,54,54,77,77,109,7,22,55,55,126,126,136,15,15,15,15,15,15,15,39,39,55,5,15,30,30,101,101,114,124,34,34,8,8,41,41,41,59,23,123,143,158,158,158],"floor_reached":51,"playtime":2436,"items_purged":["Writhe","Strike_G","Strike_G","Pain"],"score":1146,"play_id":"f1dcaece-79d2-47b2-b751-b8216e2631e7","local_time":"20190514203802","is_ascension_mode":true,"campfire_choices":[{"data":"Adrenaline","floor":6,"key":"SMITH"},{"floor":8,"key":"REST"},{"data":"Noxious Fumes","floor":10,"key":"SMITH"},{"floor":15,"key":"REST"},{"data":"Envenom","floor":23,"key":"SMITH"},{"data":"Footwork","floor":25,"key":"SMITH"},{"data":"Well Laid Plans","floor":27,"key":"SMITH"},{"floor":32,"key":"REST"},{"data":"Footwork","floor":40,"key":"SMITH"},{"floor":42,"key":"REST"},{"floor":49,"key":"REST"}],"neow_cost":"CURSE","seed_source_timestamp":1479078836441100,"circlet_count":0,"master_deck":["AscendersBane","Defend_G","Defend_G","Defend_G","Defend_G+1","Strike_G+1","Survivor","Neutralize","PiercingWail","Adrenaline+1","Noxious Fumes+1","Well Laid Plans+1","Die Die Die","Envenom+1","Backflip+1","Footwork+1","Endless Agony","Expertise","Necronomicurse","Footwork+1","Leg Sweep+1","Dark Shackles","Mind Blast","Backflip","Noxious Fumes+1","Leg Sweep"],"relics":["Ring of the Snake","Mango","Pen Nib","Bronze Scales","Smiling Mask","Juzu Bracelet","Busted Crown","WarpedTongs","Necronomicon","Orichalcum","Sozu","Happy Flower","Shuriken"],"potions_floor_usage":[7,14,14,18,33,35,35],"damage_taken":[{"damage":0,"enemies":"2 Louse","floor":1,"turns":5},{"damage":3,"enemies":"Cultist","floor":5,"turns":4},{"damage":40,"enemies":"Gremlin Nob","floor":7,"turns":5},{"damage":14,"enemies":"3 Sentries","floor":11,"turns":7},{"damage":0,"enemies":"Small Slimes","floor":13,"turns":4},{"damage":0,"enemies":"Lagavulin","floor":14,"turns":8},{"damage":20,"enemies":"The Guardian","floor":16,"turns":11},{"damage":1,"enemies":"2 Thieves","floor":18,"turns":4},{"damage":6,"enemies":"Shell Parasite","floor":28,"turns":5},{"damage":3,"enemies":"Centurion and Healer","floor":30,"turns":5},{"damage":7,"enemies":"3 Cultists","floor":31,"turns":5},{"damage":16,"enemies":"Collector","floor":33,"turns":12},{"damage":10,"enemies":"Orb Walker","floor":35,"turns":4},{"damage":1,"enemies":"3 Darklings","floor":36,"turns":6},{"damage":2,"enemies":"Reptomancer","floor":41,"turns":10},{"damage":2,"enemies":"Transient","floor":44,"turns":5},{"damage":0,"enemies":"4 Shapes","floor":47,"turns":4},{"damage":10,"enemies":"Jaw Worm Horde","floor":48,"turns":5},{"damage":12,"enemies":"Donu and Deca","floor":50,"turns":11}],"seed_played":"-7072640968375504800","potions_obtained":[{"floor":5,"key":"PowerPotion"},{"floor":13,"key":"Weak Potion"},{"floor":16,"key":"AttackPotion"},{"floor":28,"key":"FearPotion"},{"floor":30,"key":"SkillPotion"},{"floor":33,"key":"AttackPotion"}],"is_trial":false,"path_per_floor":["M","$","?","?","M","R","E","R","T","R","E","$","M","E","R","B",null,"M","$","?","?","?","R","?","R","T","R","M","$","M","M","R","B",null,"M","M","?","?","$","R","E","R","T","M","$","?","M","M","R","B",null],"character_chosen":"THE_SILENT","items_purchased":["PiercingWail","Explosive Potion","Footwork","Backflip","Leg Sweep"],"campfire_rested":5,"item_purchase_floors":[2,12,19,39,45],"current_hp_per_floor":[77,77,60,60,57,57,17,42,42,42,28,28,28,28,53,33,71,70,70,70,70,54,54,54,54,54,54,48,48,45,38,63,47,75,65,64,64,54,54,54,52,77,77,75,75,75,75,65,84,72],"gold":158,"neow_bonus":"ONE_RARE_RELIC","is_prod":false,"is_daily":false,"chose_seed":false,"campfire_upgraded":6,"win_rate":0,"timestamp":1557891482,"path_taken":["M","$","?","?","M","R","E","R","T","R","E","$","M","E","R","BOSS","M","?","?","?","?","R","?","R","T","R","M","$","M","M","R","BOSS","M","M","?","?","$","R","E","R","T","M","$","?","M","M","R","BOSS"],"build_version":"2019-01-23","purchased_purges":4,"victory":true,"max_hp_per_floor":[84,84,84,84,84,84,84,84,84,84,84,84,84,84,84,84,84,84,84,84,84,84,84,84,84,84,84,84,84,84,84,84,84,84,84,84,84,84,84,84,84,84,84,84,84,84,84,84,84,84],"card_choices":[{"not_picked":["Bane","Reflex","Sucker Punch"],"picked":"SKIP","floor":1},{"not_picked":["Calculated Gamble","Slice","Poisoned Stab"],"picked":"SKIP","floor":5},{"not_picked":["Calculated Gamble","Slice","Poisoned Stab"],"picked":"SKIP","floor":5},{"not_picked":["Backflip","Quick Slash"],"picked":"Noxious Fumes","floor":7},{"not_picked":["Caltrops","Cloak And Dagger"],"picked":"Well Laid Plans","floor":11},{"not_picked":["Underhanded Strike","Caltrops","Dagger Spray"],"picked":"SKIP","floor":13},{"not_picked":["Poisoned Stab","Dodge and Roll"],"picked":"Die Die Die","floor":14},{"not_picked":["Adrenaline","Grand Finale"],"picked":"Envenom","floor":16},{"not_picked":[],"picked":"Backflip","floor":18},{"not_picked":["Dagger Throw"],"picked":"SKIP","floor":28},{"not_picked":["Riddle With Holes"],"picked":"SKIP","floor":30},{"not_picked":["Accuracy"],"picked":"SKIP","floor":31},{"not_picked":[],"picked":"Leg Sweep+1","floor":35},{"not_picked":["Underhanded Strike"],"picked":"SKIP","floor":36},{"not_picked":[],"picked":"Dark Shackles","floor":38},{"not_picked":[],"picked":"Mind Blast","floor":38},{"not_picked":["Slice"],"picked":"SKIP","floor":41},{"not_picked":[],"picked":"Noxious Fumes+1","floor":44},{"not_picked":["Sucker Punch+1"],"picked":"SKIP","floor":47},{"not_picked":["Accuracy+1"],"picked":"SKIP","floor":48}],"player_experience":390835,"relics_obtained":[{"floor":7,"key":"Pen Nib"},{"floor":9,"key":"Bronze Scales"},{"floor":11,"key":"Smiling Mask"},{"floor":14,"key":"Juzu Bracelet"},{"floor":22,"key":"Necronomicon"},{"floor":26,"key":"Orichalcum"},{"floor":41,"key":"Happy Flower"},{"floor":43,"key":"Shuriken"}],"event_choices":[{"damage_healed":0,"gold_gain":0,"player_choice":"Entered Light","damage_taken":17,"max_hp_gain":0,"max_hp_loss":0,"event_name":"Shining Light","floor":3,"gold_loss":0,"cards_upgraded":["Defend_G","Strike_G"]},{"damage_healed":0,"gold_gain":0,"player_choice":"1 cards matched","damage_taken":0,"max_hp_gain":0,"max_hp_loss":0,"event_name":"Match and Keep!","floor":4,"gold_loss":0,"cards_obtained":["Adrenaline"]},{"damage_healed":0,"gold_gain":0,"cards_transformed":["Defend_G","Strike_G"],"player_choice":"Became Test Subject","damage_taken":0,"max_hp_gain":0,"max_hp_loss":0,"event_name":"Drug Dealer","floor":20,"gold_loss":0,"cards_obtained":["Endless Agony","Expertise"]},{"damage_healed":0,"gold_gain":0,"player_choice":"Rummage","damage_taken":0,"relics_obtained":["WarpedTongs"],"max_hp_gain":0,"max_hp_loss":0,"event_name":"Accursed Blacksmith","floor":21,"gold_loss":0,"cards_obtained":["Pain"]},{"damage_healed":0,"gold_gain":0,"player_choice":"Obtained Book","damage_taken":16,"max_hp_gain":0,"max_hp_loss":0,"event_name":"Cursed Tome","floor":22,"gold_loss":0},{"damage_healed":0,"gold_gain":0,"player_choice":"Read","damage_taken":0,"max_hp_gain":0,"max_hp_loss":0,"event_name":"The Library","floor":24,"gold_loss":0,"cards_obtained":["Footwork"]},{"cards_removed":["Strike_G"],"damage_healed":0,"gold_gain":0,"player_choice":"Upgrade and Remove","damage_taken":0,"max_hp_gain":0,"max_hp_loss":0,"event_name":"Designer","floor":37,"gold_loss":90,"cards_upgraded":["Backflip"]},{"damage_healed":0,"gold_gain":0,"player_choice":"Memory 3","damage_taken":10,"max_hp_gain":0,"max_hp_loss":0,"event_name":"SensoryStone","floor":38,"gold_loss":0},{"damage_healed":0,"gold_gain":100,"player_choice":"Pray","damage_taken":0,"max_hp_gain":0,"max_hp_loss":0,"event_name":"Golden Shrine","floor":46,"gold_loss":0}],"is_beta":false,"boss_relics":[{"not_picked":["HoveringKite","Runic Dome"],"picked":"Busted Crown"},{"not_picked":["Velvet Choker","Astrolabe"],"picked":"Sozu"}],"items_purged_floors":[2,12,19,29],"is_endless":false,"potions_floor_spawned":[5,13,16,28,30,33,36,41,47],"ascension_level":13}