{"gold_per_floor":[363,379,391,407,423,453,453,6,6,33,52,52,227,302,302,397,397,410,13,47,47,66,66,93,106,177,177,210,210,270,270,270,367,367,384,436,658,658,668,668,680,680,680,699,175,507,519,536,536,536],"floor_reached":51,"playtime":4153,"items_purged":["Doubt","Parasite"],"score":1158,"play_id":"8369e2da-28ca-493c-8756-918e96f4bb4d","local_time":"20190524165423","is_ascension_mode":true,"campfire_choices":[{"floor":7,"key":"REST"},{"floor":12,"key":"REST"},{"data":"Mayhem","floor":15,"key":"SMITH"},{"floor":23,"key":"REST"},{"floor":27,"key":"REST"},{"floor":29,"key":"REST"},{"floor":32,"key":"REST"},{"floor":40,"key":"REST"},{"floor":42,"key":"REST"},{"floor":49,"key":"REST"}],"neow_cost":"PERCENT_DAMAGE","seed_source_timestamp":172731855867571,"circlet_count":0,"master_deck":["Strike_B","Strike_B","Strike_B","Defend_B","Defend_B","Defend_B","Defend_B","Zap","Dualcast","Ball Lightning","Conserve Battery","Sweeping Beam","Conserve Battery","Go for the Eyes","Core Surge","Mayhem+1","Auto Shields","Go for the Eyes","Electrodynamics","Go for the Eyes","Conserve Battery","Mayhem","Conserve Battery","Tempest+1","Machine Learning","Beam Cell","Beam Cell+1","Stack","Hyperbeam","Auto Shields+1","FTL+1","Conserve Battery+1","Static Discharge","Thunder Strike","Cold Snap","Sweeping Beam","Chaos+1","Defragment","Sweeping Beam","Chill+1","Ball Lightning","Sadistic Nature","Ball Lightning","Static Discharge","White Noise+1","Leap+1","Ball Lightning+1","Conserve Battery+1","Thunder Strike"],"relics":["FrozenCore","Symbiotic Virus","Membership Card","Meat on the Bone","Prayer Wheel","Letter Opener","Black Star","PreservedInsect","Lantern","Frozen Eye","Red Mask","Turnip","Bag of Marbles","Toxic Egg 2","Matryoshka","Pantograph","Tiny Chest","Kunai","Nilry\u0027s Codex","Peace Pipe","Pen Nib","Cables","Mercury Hourglass","Strawberry","Cauldron","Old Coin","Boot"],"potions_floor_usage":[5,10,16,16,24,36,39,44,46,46,48],"damage_taken":[{"damage":1,"enemies":"Cultist","floor":1,"turns":3},{"damage":2,"enemies":"Jaw Worm","floor":2,"turns":3},{"damage":0,"enemies":"Small Slimes","floor":3,"turns":3},{"damage":5,"enemies":"2 Fungi Beasts","floor":4,"turns":3},{"damage":7,"enemies":"Exordium Thugs","floor":5,"turns":4},{"damage":25,"enemies":"Lagavulin","floor":6,"turns":6},{"damage":11,"enemies":"3 Sentries","floor":10,"turns":7},{"damage":3,"enemies":"Blue Slaver","floor":11,"turns":3},{"damage":35,"enemies":"Hexaghost","floor":16,"turns":10},{"damage":23,"enemies":"Spheric Guardian","floor":18,"turns":5},{"damage":13,"enemies":"Masked Bandits","floor":20,"turns":3},{"damage":0,"enemies":"3 Byrds","floor":22,"turns":4},{"damage":19,"enemies":"Slavers","floor":24,"turns":3},{"damage":0,"enemies":"Centurion and Healer","floor":25,"turns":5},{"damage":16,"enemies":"Book of Stabbing","floor":28,"turns":4},{"damage":10,"enemies":"Slavers","floor":30,"turns":3},{"damage":17,"enemies":"Champ","floor":33,"turns":11},{"damage":0,"enemies":"3 Shapes","floor":35,"turns":4},{"damage":36,"enemies":"2 Orb Walkers","floor":36,"turns":4},{"damage":27,"enemies":"3 Darklings","floor":39,"turns":5},{"damage":12,"enemies":"Writhing Mass","floor":41,"turns":8},{"damage":37,"enemies":"Maw","floor":44,"turns":8},{"damage":26,"enemies":"Nemesis","floor":46,"turns":7},{"damage":0,"enemies":"3 Darklings","floor":47,"turns":5},{"damage":23,"enemies":"Spire Growth","floor":48,"turns":5},{"damage":93,"enemies":"Time Eater","floor":50,"turns":10}],"seed_played":"6481069778644035051","potions_obtained":[{"floor":2,"key":"SteroidPotion"},{"floor":10,"key":"EssenceOfSteel"},{"floor":11,"key":"FearPotion"},{"floor":20,"key":"Explosive Potion"},{"floor":24,"key":"GamblersBrew"},{"floor":33,"key":"AttackPotion"},{"floor":36,"key":"Fire Potion"},{"floor":41,"key":"SteroidPotion"},{"floor":45,"key":"FairyPotion"},{"floor":45,"key":"Fruit Juice"},{"floor":45,"key":"PowerPotion"},{"floor":46,"key":"Block Potion"}],"is_trial":false,"path_per_floor":["M","M","M","M","M","E","R","$","T","E","M","R","?","?","R","B",null,"M","$","?","?","M","R","E","M","T","R","E","R","E","?","R","B",null,"M","?","?","?","M","R","M","R","T","M","$","E","M","M","R","B",null],"character_chosen":"DEFECT","items_purchased":["Membership Card","Meat on the Bone","Regen Potion","Mayhem","PreservedInsect","Lantern","Frozen Eye","Mayhem","Conserve Battery","Mercury Hourglass","Strawberry","Sadistic Nature","Ball Lightning","Static Discharge","White Noise+1","Cauldron"],"campfire_rested":9,"item_purchase_floors":[8,8,8,8,19,19,19,19,19,45,45,45,45,45,45,45],"current_hp_per_floor":[49,47,47,42,35,10,32,32,32,48,45,67,67,56,56,33,65,42,42,41,41,41,63,44,44,44,66,50,72,62,46,68,58,71,71,47,47,47,32,54,42,64,64,39,46,37,49,38,63,20],"gold":536,"neow_bonus":"TWO_FIFTY_GOLD","is_prod":false,"is_daily":false,"chose_seed":false,"campfire_upgraded":1,"win_rate":0,"timestamp":1558706063,"path_taken":["M","?","M","M","M","E","R","$","T","E","?","R","?","?","R","BOSS","M","$","?","?","?","R","E","M","T","R","E","R","E","?","R","BOSS","M","?","?","?","M","R","M","R","T","M","$","E","M","?","R","BOSS"],"build_version":"2019-01-23","purchased_purges":2,"victory":true,"max_hp_per_floor":[75,75,75,75,75,75,75,75,75,75,75,75,75,75,75,75,75,75,75,75,75,75,75,75,75,75,75,75,75,75,75,75,75,75,75,75,75,75,75,75,75,75,75,75,79,84,84,84,84,84],"card_choices":[{"not_picked":["Stack","Gash"],"picked":"Ball Lightning","floor":1},{"not_picked":["Gash","Lockon"],"picked":"Conserve Battery","floor":2},{"not_picked":["Doom and Gloom","Hologram"],"picked":"Sweeping Beam","floor":3},{"not_picked":["Chill","Gash"],"picked":"Conserve Battery","floor":4},{"not_picked":["Sweeping Beam","Undo"],"picked":"Go for the Eyes","floor":5},{"not_picked":["Chill","Loop"],"picked":"Core Surge","floor":6},{"not_picked":["Redo","Sweeping Beam"],"picked":"Auto Shields","floor":10},{"not_picked":["Stack","Gash"],"picked":"Go for the Eyes","floor":11},{"not_picked":["Turbo","Recycle","Reinforced Body"],"picked":"SKIP","floor":11},{"not_picked":["Creative AI","Fission"],"picked":"Electrodynamics","floor":16},{"not_picked":["Streamline","Gash"],"picked":"Go for the Eyes","floor":18},{"not_picked":["Leap","Streamline"],"picked":"Conserve Battery","floor":18},{"not_picked":["Barrage+1","Fusion"],"picked":"Tempest+1","floor":20},{"not_picked":["Consume","Sweeping Beam"],"picked":"Beam Cell+1","floor":22},{"not_picked":["Gash","Turbo+1"],"picked":"Stack","floor":22},{"not_picked":["Scrape","Ball Lightning"],"picked":"Hyperbeam","floor":24},{"not_picked":["Stack+1","Streamline"],"picked":"Auto Shields+1","floor":25},{"not_picked":["Rebound","Go for the Eyes"],"picked":"FTL+1","floor":25},{"not_picked":["Steam+1","Scrape+1"],"picked":"Conserve Battery+1","floor":28},{"not_picked":["Streamline","Turbo+1"],"picked":"Static Discharge","floor":30},{"not_picked":["Seek+1","Meteor Strike"],"picked":"Thunder Strike","floor":33},{"not_picked":["Heatsinks","Turbo+1"],"picked":"Cold Snap","floor":35},{"not_picked":["Hello World","Barrage+1"],"picked":"Sweeping Beam","floor":35},{"not_picked":["Gash+1","Recycle+1"],"picked":"Chaos+1","floor":36},{"not_picked":["Compile Driver+1","Streamline"],"picked":"Defragment","floor":39},{"not_picked":["Aggregate+1","Chill+1"],"picked":"Sweeping Beam","floor":39},{"not_picked":["Aggregate+1","Beam Cell"],"picked":"Chill+1","floor":41},{"not_picked":["Doom and Gloom","Beam Cell","Coolheaded+1"],"picked":"SKIP","floor":41},{"not_picked":["Hyperbeam","BootSequence+1"],"picked":"Ball Lightning","floor":44},{"not_picked":["Gash","Cold Snap","Streamline"],"picked":"SKIP","floor":44},{"not_picked":["Self Repair+1","Sweeping Beam"],"picked":"Leap+1","floor":46},{"not_picked":["Turbo+1","Sweeping Beam+1"],"picked":"Ball Lightning+1","floor":47},{"not_picked":["Steam Power+1","Hologram+1","Reprogram+1"],"picked":"SKIP","floor":47},{"not_picked":["Hologram+1","Beam Cell"],"picked":"Conserve Battery+1","floor":48},{"not_picked":["Barrage+1","Rebound+1"],"picked":"Thunder Strike","floor":48}],"player_experience":487922,"relics_obtained":[{"floor":6,"key":"Symbiotic Virus"},{"floor":9,"key":"Prayer Wheel"},{"floor":10,"key":"Letter Opener"},{"floor":20,"key":"Red Mask"},{"floor":24,"key":"Turnip"},{"floor":24,"key":"Bag of Marbles"},{"floor":26,"key":"Toxic Egg 2"},{"floor":28,"key":"Matryoshka"},{"floor":28,"key":"Pantograph"},{"floor":30,"key":"Tiny Chest"},{"floor":30,"key":"Kunai"},{"floor":31,"key":"Nilry\u0027s Codex"},{"floor":36,"key":"Peace Pipe"},{"floor":43,"key":"Pen Nib"},{"floor":43,"key":"Cables"},{"floor":46,"key":"Old Coin"},{"floor":46,"key":"Boot"}],"event_choices":[{"damage_healed":0,"gold_gain":175,"player_choice":"AGREE","damage_taken":0,"max_hp_gain":0,"max_hp_loss":0,"event_name":"Liars Game","floor":13,"gold_loss":0,"cards_obtained":["Doubt"]},{"damage_healed":0,"gold_gain":75,"player_choice":"Gather Gold","damage_taken":11,"max_hp_gain":0,"max_hp_loss":0,"event_name":"World of Goop","floor":14,"gold_loss":0},{"damage_healed":0,"gold_gain":0,"player_choice":"Fought Bandits","damage_taken":0,"max_hp_gain":0,"max_hp_loss":0,"event_name":"Masked Bandits","floor":20,"gold_loss":0},{"damage_healed":0,"gold_gain":0,"player_choice":"2 cards matched","damage_taken":0,"max_hp_gain":0,"max_hp_loss":0,"event_name":"Match and Keep!","floor":21,"gold_loss":0,"cards_obtained":["Machine Learning","Beam Cell"]},{"damage_healed":0,"gold_gain":0,"player_choice":"Obtained Book","damage_taken":16,"max_hp_gain":0,"max_hp_loss":0,"event_name":"Cursed Tome","floor":31,"gold_loss":0},{"damage_healed":0,"gold_gain":0,"player_choice":"Fight","damage_taken":0,"max_hp_gain":0,"max_hp_loss":0,"event_name":"Mysterious Sphere","floor":36,"gold_loss":0},{"damage_healed":0,"gold_gain":222,"player_choice":"Wore Mask","damage_taken":0,"max_hp_gain":0,"max_hp_loss":0,"event_name":"Tomb of Lord Red Mask","floor":37,"gold_loss":0},{"cards_removed":["Strike_B"],"damage_healed":0,"gold_gain":0,"player_choice":"Removed Attack","damage_taken":0,"max_hp_gain":0,"max_hp_loss":0,"event_name":"Falling","floor":38,"gold_loss":0}],"is_beta":false,"boss_relics":[{"not_picked":["Coffee Dripper","Orrery"],"picked":"Black Star"},{"not_picked":["Busted Crown","Snecko Eye"],"picked":"FrozenCore"}],"items_purged_floors":[19,45],"is_endless":false,"potions_floor_spawned":[2,10,11,20,24,33,36,41,46],"ascension_level":9}