{"gold_per_floor":[113,113,126,179,354,354,366,397,477,0,0,31,49,65,65,139,139,157,157,177,177,197,197,229,229,275,275,293,308,338,348,348,348],"floor_reached":33,"playtime":1650,"items_purged":["Doubt"],"score":531,"play_id":"93d0c0e6-9c55-4fb6-9b54-4c9ce414d5f1","local_time":"20190209170412","is_ascension_mode":true,"campfire_choices":[{"floor":6,"key":"REST"},{"floor":11,"key":"REST"},{"floor":15,"key":"REST"},{"floor":23,"key":"REST"},{"floor":25,"key":"REST"},{"data":"A Thousand Cuts","floor":27,"key":"SMITH"},{"data":"Neutralize","floor":32,"key":"SMITH"}],"neow_cost":"NONE","seed_source_timestamp":1606541744881142,"circlet_count":0,"master_deck":["AscendersBane","Defend_G","Defend_G","Defend_G","Defend_G","Defend_G","Strike_G","Strike_G","Strike_G","Strike_G","Strike_G","Survivor","Neutralize+1","Dagger Spray","Underhanded Strike","Quick Slash","Underhanded Strike","Corpse Explosion","Mind Blast+1","Acrobatics","Die Die Die+1","Underhanded Strike+1","A Thousand Cuts+1","Prepared","Sucker Punch+1","Flying Knee+1","Adrenaline","Prepared","Flying Knee+1","Dagger Spray+1","Tactician"],"relics":["Ring of the Snake","Smiling Mask","Molten Egg 2","Anchor","Pen Nib","Vajra","Eternal Feather","Enchiridion","Ninja Scroll","Juzu Bracelet","Mummified Hand"],"potions_floor_usage":[12,16,16,22,22,24,31,33,33],"damage_taken":[{"damage":1,"enemies":"Small Slimes","floor":1,"turns":3},{"damage":10,"enemies":"2 Louse","floor":3,"turns":3},{"damage":4,"enemies":"Jaw Worm","floor":7,"turns":2},{"damage":54,"enemies":"Gremlin Nob","floor":8,"turns":6},{"damage":5,"enemies":"3 Sentries","floor":12,"turns":5},{"damage":0,"enemies":"3 Louse","floor":13,"turns":2},{"damage":0,"enemies":"Blue Slaver","floor":14,"turns":2},{"damage":34,"enemies":"Hexaghost","floor":16,"turns":8},{"damage":20,"enemies":"Spheric Guardian","floor":18,"turns":4},{"damage":2,"enemies":"Chosen","floor":20,"turns":3},{"damage":13,"enemies":"Shelled Parasite and Fungi","floor":22,"turns":3},{"damage":26,"enemies":"Gremlin Leader","floor":24,"turns":5},{"damage":2,"enemies":"Chosen and Byrds","floor":28,"turns":3},{"damage":8,"enemies":"Snecko","floor":29,"turns":3},{"damage":18,"enemies":"Book of Stabbing","floor":30,"turns":3},{"damage":0,"enemies":"Snake Plant","floor":31,"turns":2},{"damage":71,"enemies":"Automaton","floor":33,"turns":8}],"seed_played":"6066967932172256789","potions_obtained":[{"floor":13,"key":"Poison Potion"},{"floor":14,"key":"LiquidBronze"},{"floor":18,"key":"FearPotion"},{"floor":20,"key":"Block Potion"},{"floor":22,"key":"FearPotion"},{"floor":28,"key":"FearPotion"},{"floor":30,"key":"Swift Potion"},{"floor":31,"key":"Strength Potion"}],"is_trial":false,"path_per_floor":["M","?","M","?","?","R","M","E","T","$","R","E","M","M","R","B",null,"M","?","M","?","M","R","E","R","T","R","M","M","E","M","R","B"],"character_chosen":"THE_SILENT","items_purchased":["Mind Blast+1","Anchor","Pen Nib","PowerPotion"],"campfire_rested":5,"item_purchase_floors":[10,10,10,10],"current_hp_per_floor":[62,67,57,57,57,75,71,17,17,17,39,34,34,34,56,22,62,42,26,24,24,11,48,22,59,59,74,72,64,46,46,64,0],"gold":348,"neow_bonus":"THREE_CARDS","is_prod":false,"is_daily":false,"chose_seed":false,"campfire_upgraded":2,"win_rate":0,"timestamp":1549724652,"path_taken":["M","?","M","?","?","R","M","E","T","$","R","E","M","M","R","BOSS","M","?","M","?","M","R","E","R","T","R","M","M","E","M","R","BOSS"],"build_version":"2019-02-06","purchased_purges":1,"victory":false,"max_hp_per_floor":[70,75,75,75,75,75,75,75,75,75,75,75,75,75,75,75,75,75,75,75,75,75,75,75,75,75,75,75,75,75,75,75,75],"card_choices":[{"not_picked":["Cloak And Dagger","Distraction"],"picked":"Dagger Spray","floor":0},{"not_picked":["Prepared","Acrobatics"],"picked":"Underhanded Strike","floor":1},{"not_picked":["Distraction","Backflip"],"picked":"Quick Slash","floor":3},{"not_picked":["Bane","Crippling Poison"],"picked":"Underhanded Strike","floor":7},{"not_picked":["Dagger Spray","Deadly Poison"],"picked":"Corpse Explosion","floor":8},{"not_picked":["Bane+1","Cloak And Dagger"],"picked":"Acrobatics","floor":12},{"not_picked":["Flying Knee+1","Sucker Punch+1"],"picked":"Die Die Die+1","floor":13},{"not_picked":["Dodge and Roll","Prepared"],"picked":"Underhanded Strike+1","floor":14},{"not_picked":["Malaise","Envenom"],"picked":"A Thousand Cuts","floor":16},{"not_picked":["Outmaneuver","Caltrops"],"picked":"Prepared","floor":18},{"not_picked":["Masterful Stab+1","Dodge and Roll"],"picked":"Sucker Punch+1","floor":20},{"not_picked":["Dodge and Roll","Poisoned Stab+1"],"picked":"Flying Knee+1","floor":22},{"not_picked":["Blade Dance","Flying Knee+1"],"picked":"Adrenaline","floor":24},{"not_picked":["Deflect","Quick Slash+1"],"picked":"Prepared","floor":28},{"not_picked":["Acrobatics","PiercingWail"],"picked":"Flying Knee+1","floor":29},{"not_picked":["Calculated Gamble","Bane+1"],"picked":"Dagger Spray+1","floor":30},{"not_picked":["Blade Dance","Outmaneuver"],"picked":"Tactician","floor":31}],"player_experience":454463,"relics_obtained":[{"floor":8,"key":"Smiling Mask"},{"floor":9,"key":"Molten Egg 2"},{"floor":12,"key":"Vajra"},{"floor":19,"key":"Enchiridion"},{"floor":24,"key":"Ninja Scroll"},{"floor":26,"key":"Juzu Bracelet"},{"floor":30,"key":"Mummified Hand"}],"event_choices":[{"damage_healed":0,"gold_gain":0,"player_choice":"Donut","damage_taken":0,"max_hp_gain":5,"max_hp_loss":0,"event_name":"Big Fish","floor":2,"gold_loss":0},{"damage_healed":0,"gold_gain":53,"player_choice":"Gained Gold","damage_taken":0,"max_hp_gain":0,"max_hp_loss":0,"event_name":"Golden Wing","floor":4,"gold_loss":0},{"damage_healed":0,"gold_gain":175,"player_choice":"AGREE","damage_taken":0,"max_hp_gain":0,"max_hp_loss":0,"event_name":"Liars Game","floor":5,"gold_loss":0,"cards_obtained":["Doubt"]},{"damage_healed":0,"gold_gain":0,"player_choice":"Obtained Book","damage_taken":16,"max_hp_gain":0,"max_hp_loss":0,"event_name":"Cursed Tome","floor":19,"gold_loss":0},{"damage_healed":0,"gold_gain":0,"player_choice":"Ignored","damage_taken":0,"max_hp_gain":0,"max_hp_loss":0,"event_name":"Ghosts","floor":21,"gold_loss":0}],"is_beta":true,"boss_relics":[{"not_picked":["Lizard Tail","Velvet Choker"],"picked":"Eternal Feather"}],"items_purged_floors":[10],"is_endless":false,"potions_floor_spawned":[13,14,18,20,22,28,30,31],"killed_by":"Automaton","ascension_level":13}