{"gold_per_floor":[14,189,203,203,93,93,111,111,111,111,35,59,85,108,108,229,229,248,264,287,302,252,252,265,265,292,312,312,333,333,373,373,504,504,524,545,545,14,29,29,42,66,89,89,89,123,141,154,154,154],"floor_reached":51,"playtime":3162,"items_purged":["Doubt"],"score":1011,"play_id":"451d115f-69cc-40f2-928e-d2b7be997851","local_time":"20190511180054","is_ascension_mode":true,"campfire_choices":[{"data":"Doppelganger","floor":6.0,"key":"SMITH"},{"floor":8.0,"key":"REST"},{"data":"Footwork","floor":10.0,"key":"SMITH"},{"data":"Corpse Explosion","floor":15.0,"key":"SMITH"},{"data":"Bullet Time","floor":23,"key":"SMITH"},{"floor":25,"key":"REST"},{"data":"Neutralize","floor":28,"key":"SMITH"},{"data":"Flechettes","floor":32,"key":"SMITH"},{"data":"Magnetism","floor":40,"key":"SMITH"},{"floor":44,"key":"REST"},{"data":"Well Laid Plans","floor":49,"key":"SMITH"}],"neow_cost":"NO_GOLD","seed_source_timestamp":0,"circlet_count":0,"master_deck":["AscendersBane","Defend_G","Defend_G","Defend_G","Defend_G","Defend_G","Strike_G","Strike_G","Strike_G","Survivor","Neutralize+1","Doppelganger+1","Backflip","Leg Sweep","Footwork+1","Leg Sweep","Cloak And Dagger","Corpse Explosion+1","Bullet Time+1","Cloak And Dagger","Expertise+1","Caltrops+1","Escape Plan","Flechettes+1","Blade Dance+1","Magnetism+1","Well Laid Plans+1","Leg Sweep","Leg Sweep+1"],"special_seed":0,"relics":["Ring of the Snake","Golden Idol","Ninja Scroll","Orichalcum","Busted Crown","Vajra","Red Mask","Sozu","Chemical X","Bag of Preparation"],"potions_floor_usage":[33,33,50],"damage_taken":[{"damage":0.0,"enemies":"2 Louse","floor":1.0,"turns":4.0},{"damage":11.0,"enemies":"Jaw Worm","floor":3.0,"turns":6.0},{"damage":1.0,"enemies":"Cultist","floor":7.0,"turns":6.0},{"damage":5.0,"enemies":"Exordium Thugs","floor":12.0,"turns":5.0},{"damage":0.0,"enemies":"Gremlin Gang","floor":14.0,"turns":7.0},{"damage":6.0,"enemies":"The Guardian","floor":16.0,"turns":12.0},{"damage":4.0,"enemies":"Spheric Guardian","floor":18.0,"turns":8.0},{"damage":11.0,"enemies":"3 Byrds","floor":19.0,"turns":3.0},{"damage":0.0,"enemies":"Snecko","floor":20.0,"turns":7.0},{"damage":0.0,"enemies":"Shelled Parasite and Fungi","floor":21.0,"turns":8.0},{"damage":9,"enemies":"Centurion and Healer","floor":24,"turns":10},{"damage":0,"enemies":"Cultist and Chosen","floor":27,"turns":5},{"damage":4,"enemies":"Snecko","floor":29,"turns":8},{"damage":1,"enemies":"Masked Bandits","floor":31,"turns":2},{"damage":36,"enemies":"Collector","floor":33,"turns":12},{"damage":2,"enemies":"3 Shapes","floor":35,"turns":4},{"damage":0,"enemies":"Orb Walker","floor":36,"turns":3},{"damage":0,"enemies":"4 Shapes","floor":39,"turns":3},{"damage":0,"enemies":"Jaw Worm Horde","floor":41,"turns":4},{"damage":0,"enemies":"3 Darklings","floor":42,"turns":2},{"damage":7,"enemies":"4 Shapes","floor":46,"turns":5},{"damage":0,"enemies":"Writhing Mass","floor":47,"turns":10},{"damage":0,"enemies":"3 Darklings","floor":48,"turns":3},{"damage":39,"enemies":"Awakened One","floor":50,"turns":24}],"seed_played":"-2110039567173579043","potions_obtained":[{"floor":7.0,"key":"GhostInAJar"},{"floor":14.0,"key":"FearPotion"},{"floor":27,"key":"Swift Potion"},{"floor":33,"key":"Poison Potion"}],"is_trial":false,"path_per_floor":["M","?","M","?","$","R","M","R","T","R","$","M","T","M","R","B",null,"M","M","M","M","?","R","M","R","T","M","R","M","?","?","R","B",null,"M","M","?","$","M","R","M","M","T","R","?","M","M","M","R","B",null],"character_chosen":"THE_SILENT","items_purchased":["Footwork","Leg Sweep","Chemical X","Magnetism","Well Laid Plans","Leg Sweep"],"campfire_rested":3,"item_purchase_floors":[5,11,38,38,38,38],"current_hp_per_floor":[63,63,52,35,35,35,34,55,55,55,55,50,50,50,50,44,64,60,49,49,49,49,49,40,61,61,61,61,57,57,56,56,20,58,56,56,56,56,56,56,56,56,56,70,70,63,63,63,63,24],"gold":154,"neow_bonus":"TRANSFORM_TWO_CARDS","is_prod":false,"is_daily":false,"chose_seed":false,"campfire_upgraded":8,"win_rate":0,"timestamp":1557622854,"path_taken":["M","?","M","?","?","R","?","R","T","R","$","M","?","M","R","BOSS","M","M","M","M","?","R","M","R","T","M","R","?","?","?","R","BOSS","M","M","?","$","M","R","M","?","T","R","?","M","?","M","R","BOSS"],"build_version":"2019-01-23","purchased_purges":1,"victory":true,"max_hp_per_floor":[70,70,70,70,70,70,70,70,70,70,70,70,70,70,70,70,70,70,70,70,70,70,70,70,70,70,70,70,70,70,70,70,70,70,70,70,70,70,70,70,70,70,70,70,70,70,70,70,70,70],"card_choices":[{"not_picked":["Dagger Throw","Slice"],"picked":"Backflip","floor":1.0},{"not_picked":["Backflip","Blade Dance"],"picked":"Leg Sweep","floor":3.0},{"not_picked":["Underhanded Strike","Poisoned Stab","Acrobatics"],"picked":"SKIP","floor":7.0},{"not_picked":["Prepared","Poisoned Stab"],"picked":"Cloak And Dagger","floor":12.0},{"not_picked":["Footwork","Escape Plan"],"picked":"Corpse Explosion","floor":14.0},{"not_picked":["Glass Knife","Storm of Steel"],"picked":"Bullet Time","floor":16.0},{"not_picked":[],"picked":"Cloak And Dagger","floor":18.0},{"not_picked":[],"picked":"Expertise+1","floor":19.0},{"not_picked":["Tactician"],"picked":"SKIP","floor":20.0},{"not_picked":[],"picked":"Caltrops+1","floor":21.0},{"not_picked":[],"picked":"Escape Plan","floor":24},{"not_picked":["Calculated Gamble"],"picked":"SKIP","floor":27},{"not_picked":[],"picked":"Flechettes","floor":29},{"not_picked":[],"picked":"Blade Dance+1","floor":31},{"not_picked":["Sucker Punch"],"picked":"SKIP","floor":35},{"not_picked":["Quick Slash+1"],"picked":"SKIP","floor":36},{"not_picked":["Quick Slash"],"picked":"SKIP","floor":39},{"not_picked":["Endless Agony"],"picked":"SKIP","floor":41},{"not_picked":["Slice"],"picked":"SKIP","floor":42},{"not_picked":["Tactician"],"picked":"SKIP","floor":46},{"not_picked":["Flechettes+1"],"picked":"SKIP","floor":47},{"not_picked":[],"picked":"Leg Sweep+1","floor":48}],"player_experience":367469,"relics_obtained":[{"floor":9.0,"key":"Ninja Scroll"},{"floor":13.0,"key":"Orichalcum"},{"floor":26,"key":"Vajra"},{"floor":31,"key":"Red Mask"},{"floor":43,"key":"Bag of Preparation"}],"event_choices":[{"damage_healed":0.0,"max_hp_gain":0.0,"max_hp_loss":0.0,"gold_gain":175.0,"event_name":"Liars Game","player_choice":"AGREE","floor":2.0,"gold_loss":0.0,"damage_taken":0.0,"cards_obtained":["Doubt"]},{"damage_healed":0.0,"max_hp_gain":0.0,"max_hp_loss":0.0,"gold_gain":0.0,"event_name":"Golden Idol","player_choice":"Take Damage","floor":4.0,"gold_loss":0.0,"damage_taken":17.0,"relics_obtained":["Golden Idol"]},{"damage_healed":0.0,"max_hp_gain":0.0,"max_hp_loss":0.0,"gold_gain":0.0,"event_name":"The Joust","player_choice":"Bet on Murderer","floor":22.0,"gold_loss":50.0,"damage_taken":0.0},{"damage_healed":0,"gold_gain":0,"player_choice":"Ignored","damage_taken":0,"max_hp_gain":0,"max_hp_loss":0,"event_name":"Vampires","floor":30,"gold_loss":0},{"damage_healed":0,"gold_gain":0,"player_choice":"Fought Bandits","damage_taken":0,"max_hp_gain":0,"max_hp_loss":0,"event_name":"Masked Bandits","floor":31,"gold_loss":0},{"damage_healed":0,"gold_gain":0,"player_choice":"Got Potions","damage_taken":0,"max_hp_gain":0,"max_hp_loss":0,"event_name":"Lab","floor":37,"gold_loss":0},{"cards_removed":["All Out Attack"],"damage_healed":0,"gold_gain":0,"player_choice":"Purged","damage_taken":0,"max_hp_gain":0,"max_hp_loss":0,"event_name":"Purifier","floor":45,"gold_loss":0}],"is_beta":false,"boss_relics":[{"not_picked":["White Beast Statue","Fusion Hammer"],"picked":"Busted Crown"},{"not_picked":["Velvet Choker","WristBlade"],"picked":"Sozu"}],"items_purged_floors":[5],"is_endless":false,"potions_floor_spawned":[7,14,18,27,31,33,35,36,39,46],"ascension_level":11}