{"gold_per_floor":[116,116,116,41,6,6,31,62,107,143,156,195,213,229,229,324,324,342,66,66,91,116,116,132,172,221,221,260,260,275,311,311,405,405,430,430,430,454,104,104,145,145,145,181,200,200,200,235,235,235],"floor_reached":51,"playtime":2444,"items_purged":[],"score":1479,"play_id":"5c050c59-3502-4ca5-aa82-af32b61e4481","local_time":"20190122030237","is_ascension_mode":true,"campfire_choices":[{"floor":6,"key":"REST"},{"floor":15,"key":"REST"},{"floor":23,"key":"REST"},{"floor":29,"key":"REST"},{"floor":32,"key":"REST"},{"floor":40,"key":"REST"},{"floor":42,"key":"RECALL"},{"floor":46,"key":"REST"},{"floor":49,"key":"REST"}],"neow_cost":"CURSE","seed_source_timestamp":0,"circlet_count":0,"master_deck":["AscendersBane","Strike_R","Strike_R","Strike_R","Strike_R","Strike_R","Defend_R","Defend_R","Defend_R","Defend_R","Bash","Carnage","Perfected Strike+1","Shrug It Off","Seeing Red","Twin Strike","Perfected Strike","Twin Strike","Rage+1","Feed","Inflame","Infernal Blade+1","Rage+1","Armaments+1","Seeing Red+1","Disarm+1","Fiend Fire+1","Twin Strike","Impervious+1","Flex+1","Discovery+1","Blind+1","Bandage Up+1","Twin Strike+1","Twin Strike","Clash+1","Madness+1","Madness+1","Seeing Red+1"],"special_seed":0,"relics":["Burning Blood","Ice Cream","Golden Idol","Paper Frog","Pen Nib","Omamori","Toxic Egg 2","Fusion Hammer","Sling","Lantern","Bag of Preparation","Torii","Blood Vial","Runic Cube","WarpedTongs","Centennial Puzzle","Ancient Tea Set","Whetstone","Frozen Egg 2","Meat on the Bone","Kunai"],"potions_floor_usage":[10,12,12,14,28,28,31,31,45,50,50],"damage_taken":[{"damage":14,"enemies":"Jaw Worm","floor":1,"turns":3},{"damage":1,"enemies":"2 Louse","floor":7,"turns":4},{"damage":30,"enemies":"3 Sentries","floor":8,"turns":8},{"damage":20,"enemies":"Gremlin Nob","floor":10,"turns":4},{"damage":0,"enemies":"Cultist","floor":11,"turns":2},{"damage":0,"enemies":"Lagavulin","floor":12,"turns":3},{"damage":22,"enemies":"Lots of Slimes","floor":13,"turns":4},{"damage":0,"enemies":"Looter","floor":14,"turns":2},{"damage":32,"enemies":"The Guardian","floor":16,"turns":8},{"damage":0,"enemies":"Spheric Guardian","floor":18,"turns":3},{"damage":29,"enemies":"Shell Parasite","floor":21,"turns":4},{"damage":18,"enemies":"Snake Plant","floor":22,"turns":3},{"damage":13,"enemies":"Sentry and Sphere","floor":24,"turns":4},{"damage":42,"enemies":"Book of Stabbing","floor":25,"turns":5},{"damage":30,"enemies":"Slavers","floor":28,"turns":4},{"damage":0,"enemies":"Snecko","floor":30,"turns":2},{"damage":3,"enemies":"Book of Stabbing","floor":31,"turns":4},{"damage":57,"enemies":"Collector","floor":33,"turns":8},{"damage":0,"enemies":"3 Shapes","floor":35,"turns":2},{"damage":1,"enemies":"Orb Walker","floor":38,"turns":2},{"damage":0,"enemies":"Reptomancer","floor":41,"turns":4},{"damage":42,"enemies":"Giant Head","floor":44,"turns":6},{"damage":5,"enemies":"Sphere and 2 Shapes","floor":45,"turns":3},{"damage":22,"enemies":"Reptomancer","floor":48,"turns":5},{"damage":95,"enemies":"Donu and Deca","floor":50,"turns":10}],"seed_played":"6279249133823990715","potions_obtained":[{"floor":1,"key":"Dexterity Potion"},{"floor":7,"key":"Block Potion"},{"floor":11,"key":"SteroidPotion"},{"floor":12,"key":"Block Potion"},{"floor":14,"key":"BloodPotion"},{"floor":25,"key":"EssenceOfSteel"},{"floor":28,"key":"SkillPotion"},{"floor":30,"key":"SkillPotion"},{"floor":33,"key":"Explosive Potion"},{"floor":38,"key":"Dexterity Potion"},{"floor":48,"key":"Regen Potion"}],"is_trial":false,"path_per_floor":["?","?","$","?","?","M","M","?","?","?","M","?"],"character_chosen":"IRONCLAD","items_purchased":["Regen Potion","Sling","Infernal Blade+1","Centennial Puzzle","Ancient Tea Set","Twin Strike"],"campfire_rested":8,"item_purchase_floors":[4,19,19,39,39,39],"current_hp_per_floor":[64,57,38,38,57,77,77,53,53,39,45,60,44,50,73,47,70,79,79,79,56,44,68,61,25,25,25,12,36,42,45,69,20,67,75,65,65,76,76,87,87,87,87,51,60,86,75,61,87,31],"gold":235,"neow_bonus":"ONE_RARE_RELIC","is_prod":false,"is_daily":false,"chose_seed":false,"campfire_upgraded":0,"win_rate":0,"timestamp":1548118957,"path_taken":["M","?","?","?","?","R","M","E","T","E","M","E","M","M","R","BOSS","M","$","?","M","?","R","?","E","T","?","E","R","M","E","R","BOSS","M","?","?","M","$","R","E","R","T","E","?","R","?","E","R","BOSS"],"build_version":"2019-01-20","purchased_purges":0,"victory":true,"max_hp_per_floor":[80,77,77,77,77,77,77,77,77,77,77,77,77,77,77,77,77,80,80,80,80,80,80,80,80,80,80,83,83,83,83,83,83,83,83,83,83,87,87,87,87,87,87,87,87,87,87,87,87,87],"card_choices":[{"not_picked":["Body Slam","Clothesline"],"picked":"Carnage","floor":1},{"not_picked":["Second Wind","Anger"],"picked":"Perfected Strike","floor":7},{"not_picked":["Power Through","Entrench"],"picked":"Shrug It Off","floor":8},{"not_picked":["Anger","Combust"],"picked":"Seeing Red","floor":10},{"not_picked":["Seeing Red","Shockwave"],"picked":"Twin Strike","floor":11},{"not_picked":["Wild Strike","Exhume"],"picked":"Perfected Strike","floor":12},{"not_picked":["Inflame","Blood for Blood"],"picked":"Twin Strike","floor":13},{"not_picked":["Headbutt","Spot Weakness+1"],"picked":"Rage+1","floor":14},{"not_picked":["Offering+1","Reaper"],"picked":"Feed","floor":16},{"not_picked":["Heavy Blade","Cleave+1"],"picked":"Inflame","floor":18},{"not_picked":["Pommel Strike","Shockwave+1"],"picked":"Armaments+1","floor":21},{"not_picked":["Sword Boomerang","Cleave","Thunderclap"],"picked":"SKIP","floor":22},{"not_picked":["Sever Soul","Sword Boomerang"],"picked":"Seeing Red+1","floor":24},{"not_picked":["Sever Soul","Pummel"],"picked":"Disarm+1","floor":25},{"not_picked":["Berserk","Thunderclap"],"picked":"Fiend Fire","floor":28},{"not_picked":["Spot Weakness+1","Heavy Blade+1","Body Slam"],"picked":"SKIP","floor":30},{"not_picked":["Disarm+1","Iron Wave"],"picked":"Twin Strike","floor":31},{"not_picked":["Brutality","Limit Break+1"],"picked":"Impervious+1","floor":33},{"not_picked":["Pummel","Anger"],"picked":"Flex+1","floor":35},{"not_picked":["Sadistic Nature","Finesse+1"],"picked":"Discovery+1","floor":36},{"not_picked":["Enlightenment+1","Good Instincts+1"],"picked":"Blind+1","floor":36},{"not_picked":["Trip+1","Swift Strike"],"picked":"Bandage Up+1","floor":36},{"not_picked":["Headbutt+1","Body Slam"],"picked":"Twin Strike+1","floor":38},{"not_picked":["Sentinel+1","Sword Boomerang","Uppercut"],"picked":"SKIP","floor":41},{"not_picked":["Feed","Evolve+1","Heavy Blade"],"picked":"SKIP","floor":44},{"not_picked":["Uppercut","Iron Wave"],"picked":"Clash+1","floor":45},{"not_picked":["Warcry+1","Sword Boomerang"],"picked":"Seeing Red+1","floor":48}],"player_experience":388418,"relics_obtained":[{"floor":8,"key":"Paper Frog"},{"floor":9,"key":"Pen Nib"},{"floor":10,"key":"Omamori"},{"floor":12,"key":"Toxic Egg 2"},{"floor":25,"key":"Lantern"},{"floor":26,"key":"Bag of Preparation"},{"floor":28,"key":"Torii"},{"floor":31,"key":"Blood Vial"},{"floor":41,"key":"Whetstone"},{"floor":43,"key":"Frozen Egg 2"},{"floor":44,"key":"Meat on the Bone"},{"floor":48,"key":"Kunai"}],"event_choices":[{"cards_removed":["Parasite"],"damage_healed":0,"gold_gain":0,"player_choice":"Card Removal","damage_taken":7,"max_hp_gain":0,"max_hp_loss":0,"event_name":"Golden Wing","floor":2,"gold_loss":0},{"damage_healed":0,"gold_gain":0,"player_choice":"Take Damage","damage_taken":19,"relics_obtained":["Golden Idol"],"max_hp_gain":0,"max_hp_loss":0,"event_name":"Golden Idol","floor":3,"gold_loss":0},{"damage_healed":19,"gold_gain":0,"player_choice":"Healed","damage_taken":0,"max_hp_gain":0,"max_hp_loss":0,"event_name":"The Cleric","floor":5,"gold_loss":35},{"damage_healed":0,"gold_gain":0,"player_choice":"Copied","damage_taken":0,"max_hp_gain":0,"max_hp_loss":0,"event_name":"Duplicator","floor":20,"gold_loss":0,"cards_obtained":["Rage"]},{"damage_healed":0,"gold_gain":0,"player_choice":"Ignored","damage_taken":0,"max_hp_gain":0,"max_hp_loss":0,"event_name":"Ghosts","floor":27,"gold_loss":0},{"damage_healed":0,"gold_gain":0,"player_choice":"Memory 3","damage_taken":10,"max_hp_gain":0,"max_hp_loss":0,"event_name":"SensoryStone","floor":36,"gold_loss":0},{"damage_healed":0,"gold_gain":0,"player_choice":"Rummage","damage_taken":0,"relics_obtained":["WarpedTongs"],"max_hp_gain":0,"max_hp_loss":0,"event_name":"Accursed Blacksmith","floor":37,"gold_loss":0,"cards_obtained":["Pain"]},{"damage_healed":0,"gold_gain":0,"player_choice":"Embrace Madness","damage_taken":11,"max_hp_gain":0,"max_hp_loss":0,"event_name":"Winding Halls","floor":47,"gold_loss":0,"cards_obtained":["Madness","Madness"]}],"is_beta":true,"boss_relics":[{"not_picked":["Astrolabe","Snecko Eye"],"picked":"Fusion Hammer"},{"not_picked":["Busted Crown","White Beast Statue"],"picked":"Runic Cube"}],"items_purged_floors":[],"is_endless":false,"potions_floor_spawned":[1,7,11,12,14,25,28,30,33,38,41,48],"ascension_level":13}