{"gold_per_floor":[119,137,137,137,137,137,164,164,164,195,195,211,227,227,227,331,331,348,62,78,78,92,92,124,124,124,141,171,171,171,182,182,277,277,288,213,213,213,233,233,245,245],"floor_reached":42,"playtime":2914,"items_purged":["Strike_R"],"score":516,"play_id":"2849364a-3dcf-4696-8948-e3f4eb476e4e","local_time":"20181123231701","is_ascension_mode":true,"campfire_choices":[{"data":"Double Tap","floor":6,"key":"SMITH"},{"data":"Armaments","floor":15,"key":"SMITH"},{"data":"Reaper","floor":23,"key":"SMITH"},{"floor":25,"key":"REST"},{"data":"Rampage","floor":30,"key":"SMITH"},{"floor":32,"key":"REST"},{"floor":40,"key":"REST"}],"neow_cost":"NONE","seed_source_timestamp":1425795971500,"circlet_count":0,"master_deck":["Strike_R","Strike_R+1","Strike_R","Strike_R","Defend_R","Defend_R","Defend_R","Defend_R","Bash","Thunderclap+1","Double Tap+1","Rupture+1","Armaments+1","Shrug It Off","Uppercut","Reaper+1","Iron Wave","Bloodletting+1","Headbutt","Rampage+1","Dual Wield+1","Flame Barrier+1","Demon Form","Warcry+1","Chrysalis+1","Writhe","True Grit+1","Shrug It Off+1"],"relics":["Burning Blood","NeowsBlessing","Dodecahedron","Mercury Hourglass","Juzu Bracelet","Velvet Choker","Toxic Egg 2","Pocketwatch","Art of War","Bottled Flame","Mark of Pain"],"potions_floor_usage":[10,16,20,24,27,35,42],"damage_taken":[{"damage":0,"enemies":"Small Slimes","floor":1,"turns":1},{"damage":0,"enemies":"Jaw Worm","floor":2,"turns":1},{"damage":0,"enemies":"Gremlin Nob","floor":7,"turns":1},{"damage":9,"enemies":"3 Sentries","floor":10,"turns":3},{"damage":0,"enemies":"Cultist","floor":12,"turns":3},{"damage":0,"enemies":"2 Fungi Beasts","floor":13,"turns":2},{"damage":47,"enemies":"Hexaghost","floor":16,"turns":11},{"damage":15,"enemies":"Spheric Guardian","floor":18,"turns":5},{"damage":14,"enemies":"3 Byrds","floor":20,"turns":4},{"damage":9,"enemies":"Cultist and Chosen","floor":22,"turns":5},{"damage":34,"enemies":"Slavers","floor":24,"turns":4},{"damage":30,"enemies":"Snake Plant","floor":27,"turns":4},{"damage":50,"enemies":"Gremlin Leader","floor":28,"turns":8},{"damage":36,"enemies":"Centurion and Healer","floor":31,"turns":4},{"damage":58,"enemies":"Champ","floor":33,"turns":9},{"damage":62,"enemies":"3 Darklings","floor":35,"turns":6},{"damage":17,"enemies":"Orb Walker","floor":39,"turns":4},{"damage":46,"enemies":"4 Shapes","floor":41,"turns":4},{"damage":30,"enemies":"Writhing Mass","floor":42,"turns":1}],"seed_played":"3363753860806772299","potions_obtained":[{"floor":2,"key":"SkillPotion"},{"floor":12,"key":"Energy Potion"},{"floor":18,"key":"Regen Potion"},{"floor":20,"key":"Explosive Potion"},{"floor":24,"key":"SkillPotion"},{"floor":33,"key":"Ancient Potion"},{"floor":39,"key":"FearPotion"}],"is_trial":false,"path_per_floor":["M","M","$","?","?","R","E","$","T","E","?","M","M","?","R","B",null,"M","$","M","?","M","R","E","R","T","M","E","?","R","M","R","B",null,"M","$","?","?","M","R","M","M"],"character_chosen":"IRONCLAD","items_purchased":["Toxic Egg 2","Bloodletting+1"],"campfire_rested":3,"item_purchase_floors":[19,19],"current_hp_per_floor":[80,80,80,80,80,80,80,80,80,77,77,80,80,64,64,23,80,71,71,80,80,80,80,66,80,80,56,46,80,80,57,80,33,80,34,34,34,54,43,67,27,0],"gold":245,"neow_bonus":"THREE_ENEMY_KILL","is_prod":false,"is_daily":false,"chose_seed":false,"campfire_upgraded":4,"win_rate":0,"timestamp":1543011421,"path_taken":["M","M","$","?","?","R","E","?","T","E","?","M","M","?","R","BOSS","M","$","M","?","M","R","E","R","T","M","E","?","R","M","R","BOSS","M","$","?","?","M","R","M","M"],"build_version":"2018-11-15","purchased_purges":1,"victory":false,"max_hp_per_floor":[80,80,80,80,80,80,80,80,80,80,80,80,80,80,80,80,80,80,80,80,80,80,80,80,80,80,80,80,80,80,80,80,80,80,80,80,80,80,80,80,80,80],"card_choices":[{"not_picked":["Heavy Blade","Twin Strike"],"picked":"Thunderclap","floor":1},{"not_picked":["Pommel Strike","Entrench"],"picked":"Double Tap","floor":2},{"not_picked":["Iron Wave","Thunderclap"],"picked":"Rupture","floor":7},{"not_picked":["Sword Boomerang","Clash"],"picked":"Armaments","floor":10},{"not_picked":["True Grit","Heavy Blade"],"picked":"Shrug It Off","floor":12},{"not_picked":["Hemokinesis","Metallicize"],"picked":"Uppercut","floor":13},{"not_picked":["Fiend Fire","Bludgeon"],"picked":"Reaper","floor":16},{"not_picked":["Sentinel+1","Armaments"],"picked":"Iron Wave","floor":18},{"not_picked":["Metallicize","Wild Strike"],"picked":"Headbutt","floor":20},{"not_picked":["True Grit+1","Reckless Charge","Searing Blow"],"picked":"SKIP","floor":22},{"not_picked":["Evolve+1","Clothesline"],"picked":"Sentinel+1","floor":24},{"not_picked":["Whirlwind","Cleave"],"picked":"Rampage","floor":27},{"not_picked":["Clothesline","Pommel Strike"],"picked":"Dual Wield+1","floor":28},{"not_picked":["Sword Boomerang","Headbutt+1"],"picked":"Flame Barrier+1","floor":31},{"not_picked":["Juggernaut","Limit Break+1"],"picked":"Demon Form","floor":33},{"not_picked":["Anger","Feel No Pain+1"],"picked":"Warcry+1","floor":35},{"not_picked":["Purity+1","The Bomb+1"],"picked":"Chrysalis+1","floor":37},{"not_picked":["Thunderclap","Flex+1"],"picked":"True Grit+1","floor":39},{"not_picked":["Warcry+1","Bludgeon"],"picked":"Shrug It Off+1","floor":41}],"player_experience":257314,"relics_obtained":[{"floor":7,"key":"Dodecahedron"},{"floor":9,"key":"Mercury Hourglass"},{"floor":10,"key":"Juzu Bracelet"},{"floor":24,"key":"Pocketwatch"},{"floor":26,"key":"Art of War"},{"floor":28,"key":"Bottled Flame"}],"event_choices":[{"damage_healed":0,"gold_gain":0,"player_choice":"Leave","damage_taken":0,"max_hp_gain":0,"max_hp_loss":0,"event_name":"The Cleric","floor":4,"gold_loss":0},{"damage_healed":0,"gold_gain":0,"player_choice":"Grow","damage_taken":0,"max_hp_gain":0,"max_hp_loss":0,"event_name":"Living Wall","floor":5,"gold_loss":0,"cards_upgraded":["Thunderclap"]},{"damage_healed":0,"gold_gain":0,"player_choice":"Ignored","damage_taken":0,"max_hp_gain":0,"max_hp_loss":0,"event_name":"Liars Game","floor":11,"gold_loss":0},{"damage_healed":0,"gold_gain":0,"player_choice":"Entered Light","damage_taken":16,"max_hp_gain":0,"max_hp_loss":0,"event_name":"Shining Light","floor":14,"gold_loss":0,"cards_upgraded":["Strike_R","Rupture"]},{"damage_healed":0,"gold_gain":0,"player_choice":"Ignored","damage_taken":0,"max_hp_gain":0,"max_hp_loss":0,"event_name":"Ghosts","floor":21,"gold_loss":0},{"cards_removed":["Sentinel"],"damage_healed":34,"gold_gain":0,"player_choice":"Offered Uncommon","damage_taken":0,"max_hp_gain":0,"max_hp_loss":0,"event_name":"Bonfire Elementals","floor":29,"gold_loss":0},{"damage_healed":0,"gold_gain":0,"player_choice":"Memory 1","damage_taken":0,"max_hp_gain":0,"max_hp_loss":0,"event_name":"SensoryStone","floor":37,"gold_loss":0},{"damage_healed":20,"gold_gain":0,"player_choice":"Writhe","damage_taken":0,"max_hp_gain":0,"max_hp_loss":0,"event_name":"Winding Halls","floor":38,"gold_loss":0,"cards_obtained":["Writhe"]}],"is_beta":false,"boss_relics":[{"not_picked":["Snecko Eye","Black Blood"],"picked":"Velvet Choker"},{"not_picked":["Runic Dome","White Beast Statue"],"picked":"Mark of Pain"}],"items_purged_floors":[36],"is_endless":false,"potions_floor_spawned":[2,12,18,20,24,33,39],"killed_by":"Writhing Mass","ascension_level":2}