{"gold_per_floor":[111,130,305,305,317,317,317,343,343,343,370,388,388,421,421,421],"floor_reached":16,"playtime":662,"items_purged":[],"score":184,"play_id":"bf0a78ac-9ad1-416a-91d3-25380ea774fc","local_time":"20190525101949","is_ascension_mode":true,"campfire_choices":[{"data":"Noxious Fumes","floor":6,"key":"SMITH"},{"data":"Cloak And Dagger","floor":10,"key":"SMITH"},{"data":"Neutralize","floor":13,"key":"SMITH"},{"floor":15,"key":"REST"}],"neow_cost":"NONE","seed_source_timestamp":494477465472068,"circlet_count":0,"master_deck":["AscendersBane","Defend_G","Defend_G","Defend_G","Defend_G","Defend_G","Strike_G","Strike_G","Strike_G","Strike_G","Strike_G","Survivor","Neutralize+1","PiercingWail","Cloak And Dagger+1","Noxious Fumes+1","Backflip","Deflect","PiercingWail"],"relics":["Ring of the Snake","Bottled Lightning","Lantern","Odd Mushroom","Pocketwatch"],"potions_floor_usage":[8,8,14],"damage_taken":[{"damage":1,"enemies":"Small Slimes","floor":1,"turns":6},{"damage":0,"enemies":"2 Louse","floor":2,"turns":4},{"damage":2,"enemies":"Cultist","floor":5,"turns":5},{"damage":6,"enemies":"Lagavulin","floor":8,"turns":7},{"damage":10,"enemies":"The Mushroom Lair","floor":11,"turns":4},{"damage":3,"enemies":"Large Slime","floor":12,"turns":8},{"damage":27,"enemies":"Gremlin Nob","floor":14,"turns":5},{"damage":45,"enemies":"Slime Boss","floor":16,"turns":9}],"seed_played":"4650701165347023108","potions_obtained":[{"floor":2,"key":"GhostInAJar"},{"floor":5,"key":"SkillPotion"},{"floor":11,"key":"GamblersBrew"}],"is_trial":false,"path_per_floor":["M","M","?","?","M","R","?","E","T","R","?","M","R","E","R","B"],"character_chosen":"THE_SILENT","items_purchased":[],"campfire_rested":1,"item_purchase_floors":[],"current_hp_per_floor":[64,64,64,69,67,67,60,54,54,54,44,41,41,14,37,0],"gold":421,"neow_bonus":"TEN_PERCENT_HP_BONUS","is_prod":false,"is_daily":false,"chose_seed":false,"campfire_upgraded":3,"win_rate":0,"timestamp":1558804789,"path_taken":["M","M","?","?","M","R","?","E","T","R","?","M","R","E","R","BOSS"],"build_version":"2019-01-23","purchased_purges":0,"victory":false,"max_hp_per_floor":[72,72,72,77,77,77,77,77,77,77,77,77,77,77,77,77],"card_choices":[{"not_picked":["Deadly Poison","Eviscerate"],"picked":"PiercingWail","floor":1},{"not_picked":["Deflect","Dagger Spray"],"picked":"Cloak And Dagger","floor":2},{"not_picked":["PiercingWail","Bane"],"picked":"Noxious Fumes","floor":5},{"not_picked":["PiercingWail","Flying Knee"],"picked":"Backflip","floor":8},{"not_picked":["Prepared","Outmaneuver"],"picked":"Deflect","floor":12},{"not_picked":["Concentrate","Bullet Time"],"picked":"PiercingWail","floor":14}],"player_experience":401276,"relics_obtained":[{"floor":8,"key":"Bottled Lightning"},{"floor":9,"key":"Lantern"},{"floor":11,"key":"Odd Mushroom"},{"floor":14,"key":"Pocketwatch"}],"event_choices":[{"damage_healed":0,"gold_gain":175,"player_choice":"AGREE","damage_taken":0,"max_hp_gain":0,"max_hp_loss":0,"event_name":"Liars Game","floor":3,"gold_loss":0,"cards_obtained":["Doubt"]},{"damage_healed":0,"gold_gain":0,"player_choice":"Donut","damage_taken":0,"max_hp_gain":5,"max_hp_loss":0,"event_name":"Big Fish","floor":4,"gold_loss":0},{"cards_removed":["Doubt"],"damage_healed":0,"gold_gain":0,"player_choice":"Card Removal","damage_taken":7,"max_hp_gain":0,"max_hp_loss":0,"event_name":"Golden Wing","floor":7,"gold_loss":0},{"damage_healed":0,"gold_gain":0,"player_choice":"Fought Mushrooms","damage_taken":0,"max_hp_gain":0,"max_hp_loss":0,"event_name":"Mushrooms","floor":11,"gold_loss":0}],"is_beta":false,"boss_relics":[],"items_purged_floors":[],"is_endless":false,"potions_floor_spawned":[2,5,11],"killed_by":"Slime Boss","ascension_level":14}