{"gold_per_floor":[217,217,15,28,43,74,28,54,104,131,131,98,98,118,118,213,213,224,99,117,133,133,133,152,167,218,236,262,262,187,207,207,207],"floor_reached":33,"playtime":1934,"items_purged":["Strike_R","Bloodletting"],"score":359,"play_id":"5af854f1-cbd5-4dd2-a7ba-534593df7447","local_time":"20190323133542","is_ascension_mode":true,"campfire_choices":[{"floor":15,"key":"REST"},{"data":"Dark Embrace","floor":23,"key":"SMITH"},{"data":"Whirlwind","floor":29,"key":"SMITH"},{"data":"Body Slam","floor":32,"key":"SMITH"}],"neow_cost":"NONE","seed_source_timestamp":57918058633866,"circlet_count":0,"master_deck":["Bash","Iron Wave+1","Inflame","True Grit","Spot Weakness","Shrug It Off","Fire Breathing","Pommel Strike","Dark Embrace+1","Fiend Fire","Anger","Sword Boomerang","Clash","Rampage","Warcry+1","Body Slam+1","Shrug It Off","Havoc+1","Necronomicurse","Iron Wave+1","Armaments+1","Battle Trance+1","Whirlwind+1","Battle Trance"],"relics":["Burning Blood","Mummified Hand","Bronze Scales","Lantern","Gambling Chip","Ornamental Fan","Pandora\u0027s Box","Necronomicon","Oddly Smooth Stone","Bag of Marbles"],"potions_floor_usage":[6,8],"damage_taken":[{"damage":9,"enemies":"2 Louse","floor":1,"turns":4},{"damage":1,"enemies":"Cultist","floor":4,"turns":3},{"damage":2,"enemies":"Jaw Worm","floor":5,"turns":5},{"damage":43,"enemies":"Lagavulin","floor":6,"turns":9},{"damage":32,"enemies":"Gremlin Nob","floor":8,"turns":4},{"damage":29,"enemies":"Lagavulin","floor":10,"turns":10},{"damage":0,"enemies":"Looter","floor":14,"turns":3},{"damage":13,"enemies":"Hexaghost","floor":16,"turns":9},{"damage":1,"enemies":"Chosen","floor":18,"turns":2},{"damage":10,"enemies":"Shell Parasite","floor":20,"turns":2},{"damage":9,"enemies":"Centurion and Healer","floor":21,"turns":5},{"damage":3,"enemies":"Snecko","floor":24,"turns":3},{"damage":0,"enemies":"Cultist and Chosen","floor":25,"turns":3},{"damage":0,"enemies":"Snake Plant","floor":27,"turns":3},{"damage":22,"enemies":"Gremlin Leader","floor":28,"turns":4},{"damage":10,"enemies":"Centurion and Healer","floor":31,"turns":2},{"damage":72,"enemies":"Automaton","floor":33,"turns":6}],"seed_played":"-412909504455274957","potions_obtained":[{"floor":1,"key":"Regen Potion"},{"floor":5,"key":"LiquidBronze"},{"floor":16,"key":"EssenceOfSteel"},{"floor":20,"key":"LiquidBronze"},{"floor":21,"key":"LiquidBronze"},{"floor":24,"key":"PowerPotion"},{"floor":27,"key":"EssenceOfSteel"},{"floor":31,"key":"EssenceOfSteel"}],"is_trial":false,"path_per_floor":["M","?","$","M","M","E","$","E","T","E","?","?","T","M","R","B",null,"M","$","M","M","?","R","M","M","T","M","E","R","?","M","R","B"],"character_chosen":"IRONCLAD","items_purchased":["Iron Wave","Inflame","Shrug It Off","Body Slam"],"campfire_rested":1,"item_purchase_floors":[3,3,7,19],"current_hp_per_floor":[77,77,77,80,80,57,57,31,31,8,8,8,8,14,38,31,68,73,73,69,66,50,50,53,59,59,65,49,49,49,45,45,0],"gold":207,"neow_bonus":"HUNDRED_GOLD","is_prod":false,"is_daily":false,"chose_seed":false,"campfire_upgraded":3,"win_rate":0,"timestamp":1553373342,"path_taken":["M","?","?","M","M","E","?","E","T","E","?","?","?","M","R","BOSS","M","$","M","M","?","R","M","M","T","M","E","R","?","M","R","BOSS"],"build_version":"2019-01-23","purchased_purges":2,"victory":false,"max_hp_per_floor":[80,80,80,80,80,80,80,80,80,80,80,80,80,80,80,80,80,80,80,80,80,80,80,80,80,80,80,80,80,80,80,80,80],"card_choices":[{"not_picked":["Seeing Red","Clash","Warcry"],"picked":"SKIP","floor":1},{"not_picked":["Thunderclap","Clothesline","Rupture"],"picked":"SKIP","floor":4},{"not_picked":["Thunderclap","Dropkick"],"picked":"True Grit","floor":5},{"not_picked":["Flame Barrier","Corruption"],"picked":"Spot Weakness","floor":6},{"not_picked":["Reaper","Intimidate","Searing Blow"],"picked":"SKIP","floor":8},{"not_picked":["Clothesline","Ghostly Armor"],"picked":"Fire Breathing","floor":10},{"not_picked":["Heavy Blade","Thunderclap"],"picked":"Pommel Strike","floor":14},{"not_picked":["Offering","Fiend Fire"],"picked":"Dark Embrace","floor":16},{"not_picked":["Sword Boomerang","Perfected Strike"],"picked":"Warcry+1","floor":18},{"not_picked":["Carnage","Fire Breathing"],"picked":"Shrug It Off","floor":20},{"not_picked":["Burning Pact","Limit Break"],"picked":"Havoc+1","floor":21},{"not_picked":["Anger","Warcry+1"],"picked":"Iron Wave+1","floor":24},{"not_picked":["Heavy Blade","Iron Wave"],"picked":"Armaments+1","floor":25},{"not_picked":["Flex","Reckless Charge+1"],"picked":"Battle Trance+1","floor":27},{"not_picked":["Hemokinesis","Perfected Strike+1"],"picked":"Whirlwind","floor":28},{"not_picked":["Heavy Blade","Iron Wave"],"picked":"Battle Trance","floor":31}],"player_experience":218906,"relics_obtained":[{"floor":6,"key":"Mummified Hand"},{"floor":8,"key":"Bronze Scales"},{"floor":9,"key":"Lantern"},{"floor":10,"key":"Gambling Chip"},{"floor":13,"key":"Ornamental Fan"},{"floor":22,"key":"Necronomicon"},{"floor":26,"key":"Oddly Smooth Stone"},{"floor":28,"key":"Bag of Marbles"}],"event_choices":[{"cards_removed":["Strike_R"],"damage_healed":0,"gold_gain":0,"player_choice":"Offered Basic","damage_taken":0,"max_hp_gain":0,"max_hp_loss":0,"event_name":"Bonfire Elementals","floor":2,"gold_loss":0},{"damage_healed":0,"gold_gain":0,"player_choice":"Grow","damage_taken":0,"max_hp_gain":0,"max_hp_loss":0,"event_name":"Living Wall","floor":11,"gold_loss":0,"cards_upgraded":["Iron Wave"]},{"damage_healed":0,"gold_gain":0,"player_choice":"Left Gold","damage_taken":0,"max_hp_gain":0,"max_hp_loss":0,"event_name":"World of Goop","floor":12,"gold_loss":33},{"damage_healed":0,"gold_gain":0,"player_choice":"Obtained Book","damage_taken":16,"max_hp_gain":0,"max_hp_loss":0,"event_name":"Cursed Tome","floor":22,"gold_loss":0},{"cards_removed":["Hemokinesis"],"damage_healed":0,"gold_gain":0,"player_choice":"Gave Gold","damage_taken":0,"max_hp_gain":0,"max_hp_loss":0,"event_name":"Beggar","floor":30,"gold_loss":75}],"is_beta":false,"boss_relics":[{"not_picked":["Calling Bell","Coffee Dripper"],"picked":"Pandora\u0027s Box"}],"items_purged_floors":[3,19],"is_endless":false,"potions_floor_spawned":[1,5,16,20,21,24,27,28,31],"killed_by":"Automaton","ascension_level":5}