{"path_per_floor":["M","$","M","$","?","R","E","M","T","M","?","M","R","?","R","B",null,"M","M","?","$","?"],"character_chosen":"THE_SILENT","items_purchased":["Crippling Poison","Deflect","Bane","Good Instincts"],"gold_per_floor":[111,26,36,36,36,36,64,77,128,146,146,162,162,162,162,265,265,280,300,215,67,67],"floor_reached":23,"campfire_rested":0,"playtime":1520,"current_hp_per_floor":[68,68,64,64,57,57,51,50,50,50,50,50,50,50,50,25,70,70,63,63,63,63],"items_purged":[],"gold":67,"score":189,"play_id":"ceadc933-beab-4be3-9217-a58d8fb6b955","is_prod":false,"is_daily":false,"is_ascension_mode":false,"campfire_upgraded":3,"path_taken":["M","$","M","?","?","R","E","M","T","M","?","M","R","?","R","BOSS","M","M","?","$","?","E"],"build_version":"2018-02-15-PROD1","purchased_purges":0,"victory":false,"master_deck":["Defend_G","Defend_G","Defend_G","Defend_G","Defend_G","Strike_G","Strike_G","Strike_G","Strike_G","Strike_G","Slice","Crippling Poison+1","Deflect","Burst","Flechettes+1","Distraction+1","Deadly Poison","Night Terror","Infinite Blades+1","Well Laid Plans+1","Well Laid Plans+1","Deflect+1","Noxious Fumes","Bane","Good Instincts","Poisoned Stab"],"max_hp_per_floor":[70,70,70,70,70,70,70,70,70,70,70,70,70,70,70,70,70,70,70,70,70,70],"relics":["Ring of the Snake","Regal Pillow","Bag of Marbles","Ancient Tea Set","Juzu Bracelet","Astrolabe","Shuriken"],"card_choices":[{"not_picked":["All Out Attack","Infinite Blades"],"picked":"Slice"},{"not_picked":["Flying Knee","Outmaneuver"],"picked":"PiercingWail"},{"not_picked":["Prepared","Noxious Fumes"],"picked":"Burst"},{"not_picked":["Escape Plan","Sucker Punch"],"picked":"Flechettes"},{"not_picked":["Acrobatics","Prepared"],"picked":"Distraction"},{"not_picked":["Outmaneuver","Malaise"],"picked":"Deadly Poison"},{"not_picked":["Wraith Form","Die Die Die"],"picked":"Night Terror"},{"not_picked":["Masterful Stab","Dagger Throw"],"picked":"Deflect"},{"not_picked":["Dagger Spray","Choke"],"picked":"Noxious Fumes"}],"player_experience":27036,"potions_floor_usage":[7,12,16,16,16,23],"damage_taken":[{"damage":2,"enemies":"Cultist","floor":1,"turns":4},{"damage":4,"enemies":"Jaw Worm","floor":3,"turns":6},{"damage":6,"enemies":"Gremlin Nob","floor":7,"turns":4},{"damage":1,"enemies":"Small Slimes","floor":8,"turns":4},{"damage":0,"enemies":"Blue Slaver","floor":10,"turns":3},{"damage":0,"enemies":"3 Louse","floor":12,"turns":2},{"damage":25,"enemies":"The Guardian","floor":16,"turns":11},{"damage":0,"enemies":"Chosen","floor":18,"turns":5},{"damage":7,"enemies":"Shell Parasite","floor":19,"turns":9},{"damage":66,"enemies":"Slavers","floor":23,"turns":5}],"event_choices":[{"event_name":"Scrap Ooze","player_choice":"success","floor":5,"damage_taken":7},{"event_name":"The Lab","player_choice":"Got Potions","floor":11,"damage_taken":0},{"event_name":"Liars Game","player_choice":"disagreed","floor":14,"damage_taken":0},{"event_name":"Addict","player_choice":"Obtained Relic","floor":20,"damage_taken":0},{"event_name":"The Library","player_choice":"Read","floor":22,"damage_taken":0}],"boss_relics":[{"not_picked":["Velvet Choker","The Specimen"],"picked":"Astrolabe"}],"potions_floor_spawned":[3,7,12,16],"seed_played":"-6614102492484353752","killed_by":"Slavers","ascension_level":0,"is_trial":false}