{"gold_per_floor":[116,15,32,51,0,0,10,72,99,117,127,153,153,166,166,166],"floor_reached":16,"playtime":1120,"items_purged":[],"score":182,"play_id":"4e76e806-9dc7-4731-b366-dc42eec4acb8","local_time":"20190525143814","is_ascension_mode":true,"campfire_choices":[{"data":"Skewer","floor":6,"key":"SMITH"},{"data":"Well Laid Plans","floor":13,"key":"SMITH"},{"floor":15,"key":"REST"}],"neow_cost":"NONE","seed_source_timestamp":509496906030127,"circlet_count":0,"master_deck":["AscendersBane","Defend_G","Defend_G","Defend_G","Defend_G","Defend_G","Strike_G","Strike_G","Strike_G","Strike_G","Strike_G","Survivor","Neutralize","Blur","Footwork","PiercingWail","Backflip","Skewer+1","Well Laid Plans+1"],"relics":["Ring of the Snake","Pen Nib","Blood Vial","Tiny Chest","Art of War","Bag of Marbles"],"potions_floor_usage":[8,16,16],"damage_taken":[{"damage":7,"enemies":"Cultist","floor":1,"turns":6},{"damage":0,"enemies":"Jaw Worm","floor":3,"turns":10},{"damage":0,"enemies":"2 Louse","floor":4,"turns":5},{"damage":1,"enemies":"Looter","floor":7,"turns":4},{"damage":13,"enemies":"Lagavulin","floor":8,"turns":12},{"damage":1,"enemies":"2 Fungi Beasts","floor":10,"turns":5},{"damage":9,"enemies":"3 Louse","floor":11,"turns":4},{"damage":15,"enemies":"Exordium Thugs","floor":14,"turns":6},{"damage":48,"enemies":"Slime Boss","floor":16,"turns":13}],"seed_played":"868005323360494158","potions_obtained":[{"floor":1,"key":"Strength Potion"},{"floor":7,"key":"Dexterity Potion"},{"floor":8,"key":"FearPotion"}],"is_trial":false,"path_per_floor":["M","$","M","M","?","R","M","E","T","M","M","T","R","M","R","B"],"character_chosen":"THE_SILENT","items_purchased":["Footwork","PiercingWail"],"campfire_rested":1,"item_purchase_floors":[2,2],"current_hp_per_floor":[52,52,52,52,52,52,53,42,42,43,36,36,36,23,42,0],"gold":166,"neow_bonus":"RANDOM_COMMON_RELIC","is_prod":false,"is_daily":false,"chose_seed":false,"campfire_upgraded":2,"win_rate":0,"timestamp":1558820294,"path_taken":["M","$","M","M","?","R","?","E","T","M","M","?","R","?","R","BOSS"],"build_version":"2019-01-23","purchased_purges":0,"victory":false,"max_hp_per_floor":[66,66,66,66,66,66,66,66,66,66,66,66,66,66,66,66],"card_choices":[{"not_picked":["Deadly Poison","Slice"],"picked":"Blur","floor":1},{"not_picked":["Bouncing Flask","Dagger Throw"],"picked":"Backflip","floor":3},{"not_picked":["Underhanded Strike","Catalyst"],"picked":"Skewer","floor":4},{"not_picked":["Bane","Quick Slash","Underhanded Strike"],"picked":"SKIP","floor":7},{"not_picked":["Bane","Quick Slash","Underhanded Strike"],"picked":"SKIP","floor":7},{"not_picked":["Blade Dance","Doppelganger"],"picked":"Well Laid Plans","floor":8},{"not_picked":["Concentrate","Dagger Throw","Choke"],"picked":"SKIP","floor":10},{"not_picked":["Flying Knee","Underhanded Strike","Deadly Poison"],"picked":"SKIP","floor":11},{"not_picked":["Prepared","Sucker Punch","Outmaneuver"],"picked":"SKIP","floor":14}],"player_experience":412901,"relics_obtained":[{"floor":8,"key":"Tiny Chest"},{"floor":9,"key":"Art of War"},{"floor":12,"key":"Bag of Marbles"}],"event_choices":[{"damage_healed":0,"gold_gain":0,"player_choice":"Paid Gold","damage_taken":0,"relics_obtained":["Blood Vial"],"max_hp_gain":0,"max_hp_loss":0,"event_name":"WeMeetAgain","floor":5,"gold_loss":51}],"is_beta":false,"boss_relics":[],"items_purged_floors":[],"is_endless":false,"potions_floor_spawned":[1,7,8],"killed_by":"Slime Boss","ascension_level":15}