{"gold_per_floor":[116,116,130,80,93,93,127,127,154,229,10,10,40,70,70,169,169,179,179,189,202,212,212,239,239,239,272,291,291,304,112,112,207,207,222,237,312,322,322,322,357,357,357,357,457,85,133,148,148,148],"floor_reached":51,"playtime":3027,"items_purged":["Strike_R","Defend_R","Defend_R"],"score":746,"play_id":"8893ab23-49ca-442b-bc25-0032089326e9","local_time":"20190526124246","is_ascension_mode":false,"campfire_choices":[{"data":"Whirlwind","floor":6,"key":"SMITH"},{"data":"Bash","floor":8,"key":"SMITH"},{"data":"Body Slam","floor":15,"key":"SMITH"},{"data":"Bludgeon","floor":23,"key":"SMITH"},{"data":"Offering","floor":25,"key":"SMITH"},{"data":"Pommel Strike","floor":29,"key":"SMITH"},{"data":"Madness","floor":32,"key":"SMITH"},{"data":"Double Tap","floor":40,"key":"SMITH"},{"data":"Twin Strike","floor":42,"key":"SMITH"},{"data":"Shrug It Off","floor":44,"key":"SMITH"},{"floor":49,"key":"REST"}],"neow_cost":"","seed_source_timestamp":255443013457600,"circlet_count":0,"master_deck":["Strike_R+1","Strike_R","Strike_R","Defend_R+1","Defend_R","Bash+1","Whirlwind+1","Twin Strike+1","Body Slam+1","Bludgeon+1","Shrug It Off+1","Fire Breathing+1","Fire Breathing+1","Offering+1","Metallicize+1","Pommel Strike+1","Madness+1","Double Tap+1","Uppercut+1","Enlightenment"],"relics":["Burning Blood","Orichalcum","PreservedInsect","Vajra","Odd Mushroom","Magic Flower","Sozu","Frozen Egg 2","Darkstone Periapt","Kunai","Juzu Bracelet","Busted Crown","Meat on the Bone","Centennial Puzzle","Peace Pipe","Bag of Marbles","Nunchaku"],"potions_floor_usage":[7,16,16],"damage_taken":[{"damage":1,"enemies":"2 Louse","floor":1,"turns":4},{"damage":0,"enemies":"Small Slimes","floor":3,"turns":4},{"damage":1,"enemies":"Jaw Worm","floor":5,"turns":4},{"damage":26,"enemies":"Lagavulin","floor":7,"turns":6},{"damage":2,"enemies":"The Mushroom Lair","floor":13,"turns":2},{"damage":0,"enemies":"3 Sentries","floor":14,"turns":3},{"damage":49,"enemies":"The Guardian","floor":16,"turns":15},{"damage":7,"enemies":"2 Thieves","floor":18,"turns":4},{"damage":0,"enemies":"3 Byrds","floor":20,"turns":3},{"damage":10,"enemies":"Shelled Parasite and Fungi","floor":21,"turns":4},{"damage":0,"enemies":"Snecko","floor":22,"turns":3},{"damage":24,"enemies":"Slavers","floor":24,"turns":4},{"damage":0,"enemies":"Gremlin Leader","floor":27,"turns":6},{"damage":10,"enemies":"Centurion and Healer","floor":28,"turns":5},{"damage":6,"enemies":"3 Cultists","floor":30,"turns":2},{"damage":48,"enemies":"Champ","floor":33,"turns":6},{"damage":5,"enemies":"Orb Walker","floor":35,"turns":2},{"damage":6,"enemies":"3 Darklings","floor":36,"turns":1},{"damage":0,"enemies":"Transient","floor":38,"turns":5},{"damage":35,"enemies":"Nemesis","floor":41,"turns":3},{"damage":6,"enemies":"Mind Bloom Boss Battle","floor":45,"turns":3},{"damage":28,"enemies":"2 Orb Walkers","floor":47,"turns":3},{"damage":22,"enemies":"4 Shapes","floor":48,"turns":1},{"damage":63,"enemies":"Awakened One","floor":50,"turns":8}],"seed_played":"-6270583362159402692","potions_obtained":[{"floor":1,"key":"GamblersBrew"},{"floor":7,"key":"LiquidBronze"},{"floor":13,"key":"AttackPotion"}],"is_trial":false,"path_per_floor":["M","?","M","?","M","R","E","R","T","?","$","$","?","E","R","B",null,"M","?","M","M","M","R","E","R","T","E","M","R","M","$","R","B",null,"M","M","?","M","?","R","E","R","T","R","?","$","?","M","R","B",null],"character_chosen":"IRONCLAD","items_purchased":["Vajra","Madness","Bag of Marbles","Enlightenment"],"campfire_rested":1,"item_purchase_floors":[11,31,46,46],"current_hp_per_floor":[80,64,70,70,75,75,55,55,55,44,44,44,48,54,54,14,80,80,80,80,79,80,80,65,65,65,74,73,73,76,76,76,37,80,80,80,72,80,80,80,54,54,54,54,57,57,56,61,80,44],"gold":148,"neow_bonus":"","is_prod":false,"is_daily":false,"chose_seed":false,"campfire_upgraded":10,"win_rate":0.0,"timestamp":1558896166,"path_taken":["M","?","M","?","?","R","E","R","T","?","?","$","?","E","R","BOSS","M","?","M","M","?","R","E","R","T","E","M","R","M","$","R","BOSS","M","M","?","M","?","R","E","R","T","R","?","$","?","M","R","BOSS"],"build_version":"2019-01-23","purchased_purges":3,"victory":true,"max_hp_per_floor":[80,80,80,80,80,80,80,80,80,80,80,80,80,80,80,80,80,80,80,80,80,80,80,80,80,80,80,80,80,80,80,80,80,80,80,80,80,80,80,80,80,80,80,80,80,80,80,80,80,80],"card_choices":[{"not_picked":["Reckless Charge","Feel No Pain"],"picked":"Ghostly Armor","floor":1},{"not_picked":["Anger","Perfected Strike","Sword Boomerang"],"picked":"SKIP","floor":3},{"not_picked":["Cleave","Flex"],"picked":"Whirlwind","floor":5},{"not_picked":["Entrench","Flex","Clash"],"picked":"SKIP","floor":7},{"not_picked":["Body Slam","Shrug It Off"],"picked":"Twin Strike","floor":13},{"not_picked":["Flex","Perfected Strike"],"picked":"Body Slam","floor":14},{"not_picked":["Brutality","Impervious"],"picked":"Bludgeon","floor":16},{"not_picked":["Armaments","Perfected Strike"],"picked":"Shrug It Off","floor":18},{"not_picked":["Ghostly Armor","Infernal Blade"],"picked":"Fire Breathing+1","floor":20},{"not_picked":["Headbutt","Infernal Blade","Warcry"],"picked":"SKIP","floor":21},{"not_picked":["Intimidate","Cleave"],"picked":"Fire Breathing+1","floor":22},{"not_picked":["Sever Soul+1","Rampage+1"],"picked":"Offering","floor":24},{"not_picked":["Sword Boomerang","Shrug It Off"],"picked":"Metallicize+1","floor":27},{"not_picked":["Body Slam","Combust+1"],"picked":"Pommel Strike","floor":28},{"not_picked":["Thunderclap","Clash","Cleave"],"picked":"SKIP","floor":30},{"not_picked":["Demon Form+1","Impervious"],"picked":"Double Tap","floor":33},{"not_picked":[],"picked":"Uppercut+1","floor":35},{"not_picked":["Body Slam+1"],"picked":"SKIP","floor":36},{"not_picked":["Armaments+1"],"picked":"SKIP","floor":38},{"not_picked":["Clash"],"picked":"SKIP","floor":41},{"not_picked":["Infernal Blade+1"],"picked":"SKIP","floor":48}],"player_experience":0,"relics_obtained":[{"floor":7,"key":"Orichalcum"},{"floor":9,"key":"PreservedInsect"},{"floor":13,"key":"Odd Mushroom"},{"floor":14,"key":"Magic Flower"},{"floor":24,"key":"Darkstone Periapt"},{"floor":26,"key":"Kunai"},{"floor":27,"key":"Juzu Bracelet"},{"floor":41,"key":"Meat on the Bone"},{"floor":43,"key":"Centennial Puzzle"},{"floor":45,"key":"Peace Pipe"},{"floor":47,"key":"Nunchaku"}],"event_choices":[{"damage_healed":0,"gold_gain":0,"player_choice":"Entered Light","damage_taken":16,"max_hp_gain":0,"max_hp_loss":0,"event_name":"Shining Light","floor":2,"gold_loss":0,"cards_upgraded":["Strike_R","Defend_R"]},{"cards_removed":["Strike_R"],"damage_healed":0,"gold_gain":0,"player_choice":"Card Removal","damage_taken":0,"max_hp_gain":0,"max_hp_loss":0,"event_name":"The Cleric","floor":4,"gold_loss":50},{"damage_healed":0,"gold_gain":75,"player_choice":"Gather Gold","damage_taken":11,"max_hp_gain":0,"max_hp_loss":0,"event_name":"World of Goop","floor":10,"gold_loss":0},{"damage_healed":0,"gold_gain":0,"player_choice":"Fought Mushrooms","damage_taken":0,"max_hp_gain":0,"max_hp_loss":0,"event_name":"Mushrooms","floor":13,"gold_loss":0},{"cards_removed":["Ghostly Armor"],"damage_healed":0,"gold_gain":0,"player_choice":"Gave Card","damage_taken":0,"relics_obtained":["Frozen Egg 2"],"max_hp_gain":0,"max_hp_loss":0,"event_name":"WeMeetAgain","floor":19,"gold_loss":0},{"damage_healed":0,"gold_gain":75,"player_choice":"Touch","damage_taken":8,"max_hp_gain":0,"max_hp_loss":0,"event_name":"FaceTrader","floor":37,"gold_loss":0},{"damage_healed":0,"gold_gain":0,"player_choice":"Got Potions","damage_taken":0,"max_hp_gain":0,"max_hp_loss":0,"event_name":"Lab","floor":39,"gold_loss":0},{"damage_healed":0,"gold_gain":0,"player_choice":"Fight","damage_taken":0,"max_hp_gain":0,"max_hp_loss":0,"event_name":"MindBloom","floor":45,"gold_loss":0},{"damage_healed":0,"gold_gain":0,"player_choice":"Fight","damage_taken":0,"max_hp_gain":0,"max_hp_loss":0,"event_name":"Mysterious Sphere","floor":47,"gold_loss":0}],"is_beta":false,"boss_relics":[{"not_picked":["Ectoplasm","Orrery"],"picked":"Sozu"},{"not_picked":["Velvet Choker","Empty Cage"],"picked":"Busted Crown"}],"items_purged_floors":[11,31,46],"is_endless":false,"potions_floor_spawned":[1,7,13,18,22,27,38,45,47],"ascension_level":0}