{"gold_per_floor":[115,115,125,144,164,164,197,210,210,210,210,210,240,259,259,364,364,384,474,494,494,35,35,106,106,106,116,135,135,135],"floor_reached":30,"playtime":1791,"items_purged":[],"score":260,"play_id":"8a184369-ba82-4346-b3be-bd67279c9de4","local_time":"20180818000142","is_ascension_mode":false,"campfire_choices":[{"floor":6,"key":"REST"},{"floor":11,"key":"REST"},{"floor":15,"key":"REST"},{"floor":23,"key":"REST"},{"floor":25,"key":"REST"}],"neow_cost":"CURSE","seed_source_timestamp":10741979788670,"circlet_count":0,"master_deck":["Strike_B","Strike_B","Strike_B","Strike_B","Defend_B","Defend_B","Defend_B","Defend_B+1","Zap","Dualcast","Meteor Strike","Coolheaded+1","Hello World","Fusion","Creative AI","White Noise","Fusion","Rip and Tear+1","Gash+1","Multi-Cast","Scrape+1","Dramatic Entrance+1","Good Instincts","Sunder+1","Capacitor","Streamline+1","Sweeping Beam+1"],"relics":["Cracked Core","Boot","Kunai","Molten Egg 2","Nuclear Battery","Bottled Lightning","Bag of Marbles","Gremlin Horn","Smiling Mask"],"potions_floor_usage":[5,7,14,18,27,29,29],"damage_taken":[{"damage":1,"enemies":"Cultist","floor":1,"turns":4},{"damage":9,"enemies":"Jaw Worm","floor":3,"turns":3},{"damage":10,"enemies":"Small Slimes","floor":4,"turns":3},{"damage":9,"enemies":"2 Fungi Beasts","floor":5,"turns":4},{"damage":18,"enemies":"Lagavulin","floor":7,"turns":8},{"damage":14,"enemies":"Blue Slaver","floor":8,"turns":4},{"damage":37,"enemies":"3 Sentries","floor":13,"turns":9},{"damage":0,"enemies":"Looter","floor":14,"turns":4},{"damage":28,"enemies":"Hexaghost","floor":16,"turns":11},{"damage":3,"enemies":"Shell Parasite","floor":18,"turns":5},{"damage":16,"enemies":"2 Thieves","floor":20,"turns":3},{"damage":14,"enemies":"Sentry and Sphere","floor":27,"turns":4},{"damage":21,"enemies":"Snake Plant","floor":28,"turns":2},{"damage":15,"enemies":"Slavers","floor":29,"turns":2},{"damage":21,"enemies":"Shelled Parasite and Fungi","floor":30,"turns":2}],"seed_played":"-4107111712362623162","potions_obtained":[{"floor":1,"key":"Poison Potion"},{"floor":3,"key":"SmokeBomb"},{"floor":5,"key":"Energy Potion"},{"floor":8,"key":"GamblersBrew"},{"floor":16,"key":"EssenceOfSteel"},{"floor":20,"key":"Poison Potion"},{"floor":28,"key":"FocusPotion"}],"is_trial":false,"path_per_floor":["M","?","M","M","M","R","E","M","T","?","R","?","E","M","R","B",null,"M","?","M","?","$","R","T","R","T","M","M","E"],"character_chosen":"DEFECT","items_purchased":["Bottled Lightning","Bag of Marbles","Capacitor"],"campfire_rested":5,"item_purchase_floors":[22,22,22],"current_hp_per_floor":[74,74,65,55,46,68,50,36,36,21,43,43,13,13,34,6,72,69,41,25,25,25,46,46,67,67,53,32,17,0],"gold":135,"neow_bonus":"THREE_RARE_CARDS","is_prod":false,"is_daily":false,"chose_seed":false,"campfire_upgraded":0,"win_rate":0,"timestamp":1534543302,"path_taken":["M","?","M","M","M","R","E","M","T","?","R","?","E","M","R","BOSS","M","?","M","?","$","R","?","R","T","M","M","E","?"],"build_version":"2018-08-16","purchased_purges":0,"victory":false,"max_hp_per_floor":[75,75,75,75,75,75,75,75,75,75,75,72,72,72,72,72,72,72,72,72,72,72,72,72,72,72,72,72,72,72],"card_choices":[{"not_picked":["Biased Cognition","Thunder Strike"],"picked":"Meteor Strike","floor":0},{"not_picked":["Stack","Rebound"],"picked":"Coolheaded","floor":1},{"not_picked":["FTL","Coolheaded"],"picked":"Hello World","floor":3},{"not_picked":["Self Repair","Ball Lightning"],"picked":"Fusion","floor":4},{"not_picked":["Barrage","Blizzard"],"picked":"Creative AI","floor":5},{"not_picked":["Hologram","Chill"],"picked":"White Noise","floor":7},{"not_picked":["Chaos","Ball Lightning"],"picked":"Fusion","floor":8},{"not_picked":["Coolheaded","Steam Power"],"picked":"Rip and Tear","floor":13},{"not_picked":["Leap","Ball Lightning+1"],"picked":"Gash+1","floor":14},{"not_picked":["Core Surge+1","Echo Form"],"picked":"Multi-Cast","floor":16},{"not_picked":["Conserve Battery","Ball Lightning+1"],"picked":"Scrape+1","floor":18},{"not_picked":["Steam+1","Compile Driver+1"],"picked":"Sunder+1","floor":20},{"not_picked":["Hyperbeam+1","Ball Lightning+1"],"picked":"Streamline+1","floor":27},{"not_picked":["BootSequence","Streamline+1"],"picked":"Sweeping Beam+1","floor":28}],"player_experience":151311,"relics_obtained":[{"floor":7,"key":"Boot"},{"floor":9,"key":"Kunai"},{"floor":13,"key":"Molten Egg 2"},{"floor":24,"key":"Gremlin Horn"},{"floor":26,"key":"Smiling Mask"}],"event_choices":[{"event_name":"Liars Game","player_choice":"disagreed","floor":2,"damage_taken":0},{"event_name":"Shining Light","player_choice":"Entered Light","floor":10,"damage_taken":0},{"event_name":"Purifier","player_choice":"One Purge","floor":12,"damage_taken":0},{"event_name":"Knowing Skull","player_choice":"CARD CARD GOLD ","floor":19,"damage_taken":0},{"event_name":"Match and Keep!","player_choice":"0 cards matched","floor":21,"damage_taken":0}],"is_beta":false,"boss_relics":[{"not_picked":["Empty Cage","Tiny House"],"picked":"Nuclear Battery"}],"items_purged_floors":[],"is_endless":false,"potions_floor_spawned":[1,3,5,8,16,20,28,29],"killed_by":"Shelled Parasite and Fungi","ascension_level":0}