{"path_per_floor":["M","?","M","M","T","E","?","$","T","M","R","$","?","M","R","B",null,"M","M","?","M","$","R","?","M","T","M","$","E","M","M","R"],"character_chosen":"IRONCLAD","items_purchased":["War Paint"],"gold_per_floor":[17,92,106,121,146,177,177,102,102,120,120,20,20,33,33,133,133,148,166,91,107,107,107,107,119,173,192,48,78,88,102,102,102],"floor_reached":33,"campfire_rested":0,"playtime":1456,"current_hp_per_floor":[80,69,73,78,78,76,76,76,76,80,80,80,80,68,68,51,80,68,60,60,47,47,51,51,54,54,39,39,43,49,50,56,0],"items_purged":["Strike_R","Defend_R"],"gold":102,"score":269,"play_id":"94927185-9fe1-47ae-b9ae-211fae37941c","local_time":"20180324173129","is_prod":false,"is_daily":false,"is_ascension_mode":false,"campfire_upgraded":4,"timestamp":1521937889,"path_taken":["M","?","M","M","?","E","?","?","T","?","R","$","?","M","R","BOSS","M","M","?","M","$","R","?","?","T","M","$","E","M","M","R","BOSS"],"build_version":"2018-03-22v2","purchased_purges":3,"victory":false,"master_deck":["Strike_R","Strike_R","Defend_R","Defend_R+1","Rampage+1","Rampage+1","Double Tap","Double Tap+1","Clash+1","Rage+1","Rampage+1","Pommel Strike+1","Shrug It Off","Shockwave","Juggernaut"],"max_hp_per_floor":[80,80,80,80,80,80,80,80,80,80,80,80,80,80,80,80,80,80,80,80,80,80,80,80,80,80,80,80,80,80,80,80,80],"relics":["Burning Blood","Lantern","Blood Vial","Du-Vu Doll","Eternal Feather","Dream Catcher","War Paint","Vajra"],"card_choices":[{"not_picked":["Clash","Anger"],"picked":"Rampage","floor":1.0},{"not_picked":["Headbutt","Havoc"],"picked":"Rampage","floor":3.0},{"not_picked":["Blood for Blood","Cleave"],"picked":"Double Tap","floor":14.0},{"not_picked":["Berserk","Bludgeon"],"picked":"Double Tap","floor":16.0},{"not_picked":["Iron Wave","Flame Barrier"],"picked":"Clash","floor":18.0},{"not_picked":["Seeing Red","Pummel"],"picked":"Rage","floor":21},{"not_picked":["Bloodletting","Sword Boomerang"],"picked":"Pommel Strike","floor":25},{"not_picked":["Armaments","Clash"],"picked":"Shrug It Off","floor":29},{"not_picked":["Inflame","Evolve"],"picked":"Shockwave","floor":30},{"not_picked":["Cleave","Thunderclap"],"picked":"Juggernaut","floor":31}],"player_experience":32486,"potions_floor_usage":[25,27,27,29,29],"damage_taken":[{"damage":5.0,"enemies":"Cultist","floor":1.0,"turns":4.0},{"damage":2.0,"enemies":"2 Louse","floor":3.0,"turns":3.0},{"damage":1.0,"enemies":"Jaw Worm","floor":4.0,"turns":3.0},{"damage":8.0,"enemies":"Lagavulin","floor":6.0,"turns":7.0},{"damage":1.0,"enemies":"Exordium Wildlife","floor":10.0,"turns":4.0},{"damage":18.0,"enemies":"Large Slime","floor":14.0,"turns":5.0},{"damage":25.0,"enemies":"The Guardian","floor":16.0,"turns":6.0},{"damage":18.0,"enemies":"3 Byrds","floor":18.0,"turns":5.0},{"damage":16,"enemies":"Chosen","floor":19,"turns":5},{"damage":21,"enemies":"Centurion and Healer","floor":21,"turns":4},{"damage":5,"enemies":"Snake Plant","floor":25,"turns":4},{"damage":32,"enemies":"Slaver and Parasite","floor":27,"turns":4},{"damage":13,"enemies":"Slavers","floor":29,"turns":5},{"damage":2,"enemies":"Centurion and Healer","floor":30,"turns":5},{"damage":7,"enemies":"Cultist and Chosen","floor":31,"turns":5},{"damage":63,"enemies":"Automaton","floor":33,"turns":6}],"event_choices":[{"event_name":"World of Goop","player_choice":"Gather Gold","floor":2.0,"damage_taken":0.0},{"event_name":"Bonfire Elementals","player_choice":"BASIC","floor":7.0,"damage_taken":0.0},{"event_name":"Liars Game","player_choice":"disagreed","floor":13.0,"damage_taken":0.0},{"event_name":"Beggar","player_choice":"Gave Gold","floor":20,"damage_taken":0},{"event_name":"Duplicator","player_choice":"One dupe","floor":24,"damage_taken":0}],"boss_relics":[],"potions_floor_spawned":[3,14,16,18,25,27],"seed_played":"-3274776065829035407","killed_by":"Automaton","ascension_level":0,"is_trial":false}