{"path_per_floor":["M","M","?","M","?","E","$","M","T","M","R","?","M","M","R","B",null,"M","M","?","M","$","R","E","?","T","$","T","M","M","M","R","B",null,"M","?","?","?","M","R","?","E","T","R","$","E","M","M","R"],"character_chosen":"THE_SILENT","items_purchased":["Meat on the Bone","Letter Opener"],"gold_per_floor":[118,132,207,226,226,256,17,19,19,33,33,89,99,112,112,213,213,231,244,244,262,0,0,31,31,31,31,83,97,113,123,123,224,224,238,0,0,0,19,19,19,44,44,44,44,70,83,99,99],"floor_reached":50,"campfire_rested":4,"playtime":5703,"current_hp_per_floor":[66,66,55,55,48,29,29,31,31,39,39,36,46,45,45,16,70,70,52,36,34,34,70,49,49,49,49,49,45,45,45,70,54,70,70,70,60,60,60,60,53,28,28,64,64,39,27,21,57],"items_purged":[],"gold":99,"play_id":"a405371f-cf8c-4909-8119-67d04258dad2","is_prod":false,"is_daily":false,"is_ascension_mode":false,"campfire_upgraded":3,"path_taken":["M","?","?","M","?","E","$","M","T","?","R","?","M","M","R","BOSS","M","?","?","M","$","R","E","?","T","?","?","M","?","M","R","BOSS","M","?","?","?","?","R","?","E","T","R","$","E","M","?","R","BOSS"],"build_version":"2018-02-02-BETA1","purchased_purges":0,"victory":false,"master_deck":["Defend_G+1","Defend_G+1","Defend_G+1","Defend_G+1","Defend_G+1","Strike_G+1","Strike_G+1","Strike_G+1","Strike_G+1","Survivor","Neutralize+1","Flying Knee","Dagger Throw","Footwork","Adrenaline","Dagger Throw","Underhanded Strike","Distraction+1","Underhanded Strike","Burst","Flying Knee","Backflip+1","Dodge and Roll+1","Underhanded Strike+1","Caltrops","Well Laid Plans","Wraith Form+1","Acrobatics","Madness","Madness","Dagger Throw","Expertise+1","Deflect+1","Doubt","Choke+1","Infinite Blades+1","Quick Slash"],"max_hp_per_floor":[70,70,70,70,70,70,70,70,70,70,70,70,70,70,70,70,70,70,70,70,70,70,70,70,70,70,70,70,70,70,70,70,70,70,70,70,70,70,70,70,70,70,70,70,70,70,70,70,70],"relics":["Ring of the Snake","Regal Pillow","Meat on the Bone","Sundial","Ninja Scroll","Sozu","Nilry\u0027s Codex","Letter Opener","Dodecahedron","Ginger","Happy Flower","Cursed Key","Red Mask","Torii","Thread and Needle","Smiling Mask"],"card_choices":[{"not_picked":["Deadly Poison","Acrobatics"],"picked":"Flying Knee"},{"not_picked":["Quick Slash","Prepared"],"picked":"Dagger Throw"},{"not_picked":["Prepared","Sucker Punch"],"picked":"Footwork"},{"not_picked":["Catalyst","Deflect"],"picked":"Adrenaline"},{"not_picked":["Poisoned Stab","Sucker Punch"],"picked":"Dagger Throw"},{"not_picked":["Blade Dance","Bane"],"picked":"Underhanded Strike"},{"not_picked":["Quick Slash","Deadly Poison"],"picked":"Distraction"},{"not_picked":["Outmaneuver","Prepared"],"picked":"Underhanded Strike"},{"not_picked":["Venomology","Envenom"],"picked":"Burst"},{"not_picked":["Sucker Punch","Malaise"],"picked":"Flying Knee"},{"not_picked":["Poisoned Stab","Slice"],"picked":"Backflip"},{"not_picked":["Prepared","Sucker Punch"],"picked":"Dodge and Roll"},{"not_picked":["Dodge and Roll","Distraction"],"picked":"Heel Hook"},{"not_picked":["Deflect","Predator"],"picked":"Underhanded Strike"},{"not_picked":["Slice","Bouncing Flask"],"picked":"Caltrops"},{"not_picked":["Slice","Bane"],"picked":"Well Laid Plans"},{"not_picked":["Tools of the Trade","Bullet Time"],"picked":"Wraith Form"},{"not_picked":["Dagger Spray","Blade Dance"],"picked":"Acrobatics"},{"not_picked":["Poisoned Stab","Quick Slash"],"picked":"Expertise"},{"not_picked":["Sucker Punch","Expertise"],"picked":"Deflect"},{"not_picked":["Poisoned Stab","PiercingWail"],"picked":"Choke"},{"not_picked":["Eviscerate","Slice"],"picked":"Infinite Blades"},{"not_picked":["Deadly Poison","PiercingWail"],"picked":"Quick Slash"}],"player_experience":35704,"potions_floor_usage":[8,16],"damage_taken":[{"damage":4,"enemies":"Blue Slaver","floor":1,"turns":6},{"damage":0,"enemies":"2 Louse","floor":2,"turns":2},{"damage":0,"enemies":"Small Slimes","floor":4,"turns":3},{"damage":19,"enemies":"Gremlin Nob","floor":6,"turns":5},{"damage":10,"enemies":"Exordium Thugs","floor":8,"turns":4},{"damage":4,"enemies":"Exordium Wildlife","floor":10,"turns":6},{"damage":3,"enemies":"Lagavulin Event","floor":12,"turns":8},{"damage":2,"enemies":"2 Fungi Beasts","floor":13,"turns":2},{"damage":13,"enemies":"Large Slime","floor":14,"turns":6},{"damage":41,"enemies":"Hexaghost","floor":16,"turns":15},{"damage":0,"enemies":"Spheric Guardian","floor":18,"turns":3},{"damage":18,"enemies":"Shell Parasite","floor":19,"turns":7},{"damage":14,"enemies":"Chosen and Byrds","floor":21,"turns":8},{"damage":21,"enemies":"Book of Stabbing","floor":24,"turns":6},{"damage":16,"enemies":"Sentry and Sphere","floor":29,"turns":5},{"damage":0,"enemies":"Snake Plant","floor":30,"turns":3},{"damage":0,"enemies":"Centurion and Healer","floor":31,"turns":4},{"damage":16,"enemies":"Automaton","floor":33,"turns":9},{"damage":0,"enemies":"3 Shapes","floor":35,"turns":4},{"damage":0,"enemies":"Flame Bruiser 1 Orb","floor":39,"turns":4},{"damage":37,"enemies":"Giant Head","floor":42,"turns":8},{"damage":37,"enemies":"Nemesis","floor":46,"turns":10},{"damage":24,"enemies":"Sphere and 2 Shapes","floor":47,"turns":4},{"damage":18,"enemies":"Flame Bruiser 2 Orb","floor":48,"turns":5},{"damage":63,"enemies":"Awakened One","floor":50,"turns":8}],"event_choices":[{"event_name":"World of Goop","player_choice":"Gather Gold","floor":3,"damage_taken":0},{"event_name":"Golden Wing","player_choice":"Card Removal","floor":5,"damage_taken":0},{"event_name":"Dead Adventurer","player_choice":"Searched \u00273\u0027 times","floor":12,"damage_taken":0},{"event_name":"Cursed Tome","player_choice":"Obtained Book","floor":20,"damage_taken":0},{"event_name":"Back to Basics","player_choice":"Simplicity","floor":25,"damage_taken":0},{"event_name":"Tomb of Lord Red Mask","player_choice":"Paid","floor":36,"damage_taken":0},{"event_name":"Winding Halls","player_choice":"Embrace Madness","floor":37,"damage_taken":0},{"event_name":"Transmorgrifier","player_choice":"Transform","floor":38,"damage_taken":0},{"event_name":"Wheel of Change","player_choice":"Damage","floor":41,"damage_taken":0}],"boss_relics":[{"not_picked":["Ectoplasm","Velvet Choker"],"picked":"Sozu"},{"not_picked":["Eternal Feather","Black Star"],"picked":"Cursed Key"}],"potions_floor_spawned":[6,12,16,18,24,33,35,48],"seed_played":"8327353783614079741","killed_by":"Awakened One","ascension_level":0,"is_trial":false}