{"gold_per_floor":[113,38,57,70,85,113,113,130,208,222,297,47,58,58,58,155,155,173,189,201,25,124,124,39,54,54,66,80,80],"floor_reached":29,"playtime":1916,"items_purged":["Strike_G","Parasite"],"score":266,"play_id":"443c730d-7d1a-47f6-a286-5197b299ba51","local_time":"20181028200629","is_ascension_mode":true,"campfire_choices":[{"data":"Neutralize","floor":7,"key":"SMITH"},{"floor":15,"key":"REST"},{"floor":23,"key":"REST"}],"neow_cost":"NONE","seed_source_timestamp":347522074266580,"circlet_count":0,"master_deck":["Defend_G","Defend_G","Defend_G","Defend_G","Defend_G","Strike_G","Strike_G","Strike_G","Strike_G","Survivor","Neutralize+1","Dodge and Roll","Quick Slash","Backflip","Infinite Blades","Flying Knee","Cloak And Dagger","Envenom","Deflect+1","Cloak And Dagger+1","Leg Sweep+1","Backstab","Blur","Quick Slash+1"],"relics":["Ring of the Serpent","Art of War","Orichalcum","Kunai","Strawberry","Pocketwatch","Ice Cream"],"potions_floor_usage":[10,13,20,29,29],"damage_taken":[{"damage":0,"enemies":"Cultist","floor":1,"turns":4},{"damage":0,"enemies":"2 Louse","floor":3,"turns":3},{"damage":0,"enemies":"Small Slimes","floor":4,"turns":7},{"damage":6,"enemies":"Looter","floor":5,"turns":4},{"damage":43,"enemies":"Gremlin Nob","floor":6,"turns":6},{"damage":8,"enemies":"2 Fungi Beasts","floor":8,"turns":5},{"damage":1,"enemies":"Gremlin Gang","floor":10,"turns":6},{"damage":4,"enemies":"Large Slime","floor":13,"turns":7},{"damage":21,"enemies":"The Guardian","floor":16,"turns":16},{"damage":44,"enemies":"Spheric Guardian","floor":18,"turns":8},{"damage":12,"enemies":"Shell Parasite","floor":19,"turns":8},{"damage":18,"enemies":"Snake Plant","floor":20,"turns":7},{"damage":9,"enemies":"Centurion and Healer","floor":25,"turns":13},{"damage":9,"enemies":"Cultist and Chosen","floor":27,"turns":12},{"damage":11,"enemies":"Snake Plant","floor":28,"turns":8},{"damage":10,"enemies":"3 Cultists","floor":29,"turns":3}],"seed_played":"-6487857416763169110","potions_obtained":[{"floor":6,"key":"Fire Potion"},{"floor":10,"key":"EssenceOfSteel"},{"floor":18,"key":"LiquidBronze"},{"floor":19,"key":"FearPotion"},{"floor":27,"key":"FairyPotion"},{"floor":28,"key":"SteroidPotion"}],"is_trial":false,"path_per_floor":["M","$","M","M","M","E","R","M","T","M","?","$","M","?","R","B",null,"M","M","M","$","?","R","?","M","T","M","M"],"character_chosen":"THE_SILENT","items_purchased":["Fruit Juice","Strawberry","Backstab"],"campfire_rested":2,"item_purchase_floors":[12,12,21],"current_hp_per_floor":[70,70,70,70,64,21,21,13,13,12,1,8,9,29,53,32,82,38,26,8,8,8,31,31,22,22,13,2,0],"gold":80,"neow_bonus":"RANDOM_COMMON_RELIC","is_prod":false,"is_daily":false,"chose_seed":false,"campfire_upgraded":1,"win_rate":0,"timestamp":1540782389,"path_taken":["M","$","M","M","M","E","R","?","T","M","?","$","M","?","R","BOSS","M","M","?","$","?","R","?","?","T","M","M","M"],"build_version":"2018-10-25v2","purchased_purges":2,"victory":false,"max_hp_per_floor":[70,70,70,70,70,70,70,70,70,70,70,77,82,82,82,82,82,82,82,82,79,79,79,79,79,79,79,79,79],"card_choices":[{"not_picked":["Sucker Punch","Flying Knee"],"picked":"Dodge and Roll","floor":1},{"not_picked":["Concentrate","Choke"],"picked":"Quick Slash","floor":3},{"not_picked":["PiercingWail","Slice"],"picked":"Backflip","floor":4},{"not_picked":["Concentrate","A Thousand Cuts","Blade Dance"],"picked":"SKIP","floor":5},{"not_picked":["Tactician","Sucker Punch"],"picked":"Infinite Blades","floor":6},{"not_picked":["Flechettes","Blade Dance","Crippling Poison"],"picked":"SKIP","floor":8},{"not_picked":["Underhanded Strike","Deflect"],"picked":"Flying Knee","floor":10},{"not_picked":["Phantasmal Killer","Blade Dance"],"picked":"Cloak And Dagger","floor":13},{"not_picked":["Unload","Doppelganger"],"picked":"Envenom","floor":16},{"not_picked":["Sucker Punch","Bane"],"picked":"Deflect+1","floor":18},{"not_picked":["Dodge and Roll","Riddle With Holes"],"picked":"Cloak And Dagger+1","floor":19},{"not_picked":["Backflip","Concentrate"],"picked":"Leg Sweep+1","floor":20},{"not_picked":["Heel Hook","Outmaneuver"],"picked":"Blur","floor":25},{"not_picked":["Crippling Poison+1","Leg Sweep","Deflect"],"picked":"SKIP","floor":27},{"not_picked":["Bouncing Flask","Skewer"],"picked":"Quick Slash+1","floor":28}],"player_experience":144095,"relics_obtained":[{"floor":6,"key":"Orichalcum"},{"floor":9,"key":"Kunai"},{"floor":26,"key":"Ice Cream"}],"event_choices":[{"damage_healed":0,"gold_gain":75,"player_choice":"Gather Gold","damage_taken":11,"max_hp_gain":0,"max_hp_loss":0,"event_name":"World of Goop","floor":11,"gold_loss":0},{"damage_healed":20,"gold_gain":0,"player_choice":"Healed and dodged fight","damage_taken":0,"max_hp_gain":0,"max_hp_loss":0,"event_name":"Mushrooms","floor":14,"gold_loss":0,"cards_obtained":["Parasite"]},{"damage_healed":0,"gold_gain":99,"player_choice":"Stole From Cult","damage_taken":0,"max_hp_gain":0,"max_hp_loss":0,"event_name":"Nest","floor":22,"gold_loss":0},{"damage_healed":0,"gold_gain":0,"player_choice":"Obtained Relic","damage_taken":0,"relics_obtained":["Pocketwatch"],"max_hp_gain":0,"max_hp_loss":0,"event_name":"Addict","floor":24,"gold_loss":85}],"is_beta":false,"boss_relics":[{"not_picked":["HoveringKite","Runic Pyramid"],"picked":"Ring of the Serpent"}],"items_purged_floors":[2,21],"is_endless":false,"potions_floor_spawned":[6,10,18,19,27,28],"killed_by":"3 Cultists","ascension_level":3}