{"gold_per_floor":[116,116,130,130,146,146,179,196,196,214,229,229,258,284,284,389,389,408,424,436,334,353,353,378,378,378,378,395,395,395,418,418,418],"floor_reached":33,"playtime":1576,"items_purged":["Strike_G"],"score":360,"play_id":"a77c3fdf-cb1c-4cbe-b4bd-862943a81f09","local_time":"20190505095048","is_ascension_mode":true,"campfire_choices":[{"data":"Neutralize","floor":6,"key":"SMITH"},{"data":"Footwork","floor":12,"key":"SMITH"},{"data":"Glass Knife","floor":15,"key":"SMITH"},{"data":"Skewer","floor":23,"key":"SMITH"},{"floor":30,"key":"REST"},{"data":"Backflip","floor":32,"key":"SMITH"}],"neow_cost":"NONE","seed_source_timestamp":663512945075502,"circlet_count":0,"master_deck":["Defend_G","Defend_G","Defend_G","Defend_G","Defend_G","Strike_G","Strike_G","Strike_G","Survivor","Neutralize+1","Dash","Glass Knife+1","Skewer+1","Footwork+1","Backflip+1","Dash","Leg Sweep+1","Deflect","Backstab","Deflect+1"],"relics":["Ring of the Snake","Bronze Scales","Meat on the Bone","Ninja Scroll","Centennial Puzzle","Busted Crown","Red Mask","Ancient Tea Set","Juzu Bracelet","Art of War"],"potions_floor_usage":[7,7,8,16,18,20,24,33],"damage_taken":[{"damage":1,"enemies":"Small Slimes","floor":1,"turns":4},{"damage":0,"enemies":"Cultist","floor":3,"turns":4},{"damage":0,"enemies":"Jaw Worm","floor":5,"turns":3},{"damage":4,"enemies":"Gremlin Nob","floor":7,"turns":5},{"damage":0,"enemies":"Lots of Slimes","floor":8,"turns":1},{"damage":6,"enemies":"Large Slime","floor":10,"turns":6},{"damage":1,"enemies":"Looter","floor":11,"turns":3},{"damage":4,"enemies":"Lagavulin","floor":13,"turns":10},{"damage":9,"enemies":"Slime Boss","floor":16,"turns":8},{"damage":0,"enemies":"Shell Parasite","floor":18,"turns":3},{"damage":0,"enemies":"3 Byrds","floor":19,"turns":4},{"damage":4,"enemies":"Cultist and Chosen","floor":20,"turns":5},{"damage":0,"enemies":"Snecko","floor":22,"turns":5},{"damage":4,"enemies":"Masked Bandits","floor":24,"turns":4},{"damage":0,"enemies":"3 Cultists","floor":28,"turns":6},{"damage":65,"enemies":"Collector","floor":33,"turns":17}],"seed_played":"4659367721927469573","potions_obtained":[{"floor":0,"key":"EntropicBrew"},{"floor":0,"key":"SkillPotion"},{"floor":0,"key":"FairyPotion"},{"floor":8,"key":"LiquidBronze"},{"floor":13,"key":"Fire Potion"},{"floor":16,"key":"AttackPotion"},{"floor":20,"key":"Energy Potion"},{"floor":28,"key":"Weak Potion"}],"is_trial":false,"path_per_floor":["M","?","M","?","M","R","E","M","T","M","M","R","E","T","R","B",null,"M","M","M","$","M","R","?","?","T","?","M","?","R","T","R","B"],"character_chosen":"THE_SILENT","items_purchased":["Deflect"],"campfire_rested":1,"item_purchase_floors":[21],"current_hp_per_floor":[62,62,62,62,62,62,58,58,58,52,51,51,47,47,47,38,62,62,62,58,58,58,58,54,54,54,41,41,41,63,63,63,0],"gold":418,"neow_bonus":"THREE_SMALL_POTIONS","is_prod":false,"is_daily":false,"chose_seed":false,"campfire_upgraded":5,"win_rate":0,"timestamp":1557075048,"path_taken":["M","?","?","?","?","R","E","?","T","M","M","R","E","?","R","BOSS","M","M","?","$","M","R","?","?","T","?","M","?","R","?","R","BOSS"],"build_version":"2019-01-23","purchased_purges":1,"victory":false,"max_hp_per_floor":[70,70,70,70,70,70,70,70,70,70,70,70,70,70,70,70,70,70,70,70,70,70,70,70,70,70,75,75,75,75,75,75,75],"card_choices":[{"not_picked":["Quick Slash","Blade Dance"],"picked":"Dash","floor":1},{"not_picked":["Eviscerate","Flechettes"],"picked":"Glass Knife","floor":3},{"not_picked":["Tactician","Catalyst"],"picked":"Skewer","floor":5},{"not_picked":["Bane","Dagger Throw"],"picked":"Footwork","floor":7},{"not_picked":["Blade Dance","Cloak And Dagger"],"picked":"Backflip","floor":8},{"not_picked":["Wraith Form v2","Dodge and Roll","Bane"],"picked":"SKIP","floor":10},{"not_picked":["Tactician","Bane","Dagger Spray"],"picked":"SKIP","floor":11},{"not_picked":["Bane","Flying Knee"],"picked":"Dash","floor":13},{"not_picked":[],"picked":"Leg Sweep+1","floor":18},{"not_picked":["Calculated Gamble"],"picked":"SKIP","floor":19},{"not_picked":["Dagger Throw"],"picked":"SKIP","floor":20},{"not_picked":[],"picked":"Backstab","floor":22},{"not_picked":[],"picked":"Deflect+1","floor":28}],"player_experience":324272,"relics_obtained":[{"floor":7,"key":"Bronze Scales"},{"floor":9,"key":"Meat on the Bone"},{"floor":13,"key":"Ninja Scroll"},{"floor":14,"key":"Centennial Puzzle"},{"floor":24,"key":"Red Mask"},{"floor":26,"key":"Ancient Tea Set"},{"floor":31,"key":"Art of War"}],"event_choices":[{"damage_healed":0,"gold_gain":0,"player_choice":"Bought 0 Potions","damage_taken":0,"max_hp_gain":0,"max_hp_loss":0,"event_name":"The Woman in Blue","floor":2,"gold_loss":0},{"cards_removed":["Strike_G"],"damage_healed":0,"gold_gain":0,"player_choice":"Offered Basic","damage_taken":0,"max_hp_gain":0,"max_hp_loss":0,"event_name":"Bonfire Elementals","floor":4,"gold_loss":0},{"damage_healed":0,"gold_gain":0,"player_choice":"Fought Bandits","damage_taken":0,"max_hp_gain":0,"max_hp_loss":0,"event_name":"Masked Bandits","floor":24,"gold_loss":0},{"damage_healed":0,"gold_gain":0,"player_choice":"Ignored","damage_taken":0,"max_hp_gain":0,"max_hp_loss":0,"event_name":"Ghosts","floor":25,"gold_loss":0},{"damage_healed":0,"gold_gain":0,"player_choice":"Shed Blood","damage_taken":18,"max_hp_gain":5,"max_hp_loss":0,"event_name":"Forgotten Altar","floor":27,"gold_loss":0},{"damage_healed":0,"gold_gain":0,"player_choice":"Opened","damage_taken":0,"relics_obtained":["Juzu Bracelet"],"max_hp_gain":0,"max_hp_loss":0,"event_name":"The Mausoleum","floor":29,"gold_loss":0}],"is_beta":false,"boss_relics":[{"not_picked":["WristBlade","Velvet Choker"],"picked":"Busted Crown"}],"items_purged_floors":[21],"is_endless":false,"potions_floor_spawned":[5,8,10,13,16,20,28],"killed_by":"Collector","ascension_level":8}