{"gold_per_floor":[118,134,134,146,2,34,34,61,108,119,146,162,162,162,162,236,236,251,264,279,279,294,322,332,332],"floor_reached":25,"playtime":1575,"items_purged":[],"score":417,"play_id":"0ff519fc-1c37-49fd-aa04-d756f04f096c","local_time":"20190523213453","is_ascension_mode":true,"campfire_choices":[{"floor":7.0,"key":"REST"},{"floor":15,"key":"REST"}],"neow_cost":"NONE","seed_source_timestamp":0,"circlet_count":0,"master_deck":["AscendersBane","Defend_G","Defend_G","Defend_G","Defend_G","Strike_G","Strike_G","Strike_G","Survivor","Neutralize","Caltrops","Finisher","Heel Hook","Sucker Punch","Heel Hook","Blade Dance","Infinite Blades","Endless Agony","Wraith Form v2","Infinite Blades+1","Footwork+1","Skewer+1","Dodge and Roll+1","Heel Hook","Backflip","Concentrate","Sucker Punch","Footwork","Poisoned Stab+1"],"special_seed":0,"relics":["Ring of the Snake","NeowsBlessing","Vajra","Shuriken","Omamori","Anchor","Strawberry","Astrolabe","Bag of Preparation"],"potions_floor_usage":[11,12,19,22,23,23,25],"damage_taken":[{"damage":0.0,"enemies":"Jaw Worm","floor":1.0,"turns":1.0},{"damage":0.0,"enemies":"Small Slimes","floor":2.0,"turns":1.0},{"damage":0.0,"enemies":"Cultist","floor":4.0,"turns":1.0},{"damage":45.0,"enemies":"Lagavulin","floor":6.0,"turns":6.0},{"damage":14.0,"enemies":"Gremlin Nob","floor":8.0,"turns":3.0},{"damage":19.0,"enemies":"Exordium Thugs","floor":10.0,"turns":4.0},{"damage":5,"enemies":"Lagavulin","floor":11,"turns":3},{"damage":12,"enemies":"Lots of Slimes","floor":12,"turns":4},{"damage":23,"enemies":"Hexaghost","floor":16,"turns":6},{"damage":4,"enemies":"3 Byrds","floor":18,"turns":3},{"damage":7,"enemies":"Spheric Guardian","floor":19,"turns":4},{"damage":1,"enemies":"Chosen and Byrds","floor":20,"turns":5},{"damage":10,"enemies":"Snecko","floor":22,"turns":5},{"damage":15,"enemies":"Slavers","floor":23,"turns":3},{"damage":22,"enemies":"Cultist and Chosen","floor":24,"turns":5},{"damage":18,"enemies":"Gremlin Leader","floor":25,"turns":7}],"seed_played":"3481210124688667391","potions_obtained":[{"floor":1.0,"key":"EntropicBrew"},{"floor":10.0,"key":"SteroidPotion"},{"floor":11,"key":"PowerPotion"},{"floor":16,"key":"FearPotion"},{"floor":18,"key":"Block Potion"},{"floor":20,"key":"Regen Potion"},{"floor":22,"key":"AttackPotion"},{"floor":23,"key":"Strength Potion"}],"is_trial":false,"path_per_floor":["M","M","?","M","$","E","R","E","T","M","E","M","?","?","R","B",null,"M","M","M","?","M","E","M","E"],"character_chosen":"THE_SILENT","items_purchased":["Vajra"],"campfire_rested":2,"item_purchase_floors":[5],"current_hp_per_floor":[59,59,59,59,59,14,33,31,31,12,14,2,26,26,47,24,61,57,50,49,49,53,38,16,0],"gold":332,"neow_bonus":"THREE_ENEMY_KILL","is_prod":false,"is_daily":false,"chose_seed":false,"campfire_upgraded":0,"win_rate":0,"timestamp":1558636493,"path_taken":["M","M","?","M","$","E","R","E","T","M","E","M","?","?","R","BOSS","M","M","?","?","M","E","M","E"],"build_version":"2019-01-23","purchased_purges":0,"victory":false,"max_hp_per_floor":[66,66,66,66,66,66,66,66,66,66,73,73,73,73,73,73,73,73,73,73,73,73,73,73,73],"card_choices":[{"not_picked":["Footwork","Leg Sweep"],"picked":"Caltrops","floor":1.0},{"not_picked":["Dagger Spray","Masterful Stab"],"picked":"Finisher","floor":2.0},{"not_picked":["Underhanded Strike","Bane"],"picked":"Heel Hook","floor":4.0},{"not_picked":["PiercingWail","Dodge and Roll"],"picked":"Sucker Punch","floor":6.0},{"not_picked":["Underhanded Strike","Leg Sweep"],"picked":"Heel Hook","floor":8.0},{"not_picked":["Flying Knee","Accuracy"],"picked":"Blade Dance","floor":10.0},{"not_picked":["Dagger Spray","Unload"],"picked":"Infinite Blades","floor":11},{"not_picked":["Riddle With Holes","Bane"],"picked":"Endless Agony","floor":12},{"not_picked":["Grand Finale","Malaise"],"picked":"Doppelganger","floor":16},{"not_picked":["Bane","Footwork"],"picked":"Dodge and Roll+1","floor":18},{"not_picked":["Bouncing Flask","Quick Slash"],"picked":"Heel Hook","floor":19},{"not_picked":["Underhanded Strike","Poisoned Stab+1"],"picked":"Backflip","floor":20},{"not_picked":["Bane","Cloak And Dagger"],"picked":"Sucker Punch","floor":22},{"not_picked":["Acrobatics","Eviscerate"],"picked":"Footwork","floor":23},{"not_picked":["Acrobatics+1","Reflex"],"picked":"Poisoned Stab+1","floor":24}],"player_experience":486347,"relics_obtained":[{"floor":6.0,"key":"Shuriken"},{"floor":8.0,"key":"Omamori"},{"floor":9.0,"key":"Anchor"},{"floor":11,"key":"Strawberry"},{"floor":23,"key":"Bag of Preparation"}],"event_choices":[{"damage_healed":0.0,"max_hp_gain":0.0,"max_hp_loss":0.0,"gold_gain":0.0,"event_name":"The Cleric","player_choice":"Leave","floor":3.0,"gold_loss":0.0,"damage_taken":0.0},{"damage_healed":24,"gold_gain":0,"player_choice":"Banana","damage_taken":0,"max_hp_gain":0,"max_hp_loss":0,"event_name":"Big Fish","floor":13,"gold_loss":0},{"damage_healed":0,"gold_gain":0,"player_choice":"1 cards matched","damage_taken":0,"max_hp_gain":0,"max_hp_loss":0,"event_name":"Match and Keep!","floor":14,"gold_loss":0,"cards_obtained":["Wraith Form v2"]},{"damage_healed":0,"gold_gain":0,"cards_transformed":["Strike_G"],"player_choice":"Transformed","damage_taken":0,"max_hp_gain":0,"max_hp_loss":0,"event_name":"Transmorgrifier","floor":21,"gold_loss":0,"cards_obtained":["Concentrate"]}],"is_beta":false,"boss_relics":[{"not_picked":["Orrery","Velvet Choker"],"picked":"Astrolabe"}],"items_purged_floors":[],"is_endless":false,"potions_floor_spawned":[1,10,11,16,18,20,22,23],"killed_by":"Gremlin Leader","ascension_level":14}