{"gold_per_floor":[360,360,32,32,0,31,43,43,43,73,73,73,102,116,116,213,213,193,193,34,54,54,54,83,83,83,83,113,129,157,177,177,278,278,292,41,41,52,52,52,83,183,183,216,230,230,130,143,143,143,143,143,62,89,89],"floor_reached":55,"playtime":5920,"items_purged":["Writhe","Pain"],"score":1067,"play_id":"6e476a0e-0036-48b7-8ae0-d6bbab51e7b9","local_time":"20181215200550","is_ascension_mode":true,"campfire_choices":[{"floor":12.0,"key":"REST"},{"floor":15.0,"key":"REST"},{"data":"Footwork","floor":23.0,"key":"SMITH"},{"data":"Cloak And Dagger","floor":25.0,"key":"SMITH"},{"floor":32.0,"key":"RECALL"},{"data":"Survivor","floor":40.0,"key":"SMITH"},{"data":"Defend_G","floor":46.0,"key":"SMITH"},{"data":"Defend_G","floor":49.0,"key":"SMITH"},{"data":"Neutralize","floor":52,"key":"SMITH"}],"neow_cost":"TEN_PERCENT_HP_LOSS","seed_source_timestamp":0,"circlet_count":0,"master_deck":["Defend_G","Defend_G","Defend_G","Defend_G+1","Defend_G+1","Survivor+1","Neutralize+1","Cloak And Dagger+1","Footwork+1","Dagger Spray+1","Blade Dance+1","Accuracy+1","Adrenaline+1","Blur+1","Adrenaline+1","All Out Attack+1","Endless Agony+1","Poisoned Stab+1","Cloak And Dagger+1","RitualDagger+1","Finisher+1","Bite+1","Bite+1","Bite+1","Bite+1","Bite+1","PiercingWail+1","Adrenaline+1","Dodge and Roll+1","Poisoned Stab+1","Grand Finale+1","Backflip+1","Madness+1","Madness+1","Blade Dance+1","Secret Technique+1","Acrobatics+1","Writhe","Sucker Punch+1","Storm of Steel+1","Distraction+1","Noxious Fumes","Dash+1"],"special_seed":0,"relics":["Ring of the Snake","Molten Egg 2","Ornamental Fan","Toxic Egg 2","Torii","Boot","Tough Bandages","Cursed Key","Sundial","Centennial Puzzle","Kunai","Bottled Tornado","Bottled Flame","Black Star","Ninja Scroll","Orichalcum","Darkstone Periapt","Dead Branch","Art of War","Ancient Tea Set","Tingsha","Bag of Preparation"],"potions_floor_usage":[55],"damage_taken":[{"damage":0.0,"enemies":"Jaw Worm","floor":1.0,"turns":5.0},{"damage":22.0,"enemies":"Lagavulin","floor":6.0,"turns":13.0},{"damage":3.0,"enemies":"Small Slimes","floor":7.0,"turns":2.0},{"damage":15.0,"enemies":"Gremlin Nob","floor":10.0,"turns":5.0},{"damage":12.0,"enemies":"3 Sentries","floor":13.0,"turns":6.0},{"damage":0.0,"enemies":"2 Louse","floor":14.0,"turns":1.0},{"damage":10.0,"enemies":"The Guardian","floor":16.0,"turns":15.0},{"damage":0.0,"enemies":"2 Thieves","floor":18.0,"turns":4.0},{"damage":0.0,"enemies":"Shell Parasite","floor":21.0,"turns":3.0},{"damage":0.0,"enemies":"Slavers","floor":24.0,"turns":2.0},{"damage":14.0,"enemies":"Book of Stabbing","floor":28.0,"turns":3.0},{"damage":4.0,"enemies":"Cultist and Chosen","floor":29.0,"turns":4.0},{"damage":1.0,"enemies":"Slavers","floor":30.0,"turns":4.0},{"damage":0.0,"enemies":"Chosen and Byrds","floor":31.0,"turns":3.0},{"damage":10.0,"enemies":"Collector","floor":33.0,"turns":12.0},{"damage":2.0,"enemies":"Orb Walker","floor":35.0,"turns":4.0},{"damage":6.0,"enemies":"3 Darklings","floor":38.0,"turns":3.0},{"damage":19.0,"enemies":"Reptomancer","floor":41.0,"turns":4.0},{"damage":4.0,"enemies":"Mind Bloom Boss Battle","floor":42.0,"turns":5.0},{"damage":4.0,"enemies":"Giant Head","floor":44.0,"turns":4.0},{"damage":13.0,"enemies":"Writhing Mass","floor":45.0,"turns":4.0},{"damage":0.0,"enemies":"Transient","floor":48.0,"turns":5.0},{"damage":1.0,"enemies":"Time Eater","floor":50.0,"turns":10.0},{"damage":2,"enemies":"Shield and Spear","floor":54,"turns":5},{"damage":86,"enemies":"The Heart","floor":55,"turns":14}],"seed_played":"-4191444130533490826","potions_obtained":[{"floor":1.0,"key":"GamblersBrew"},{"floor":16.0,"key":"Explosive Potion"},{"floor":18.0,"key":"EssenceOfSteel"},{"floor":30.0,"key":"SkillPotion"},{"floor":31.0,"key":"Block Potion"},{"floor":33.0,"key":"EssenceOfSteel"},{"floor":35.0,"key":"Energy Potion"},{"floor":45.0,"key":"SkillPotion"},{"floor":48.0,"key":"PowerPotion"},{"floor":54,"key":"Block Potion"}],"is_trial":false,"path_per_floor":["M","?","$","?","?","E","M","?","T","E","?","R","E","M","R","B",null,"M","?","$","M","?","R","E","R","T","?","E","M","E","M","R","B",null,"M","$","?","M","?","R","E","?","T","E","M","R","$","M","R","B",null,"R","$","E","B"],"character_chosen":"THE_SILENT","items_purchased":["Molten Egg 2","Footwork","Endless Agony+1","Poisoned Stab+1","Ninja Scroll","Noxious Fumes"],"campfire_rested":2,"item_purchase_floors":[3,3,20,20,36,53],"current_hp_per_floor":[63,63,63,51,51,29,26,26,26,11,11,29,17,17,35,25,63,63,63,63,63,57,57,57,57,57,44,42,40,44,44,44,44,44,44,44,38,41,41,41,31,42,48,50,50,50,50,50,50,49,50,50,50,50,0],"gold":89,"neow_bonus":"TWO_FIFTY_GOLD","is_prod":false,"is_daily":false,"chose_seed":false,"campfire_upgraded":6,"win_rate":0,"timestamp":1544900750,"path_taken":["M","?","$","?","?","E","M","?","T","E","?","R","E","M","R","BOSS","M","?","$","M","?","R","E","R","T","?","E","M","E","M","R","BOSS","M","$","?","M","?","R","E","?","T","E","M","R","$","M","R","BOSS","R","$","E","BOSS"],"build_version":"2018-12-13","purchased_purges":2,"victory":false,"max_hp_per_floor":[63,63,63,63,63,63,63,63,63,63,63,63,63,63,63,63,63,63,63,63,63,63,63,63,63,63,44,44,44,44,44,44,44,44,44,44,44,44,44,44,44,44,50,50,50,50,50,50,50,50,50,50,50,50,50],"card_choices":[{"not_picked":["Caltrops","Slice"],"picked":"Cloak And Dagger","floor":1.0},{"not_picked":["Outmaneuver","Blade Dance"],"picked":"Dagger Spray+1","floor":6.0},{"not_picked":["Deflect+1","Deadly Poison+1"],"picked":"Blade Dance+1","floor":7.0},{"not_picked":["Quick Slash+1","Prepared+1"],"picked":"Accuracy","floor":10.0},{"not_picked":["Eviscerate+1","Backstab+1"],"picked":"Adrenaline+1","floor":13.0},{"not_picked":["Catalyst+1","Backstab+1"],"picked":"Blur+1","floor":14.0},{"not_picked":["Unload+1","Wraith Form v2"],"picked":"Adrenaline+1","floor":16.0},{"not_picked":["Deflect+1","PiercingWail+1"],"picked":"All Out Attack+1","floor":18.0},{"not_picked":["Blade Dance+1","Dodge and Roll+1"],"picked":"Cloak And Dagger+1","floor":21.0},{"not_picked":["Acrobatics+1","Well Laid Plans"],"picked":"Finisher+1","floor":24.0},{"not_picked":["Dagger Throw+1","PiercingWail+1","Catalyst+1"],"picked":"SKIP","floor":28.0},{"not_picked":["Dagger Throw+1","Catalyst+1"],"picked":"PiercingWail+1","floor":28.0},{"not_picked":["Choke+1","PiercingWail+1"],"picked":"Adrenaline+1","floor":29.0},{"not_picked":["Outmaneuver+1","Dagger Throw+1"],"picked":"Dodge and Roll+1","floor":30.0},{"not_picked":["Slice+1","Dagger Throw+1"],"picked":"Poisoned Stab+1","floor":31.0},{"not_picked":["A Thousand Cuts","Glass Knife+1"],"picked":"Grand Finale+1","floor":33.0},{"not_picked":["Sucker Punch+1","PiercingWail+1"],"picked":"Backflip+1","floor":35.0},{"not_picked":["Underhanded Strike+1","Prepared+1"],"picked":"Blade Dance+1","floor":38.0},{"not_picked":["Swift Strike+1","Mind Blast+1"],"picked":"Secret Technique+1","floor":39.0},{"not_picked":["Slice+1","Grand Finale+1","Predator+1"],"picked":"SKIP","floor":41.0},{"not_picked":["Poisoned Stab+1","Dagger Throw+1"],"picked":"Acrobatics+1","floor":42.0},{"not_picked":["PiercingWail+1","Dagger Throw+1"],"picked":"Sucker Punch+1","floor":44.0},{"not_picked":["Catalyst+1","Riddle With Holes+1"],"picked":"Storm of Steel+1","floor":45.0},{"not_picked":["Dagger Throw+1","Blade Dance+1"],"picked":"Distraction+1","floor":48.0},{"not_picked":["Outmaneuver+1","Flying Knee+1"],"picked":"Dash+1","floor":54}],"player_experience":283815,"relics_obtained":[{"floor":6.0,"key":"Toxic Egg 2"},{"floor":9.0,"key":"Torii"},{"floor":10.0,"key":"Boot"},{"floor":13.0,"key":"Tough Bandages"},{"floor":24.0,"key":"Centennial Puzzle"},{"floor":26.0,"key":"Kunai"},{"floor":28.0,"key":"Bottled Tornado"},{"floor":30.0,"key":"Bottled Flame"},{"floor":41.0,"key":"Orichalcum"},{"floor":41.0,"key":"Darkstone Periapt"},{"floor":42.0,"key":"Dead Branch"},{"floor":44.0,"key":"Art of War"},{"floor":44.0,"key":"Ancient Tea Set"},{"floor":54,"key":"Tingsha"},{"floor":54,"key":"Bag of Preparation"}],"event_choices":[{"damage_healed":0.0,"max_hp_gain":0.0,"max_hp_loss":0.0,"gold_gain":0.0,"event_name":"The Cleric","player_choice":"Leave","floor":2.0,"gold_loss":0.0,"damage_taken":0.0},{"damage_healed":0.0,"max_hp_gain":0.0,"max_hp_loss":0.0,"gold_gain":0.0,"event_name":"Scrap Ooze","player_choice":"Success","floor":4.0,"gold_loss":0.0,"damage_taken":12.0,"relics_obtained":["Ornamental Fan"]},{"damage_healed":0.0,"max_hp_gain":0.0,"max_hp_loss":0.0,"gold_gain":0.0,"event_name":"World of Goop","player_choice":"Left Gold","floor":5.0,"gold_loss":32.0,"damage_taken":0.0},{"damage_healed":0.0,"max_hp_gain":0.0,"max_hp_loss":0.0,"gold_gain":0.0,"event_name":"Liars Game","player_choice":"Ignored","floor":8.0,"gold_loss":0.0,"damage_taken":0.0},{"damage_healed":0.0,"max_hp_gain":0.0,"max_hp_loss":0.0,"gold_gain":0.0,"event_name":"Living Wall","player_choice":"Grow","floor":11.0,"gold_loss":0.0,"damage_taken":0.0,"cards_upgraded":["Accuracy"]},{"damage_healed":0.0,"max_hp_gain":0.0,"max_hp_loss":0.0,"gold_gain":0.0,"event_name":"The Mausoleum","player_choice":"Opened","floor":19.0,"gold_loss":0.0,"damage_taken":0.0,"relics_obtained":["Sundial"],"cards_obtained":["Writhe"]},{"damage_healed":0.0,"max_hp_gain":0.0,"max_hp_loss":0.0,"gold_gain":0.0,"event_name":"Nest","player_choice":"Joined the Cult","floor":22.0,"gold_loss":0.0,"damage_taken":6.0,"cards_obtained":["RitualDagger"]},{"damage_healed":0.0,"max_hp_gain":0.0,"max_hp_loss":19.0,"gold_gain":0.0,"event_name":"Vampires","player_choice":"Became a vampire","floor":27.0,"gold_loss":0.0,"damage_taken":0.0,"cards_obtained":["Bite","Bite","Bite","Bite","Bite"]},{"damage_healed":0.0,"max_hp_gain":0.0,"max_hp_loss":0.0,"gold_gain":0.0,"event_name":"Winding Halls","player_choice":"Embrace Madness","floor":37.0,"gold_loss":0.0,"damage_taken":6.0,"cards_obtained":["Madness","Madness"]},{"damage_healed":0.0,"max_hp_gain":0.0,"max_hp_loss":0.0,"gold_gain":0.0,"event_name":"SensoryStone","player_choice":"Memory 1","floor":39.0,"gold_loss":0.0,"damage_taken":0.0},{"damage_healed":0.0,"max_hp_gain":0.0,"max_hp_loss":0.0,"gold_gain":0.0,"event_name":"MindBloom","player_choice":"Fight","floor":42.0,"gold_loss":0.0,"damage_taken":0.0}],"is_beta":false,"boss_relics":[{"not_picked":["Orrery","Pandora\u0027s Box"],"picked":"Cursed Key"},{"not_picked":["Astrolabe","Velvet Choker"],"picked":"Black Star"}],"items_purged_floors":[20,47],"is_endless":false,"potions_floor_spawned":[1,16,18,30,31,33,35,45,48,54],"killed_by":"The Heart","ascension_level":2}