{"gold_per_floor":[114,114,114,129,154,154,192,192,192,192,192,235,101,116,116,116],"floor_reached":16,"playtime":589,"items_purged":[],"score":216,"play_id":"d688849f-6614-43b3-a670-9638a6c6f72a","local_time":"20190526003552","is_ascension_mode":true,"campfire_choices":[{"floor":6,"key":"REST"},{"floor":10,"key":"REST"},{"floor":15,"key":"REST"}],"neow_cost":"TEN_PERCENT_HP_LOSS","seed_source_timestamp":290398216980579,"circlet_count":0,"master_deck":["AscendersBane","Strike_R","Strike_R","Strike_R","Strike_R","Strike_R","Defend_R","Defend_R","Defend_R","Defend_R","Bash","Panacea","Deep Breath","Twin Strike","Perfected Strike","Flame Barrier","Twin Strike+1"],"relics":["Burning Blood","Golden Idol","Molten Egg 2","Singing Bowl","Self Forming Clay","Boot","Tiny Chest"],"potions_floor_usage":[7,7,16],"damage_taken":[{"damage":10,"enemies":"2 Louse","floor":1,"turns":2},{"damage":11,"enemies":"Small Slimes","floor":4,"turns":4},{"damage":9,"enemies":"Jaw Worm","floor":5,"turns":3},{"damage":22,"enemies":"Lagavulin","floor":7,"turns":6},{"damage":29,"enemies":"Gremlin Nob","floor":12,"turns":4},{"damage":1,"enemies":"Looter","floor":14,"turns":4},{"damage":51,"enemies":"Hexaghost","floor":16,"turns":9}],"seed_played":"-6214483733001282680","potions_obtained":[{"floor":1,"key":"Weak Potion"},{"floor":4,"key":"FearPotion"},{"floor":14,"key":"EssenceOfSteel"}],"is_trial":false,"path_per_floor":["M","$","?","M","M","R","E","?","T","R","?","E","$","M","R","B"],"character_chosen":"IRONCLAD","items_purchased":["Tiny Chest"],"campfire_rested":3,"item_purchase_floors":[13],"current_hp_per_floor":[64,64,41,36,33,53,37,30,30,50,45,22,22,29,50,0],"gold":116,"neow_bonus":"RANDOM_COLORLESS_2","is_prod":false,"is_daily":false,"chose_seed":false,"campfire_upgraded":0,"win_rate":0,"timestamp":1558820152,"path_taken":["M","$","?","M","M","R","E","?","T","R","?","E","$","?","R","BOSS"],"build_version":"2019-01-23","purchased_purges":0,"victory":false,"max_hp_per_floor":[68,68,68,68,68,68,68,68,68,68,68,68,68,70,70,70],"card_choices":[{"not_picked":["Headbutt","Armaments"],"picked":"Havoc","floor":1},{"not_picked":["Flex","Berserk"],"picked":"Twin Strike","floor":4},{"not_picked":["Ghostly Armor","Iron Wave"],"picked":"Perfected Strike","floor":5},{"not_picked":["Dropkick","Heavy Blade"],"picked":"Flame Barrier","floor":7},{"not_picked":["Cleave+1","Iron Wave+1"],"picked":"Twin Strike+1","floor":12},{"not_picked":["Warcry","Armaments","Flex"],"picked":"Singing Bowl","floor":14}],"player_experience":514860,"relics_obtained":[{"floor":7,"key":"Molten Egg 2"},{"floor":9,"key":"Singing Bowl"},{"floor":12,"key":"Boot"}],"event_choices":[{"damage_healed":0,"gold_gain":0,"player_choice":"Take Damage","damage_taken":23,"relics_obtained":["Golden Idol"],"max_hp_gain":0,"max_hp_loss":0,"event_name":"Golden Idol","floor":3,"gold_loss":0},{"cards_removed":["Havoc"],"damage_healed":0,"gold_gain":0,"player_choice":"Card Removal","damage_taken":7,"max_hp_gain":0,"max_hp_loss":0,"event_name":"Golden Wing","floor":8,"gold_loss":0},{"damage_healed":0,"gold_gain":0,"player_choice":"Success","damage_taken":5,"relics_obtained":["Self Forming Clay"],"max_hp_gain":0,"max_hp_loss":0,"event_name":"Scrap Ooze","floor":11,"gold_loss":0}],"is_beta":false,"boss_relics":[],"items_purged_floors":[],"is_endless":false,"potions_floor_spawned":[1,4,14],"killed_by":"Hexaghost","ascension_level":20}