{"path_per_floor":["M","M","?","M","M","R","?","M","T","M","?","R","E","M","R","B",null,"M","?","M","M","M","R","M","M","T","T","$","E","R","M","R","B",null,"M","?","?","M","M","R","M","R","T","E","?","M","$","M","R"],"character_chosen":"THE_SILENT","items_purchased":["Sadistic Nature","Blur","Ancient Tea Set","Noxious Fumes"],"gold_per_floor":[117,135,135,146,160,160,160,176,176,192,192,192,218,232,232,332,332,345,270,288,299,312,312,323,335,335,335,15,76,76,86,86,183,183,198,198,198,218,235,235,246,246,295,328,328,339,21,35,35,35],"floor_reached":50,"campfire_rested":6,"playtime":3259,"current_hp_per_floor":[63,59,56,56,36,36,36,32,32,31,31,31,23,23,41,19,63,59,59,56,56,45,45,31,27,27,27,27,16,34,28,46,40,63,56,73,73,65,26,47,44,65,65,20,20,8,8,8,29,0],"items_purged":["Strike_G","Strike_G"],"gold":35,"score":550,"play_id":"43ccd5cf-5e7e-4456-a7d2-21141e121d01","local_time":"20180325140856","is_prod":false,"is_daily":false,"is_ascension_mode":false,"campfire_upgraded":3,"timestamp":1522012136,"path_taken":["M","?","?","M","M","R","?","M","T","?","?","R","E","M","R","BOSS","M","?","M","?","M","R","M","M","T","?","$","E","R","M","R","BOSS","M","?","?","?","M","R","?","R","T","E","?","M","?","?","R","BOSS"],"build_version":"2018-03-22v2","purchased_purges":2,"victory":false,"master_deck":["Defend_G","Defend_G","Defend_G","Defend_G","Defend_G","Strike_G","Survivor","Neutralize+1","Distraction+1","Backflip","Noxious Fumes+1","Quick Slash","Malaise+1","Escape Plan","Backstab","Terror+1","Catalyst","Noxious Fumes","PiercingWail","After Image","Cloak And Dagger+1","Sadistic Nature","Blur","Poisoned Stab","Tools of the Trade","Backflip+1","Bouncing Flask+1","Poisoned Stab+1","Dagger Throw","Noxious Fumes","After Image"],"max_hp_per_floor":[63,63,63,63,63,63,63,63,63,63,63,63,63,63,63,63,63,63,63,63,63,63,63,63,63,63,63,63,63,63,63,63,63,63,63,73,73,73,73,73,73,73,73,73,73,73,73,73,73,73],"relics":["Ring of the Snake","Ice Cream","Darkstone Periapt","Ginger","Centennial Puzzle","Sozu","Gambling Chip","Du-Vu Doll","Tiny Chest","Question Card","Snake Skull","Tough Bandages","Ancient Tea Set"],"card_choices":[{"not_picked":["Bane","Deflect"],"picked":"Distraction","floor":1},{"not_picked":["Bane","Terror"],"picked":"Backflip","floor":2},{"not_picked":["Predator","Terror"],"picked":"Noxious Fumes","floor":5},{"not_picked":["Wraith Form","Poisoned Stab"],"picked":"Quick Slash","floor":8},{"not_picked":["Outmaneuver","Flechettes"],"picked":"Malaise","floor":10},{"not_picked":["Poisoned Stab","Accuracy"],"picked":"Escape Plan","floor":13},{"not_picked":["Heel Hook","Bane"],"picked":"Backstab","floor":14},{"not_picked":["Night Terror","Storm of Steel"],"picked":"Corpse Explosion","floor":16},{"not_picked":["Prepared","Bane"],"picked":"Terror","floor":18},{"not_picked":["Flying Knee","Dagger Throw"],"picked":"Catalyst","floor":20},{"not_picked":["Backflip","Dagger Spray"],"picked":"Noxious Fumes","floor":21},{"not_picked":["Slice","Bane"],"picked":"PiercingWail","floor":22},{"not_picked":["Prepared","Underhanded Strike"],"picked":"After Image","floor":24},{"not_picked":["Flying Knee","Crippling Poison"],"picked":"Cloak And Dagger","floor":25},{"not_picked":["Leg Sweep","Deadly Poison"],"picked":"Poisoned Stab","floor":29},{"not_picked":["Unload","Storm of Steel"],"picked":"Tools of the Trade","floor":33},{"not_picked":["Heel Hook","Dash","Poisoned Stab"],"picked":"Backflip","floor":35},{"not_picked":["Terror","PiercingWail","Skewer"],"picked":"Bouncing Flask","floor":41},{"not_picked":["Unload","Underhanded Strike","Blur"],"picked":"Poisoned Stab","floor":44},{"not_picked":["Predator","Bane","Acrobatics"],"picked":"Dagger Throw","floor":46},{"not_picked":["Cloak And Dagger","Poisoned Stab","Blade Dance"],"picked":"After Image","floor":48}],"player_experience":44832,"potions_floor_usage":[16,16,16,50],"damage_taken":[{"damage":0,"enemies":"Cultist","floor":1,"turns":5},{"damage":4,"enemies":"Small Slimes","floor":2,"turns":6},{"damage":0,"enemies":"2 Louse","floor":4,"turns":3},{"damage":20,"enemies":"Large Slime","floor":5,"turns":14},{"damage":4,"enemies":"Blue Slaver","floor":8,"turns":5},{"damage":1,"enemies":"Red Slaver","floor":10,"turns":5},{"damage":8,"enemies":"Lagavulin","floor":13,"turns":8},{"damage":0,"enemies":"3 Louse","floor":14,"turns":3},{"damage":22,"enemies":"Hexaghost","floor":16,"turns":10},{"damage":4,"enemies":"3 Byrds","floor":18,"turns":6},{"damage":3,"enemies":"Spheric Guardian","floor":20,"turns":5},{"damage":0,"enemies":"Centurion and Healer","floor":21,"turns":5},{"damage":11,"enemies":"3 Cultists","floor":22,"turns":5},{"damage":14,"enemies":"Snecko","floor":24,"turns":7},{"damage":4,"enemies":"Slaver and Parasite","floor":25,"turns":6},{"damage":11,"enemies":"Gremlin Leader","floor":29,"turns":6},{"damage":6,"enemies":"Cultist and Chosen","floor":31,"turns":5},{"damage":6,"enemies":"Automaton","floor":33,"turns":8},{"damage":7,"enemies":"3 Shapes","floor":35,"turns":5},{"damage":8,"enemies":"3 Darklings","floor":38,"turns":6},{"damage":39,"enemies":"4 Shapes","floor":39,"turns":6},{"damage":3,"enemies":"Sphere and 2 Shapes","floor":41,"turns":6},{"damage":45,"enemies":"2 Orb Walkers","floor":44,"turns":6},{"damage":12,"enemies":"3 Darklings","floor":46,"turns":6},{"damage":0,"enemies":"Maw","floor":48,"turns":6},{"damage":32,"enemies":"Awakened One","floor":50,"turns":3}],"event_choices":[{"event_name":"Scrap Ooze","player_choice":"success","floor":3,"damage_taken":3},{"event_name":"The Lab","player_choice":"Got Potions","floor":7,"damage_taken":0},{"event_name":"Upgrade Shrine","player_choice":"Upgraded","floor":11,"damage_taken":0},{"event_name":"Beggar","player_choice":"Gave Gold","floor":19,"damage_taken":0},{"event_name":"Bonfire Elementals","player_choice":"RARE","floor":36,"damage_taken":0},{"event_name":"Tomb of Lord Red Mask","player_choice":"Ignored","floor":37,"damage_taken":0}],"boss_relics":[{"not_picked":["The Specimen","Lizard Tail"],"picked":"Sozu"},{"not_picked":["Runic Pyramid","Black Star"],"picked":"Question Card"}],"potions_floor_spawned":[2,10,13,14,16,22,24,29,31,38,41,44,48],"seed_played":"-2415005334138951323","killed_by":"Awakened One","ascension_level":0,"is_trial":false}