{"gold_per_floor":[113,113,125,137,165,177,214,226,238,250,262,294,306,318],"floor_reached":14,"playtime":491,"items_purged":[],"score":129,"play_id":"e27cbf02-73eb-4da2-b943-c89c0099d136","local_time":"20181114233720","is_ascension_mode":true,"campfire_choices":[{"data":"Neutralize","floor":6,"key":"SMITH"},{"data":"Venomology","floor":8,"key":"SMITH"},{"data":"Survivor","floor":11,"key":"SMITH"}],"neow_cost":"NONE","seed_source_timestamp":84517624808782,"circlet_count":0,"master_deck":["AscendersBane","Defend_G","Defend_G","Defend_G","Defend_G","Defend_G","Strike_G","Strike_G","Strike_G","Strike_G","Strike_G","Survivor+1","Neutralize+1","PiercingWail","PiercingWail","Venomology+1","PiercingWail"],"relics":["Coffee Dripper","MawBank","Molten Egg 2","Question Card","Golden Idol","StoneCalendar"],"potions_floor_usage":[7,14,14,14],"damage_taken":[{"damage":5,"enemies":"Cultist","floor":1,"turns":5},{"damage":0,"enemies":"Small Slimes","floor":5,"turns":4},{"damage":28,"enemies":"Lagavulin","floor":7,"turns":15},{"damage":3,"enemies":"2 Louse","floor":12,"turns":3},{"damage":30,"enemies":"Gremlin Nob","floor":14,"turns":5}],"seed_played":"2040789892618232554","potions_obtained":[{"floor":5,"key":"Dexterity Potion"},{"floor":12,"key":"SneckoOil"}],"is_trial":false,"path_per_floor":["M","T","?","$","M","R","E","R","T","?","R","M","?","E"],"character_chosen":"THE_SILENT","items_purchased":[],"campfire_rested":0,"item_purchase_floors":[],"current_hp_per_floor":[58,58,58,58,58,58,30,30,30,30,30,27,27,0],"gold":318,"neow_bonus":"BOSS_RELIC","is_prod":false,"is_daily":false,"chose_seed":false,"campfire_upgraded":3,"win_rate":0,"timestamp":1542231440,"path_taken":["M","?","?","$","M","R","E","R","T","?","R","?","?","E"],"build_version":"2018-11-13","purchased_purges":0,"victory":false,"max_hp_per_floor":[70,70,70,70,70,70,70,70,70,65,65,65,65,65],"card_choices":[{"not_picked":["Dagger Throw","Crippling Poison"],"picked":"PiercingWail","floor":1},{"not_picked":["Blade Dance","Dodge and Roll"],"picked":"PiercingWail","floor":5},{"not_picked":["Outmaneuver","Terror"],"picked":"Venomology","floor":7},{"not_picked":["Setup","Underhanded Strike+1","Concentrate"],"picked":"PiercingWail","floor":12}],"player_experience":304004,"relics_obtained":[{"floor":2,"key":"MawBank"},{"floor":7,"key":"Molten Egg 2"},{"floor":9,"key":"Question Card"}],"event_choices":[{"damage_healed":0,"gold_gain":0,"player_choice":"Fled","damage_taken":0,"max_hp_gain":0,"max_hp_loss":0,"event_name":"Scrap Ooze","floor":3,"gold_loss":0},{"damage_healed":0,"gold_gain":0,"player_choice":"Lose Max HP","damage_taken":0,"relics_obtained":["Golden Idol"],"max_hp_gain":0,"max_hp_loss":5,"event_name":"Golden Idol","floor":10,"gold_loss":0},{"damage_healed":0,"gold_gain":0,"player_choice":"Searched \u00271\u0027 times","damage_taken":0,"relics_obtained":["StoneCalendar"],"max_hp_gain":0,"max_hp_loss":0,"event_name":"Dead Adventurer","floor":13,"gold_loss":0}],"is_beta":true,"boss_relics":[],"items_purged_floors":[],"is_endless":false,"potions_floor_spawned":[5,12],"killed_by":"Gremlin Nob","ascension_level":10}