{"path_per_floor":["M","M","M","?","$","E","R","E","T","M","M","R","E","$","R","B",null,"M","M","M","M","M","E","R","E","T","M","R","?","?","?","R","B",null,"M","?","M","?","$","E","T","E","T","R","M","?","R","M","R","B"],"character_chosen":"THE_SILENT","items_purchased":["Endless Agony","Calculated Gamble"],"gold_per_floor":[114,131,146,146,2,37,37,62,88,101,112,112,141,41,41,140,140,95,95,95,95,95,95,95,95,95,95,95,95,95,95,95,95,95,95,95,95,95,55,55,55,55,55,55,55,55,55,55,55,55],"floor_reached":51,"campfire_rested":0,"playtime":3949,"current_hp_per_floor":[70,67,64,64,64,62,62,44,44,47,43,43,36,36,36,36,70,70,70,68,67,67,67,67,63,63,59,59,59,59,59,59,59,70,70,61,61,61,61,55,55,55,55,55,64,64,64,64,64,49],"items_purged":["Strike_G","Strike_G"],"gold":55,"score":915,"play_id":"264b1d98-694b-4b1a-aa56-c710cd2fd35a","local_time":"20180331105441","is_prod":false,"is_daily":false,"is_ascension_mode":false,"campfire_upgraded":6,"timestamp":1522518881,"path_taken":["M","M","M","?","$","E","R","E","T","M","M","R","E","$","R","BOSS","M","M","M","M","M","E","R","E","T","M","R","?","?","?","R","BOSS","M","?","M","?","?","E","?","E","T","R","?","?","R","M","R","BOSS"],"build_version":"2018-03-29v2","purchased_purges":3,"victory":true,"master_deck":["Defend_G","Defend_G","Defend_G","Defend_G","Defend_G","Strike_G","Strike_G+1","Strike_G","Survivor","Neutralize","Cloak And Dagger+1","Malaise+1","Quick Slash","Endless Agony","Predator","Cloak And Dagger+1","Dagger Throw+1","Outmaneuver","Venomology+1","Flying Knee","Blade Dance","PiercingWail","PiercingWail","Deflect","Prepared+1","Dash+1","Escape Plan","PiercingWail","Tactician","Neutralize","Die Die Die","Dash+1","Madness+1","Madness+1","Cloak And Dagger+1","Calculated Gamble","Noxious Fumes+1","Slice+1","Flechettes+1","Backstab+1"],"max_hp_per_floor":[70,70,70,70,70,70,70,70,70,70,70,70,70,70,70,70,70,70,70,70,70,70,70,70,70,70,70,70,70,70,70,70,70,70,70,70,70,70,70,70,70,70,70,70,70,70,70,70,70,70],"relics":["Ring of the Snake","Oddly Smooth Stone","Dead Branch","Calipers","Gremlin Horn","Omamori","Orichalcum","Ectoplasm","Girya","Happy Flower","Whetstone","Runic Pyramid","Tiny Chest","Old Coin","Molten Egg 2","Pantograph"],"card_choices":[{"not_picked":["Choke","Underhanded Strike"],"picked":"Cloak And Dagger","floor":1},{"not_picked":["Poisoned Stab","All Out Attack"],"picked":"Malaise","floor":2},{"not_picked":["Cloak And Dagger","Distraction"],"picked":"Quick Slash","floor":3},{"not_picked":["Corpse Explosion","Riddle With Holes"],"picked":"Predator","floor":8},{"not_picked":["Sucker Punch","Bane"],"picked":"Cloak And Dagger","floor":10},{"not_picked":["All Out Attack","Blur"],"picked":"Dagger Throw","floor":11},{"not_picked":["Acrobatics","Tactician"],"picked":"Outmaneuver","floor":13},{"not_picked":["Bullet Time","Corpse Explosion"],"picked":"Venomology","floor":16},{"not_picked":["Dagger Spray","Dodge and Roll"],"picked":"Flying Knee","floor":18},{"not_picked":["Deadly Poison","Dagger Spray"],"picked":"Blade Dance","floor":19},{"not_picked":["Bane","Dagger Spray"],"picked":"PiercingWail","floor":20},{"not_picked":["Riddle With Holes","Backflip"],"picked":"PiercingWail","floor":21},{"not_picked":["Slice","Wraith Form"],"picked":"Deflect","floor":22},{"not_picked":["Dagger Spray","Tools of the Trade"],"picked":"Prepared","floor":23},{"not_picked":["Predator","Bane"],"picked":"Dash","floor":25},{"not_picked":["Footwork","Calculated Gamble"],"picked":"Escape Plan","floor":27},{"not_picked":["Unload","Tools of the Trade"],"picked":"Die Die Die","floor":33},{"not_picked":["Acrobatics","Prepared"],"picked":"Dash","floor":35},{"not_picked":["Eviscerate","Dodge and Roll"],"picked":"Cloak And Dagger","floor":37},{"not_picked":["Flying Knee","Dagger Throw"],"picked":"Noxious Fumes","floor":40},{"not_picked":["Blade Dance","Doppelganger"],"picked":"Slice","floor":42},{"not_picked":["Well Laid Plans","Distraction"],"picked":"Flechettes","floor":45},{"not_picked":["Escape Plan","Prepared"],"picked":"Backstab","floor":48}],"player_experience":56691,"potions_floor_usage":[6,8,10,13,16,16,18,20,22,23,33,33,33,40,40,40,40,45,45,50,50,50,50],"damage_taken":[{"damage":0,"enemies":"2 Louse","floor":1,"turns":4},{"damage":3,"enemies":"Cultist","floor":2,"turns":5},{"damage":3,"enemies":"Small Slimes","floor":3,"turns":4},{"damage":14,"enemies":"Lagavulin","floor":6,"turns":9},{"damage":18,"enemies":"Gremlin Nob","floor":8,"turns":5},{"damage":0,"enemies":"Looter","floor":10,"turns":2},{"damage":4,"enemies":"Exordium Wildlife","floor":11,"turns":3},{"damage":7,"enemies":"3 Sentries","floor":13,"turns":5},{"damage":0,"enemies":"The Guardian","floor":16,"turns":10},{"damage":0,"enemies":"2 Thieves","floor":18,"turns":4},{"damage":0,"enemies":"3 Byrds","floor":19,"turns":4},{"damage":2,"enemies":"Centurion and Healer","floor":20,"turns":6},{"damage":1,"enemies":"Snake Plant","floor":21,"turns":6},{"damage":0,"enemies":"Snecko","floor":22,"turns":3},{"damage":0,"enemies":"Book of Stabbing","floor":23,"turns":6},{"damage":4,"enemies":"Gremlin Leader","floor":25,"turns":9},{"damage":4,"enemies":"Centurion and Healer","floor":27,"turns":7},{"damage":0,"enemies":"Champ","floor":33,"turns":8},{"damage":0,"enemies":"3 Shapes","floor":35,"turns":6},{"damage":0,"enemies":"3 Darklings","floor":37,"turns":3},{"damage":6,"enemies":"2 Orb Walkers","floor":40,"turns":4},{"damage":0,"enemies":"Giant Head","floor":42,"turns":7},{"damage":0,"enemies":"4 Shapes","floor":45,"turns":4},{"damage":0,"enemies":"Maw","floor":48,"turns":8},{"damage":21,"enemies":"Donu and Deca","floor":50,"turns":9}],"event_choices":[{"event_name":"Accursed Blacksmith","player_choice":"Rummage","floor":4,"damage_taken":0},{"event_name":"Drug Dealer","player_choice":"Ignored","floor":29,"damage_taken":0},{"event_name":"The Library","player_choice":"Read","floor":30,"damage_taken":0},{"event_name":"Match and Keep!","player_choice":"2 cards matched","floor":31,"damage_taken":0},{"event_name":"Winding Halls","player_choice":"Embrace Madness","floor":36,"damage_taken":0},{"event_name":"SecretPortal","player_choice":"Rejected Portal.","floor":38,"damage_taken":0},{"event_name":"Golden Shrine","player_choice":"Skipped","floor":46,"damage_taken":0}],"boss_relics":[{"not_picked":["Orrery","Sozu"],"picked":"Ectoplasm"},{"not_picked":["Astrolabe","Black Star"],"picked":"Runic Pyramid"}],"potions_floor_spawned":[2,3,8,10,19,20,22,23,40,42,48],"seed_played":"3166028545974598363","ascension_level":0,"is_trial":false}