{"gold_per_floor":[18,168,188,207,226,259,259,288,312,312,322,334,352,352,352,428,428,438,456,73,73,84,117,117,117,143,155,167,204,216,243,255,344,356,387,399,425,437,165,198,198,229,229,282,282,329,363,377,377,377,377],"floor_reached":52,"playtime":2960,"items_purged":["Doubt"],"score":2001,"play_id":"8ec9588a-42c2-4b86-ac5c-e88fb286f1b1","local_time":"20190209211722","is_ascension_mode":true,"campfire_choices":[{"floor":7.0,"key":"REST"},{"floor":10.0,"key":"REST"},{"floor":15.0,"key":"REST"},{"floor":24.0,"key":"REST"},{"floor":32.0,"key":"REST"},{"floor":41.0,"key":"REST"},{"floor":49.0,"key":"REST"}],"neow_cost":"NO_GOLD","seed_source_timestamp":0,"circlet_count":0,"master_deck":["AscendersBane","Strike_R","Strike_R","Strike_R","Strike_R+1","Strike_R","Defend_R","Defend_R","Defend_R","Defend_R","Bash","Perfected Strike","Uppercut","Perfected Strike","Pommel Strike+1","Wild Strike","Shrug It Off","Flex","Havoc","Immolate","Corruption","Perfected Strike","Blood for Blood","Shrug It Off","Metallicize","Havoc","Juggernaut","Metallicize","Enlightenment","Double Tap","Ghostly Armor+1","Perfected Strike","Bludgeon"],"special_seed":0,"relics":["Burning Blood","Paper Frog","Lantern","Red Skull","Snecko Eye","Tiny Chest","Bronze Scales","Smiling Mask","MawBank","Gremlin Horn","Meat on the Bone","Lizard Tail","Pear","Strawberry","Dream Catcher","Sundial","Orichalcum","Bottled Flame","Incense Burner","Dodecahedron"],"potions_floor_usage":[],"damage_taken":[{"damage":9.0,"enemies":"2 Louse","floor":1.0,"turns":4.0},{"damage":5.0,"enemies":"Small Slimes","floor":3.0,"turns":3.0},{"damage":10.0,"enemies":"Cultist","floor":4.0,"turns":4.0},{"damage":11.0,"enemies":"Blue Slaver","floor":5.0,"turns":3.0},{"damage":30.0,"enemies":"3 Sentries","floor":6.0,"turns":6.0},{"damage":35.0,"enemies":"Lagavulin","floor":8.0,"turns":6.0},{"damage":6.0,"enemies":"Looter","floor":11.0,"turns":2.0},{"damage":0.0,"enemies":"2 Fungi Beasts","floor":12.0,"turns":2.0},{"damage":11.0,"enemies":"Blue Slaver","floor":13.0,"turns":3.0},{"damage":10.0,"enemies":"Slime Boss","floor":16.0,"turns":7.0},{"damage":15.0,"enemies":"3 Byrds","floor":18.0,"turns":5.0},{"damage":11.0,"enemies":"Shell Parasite","floor":19.0,"turns":2.0},{"damage":14.0,"enemies":"Centurion and Healer","floor":22.0,"turns":3.0},{"damage":47.0,"enemies":"Gremlin Leader","floor":23.0,"turns":6.0},{"damage":4.0,"enemies":"Book of Stabbing","floor":29.0,"turns":3.0},{"damage":13.0,"enemies":"Snake Plant","floor":31.0,"turns":2.0},{"damage":59.0,"enemies":"Champ","floor":33.0,"turns":9.0},{"damage":18.0,"enemies":"3 Shapes","floor":35.0,"turns":4.0},{"damage":0.0,"enemies":"Orb Walker","floor":37.0,"turns":1.0},{"damage":32.0,"enemies":"Nemesis","floor":40.0,"turns":5.0},{"damage":71.0,"enemies":"Reptomancer","floor":42.0,"turns":5.0},{"damage":16.0,"enemies":"2 Orb Walkers","floor":46.0,"turns":3.0},{"damage":43.0,"enemies":"Nemesis","floor":47.0,"turns":7.0},{"damage":43.0,"enemies":"Writhing Mass","floor":48.0,"turns":4.0},{"damage":59.0,"enemies":"Donu and Deca","floor":50.0,"turns":7.0},{"damage":70,"enemies":"Awakened One","floor":51,"turns":8}],"seed_played":"-8467160844002008389","potions_obtained":[{"floor":3.0,"key":"PowerPotion"},{"floor":6.0,"key":"Swift Potion"},{"floor":8.0,"key":"SpeedPotion"},{"floor":11.0,"key":"SteroidPotion"},{"floor":12.0,"key":"Fire Potion"},{"floor":19.0,"key":"Weak Potion"},{"floor":31.0,"key":"Swift Potion"},{"floor":37.0,"key":"GamblersBrew"},{"floor":40.0,"key":"BloodPotion"},{"floor":46.0,"key":"PowerPotion"},{"floor":47.0,"key":"LiquidBronze"}],"is_trial":false,"path_per_floor":["M","?","M","M","M","E","R","E","T","R","M","M","M","?","R","B",null,"M","M","$","?","M","E","R","$","T","?","T","E","?","M","R","B",null,"M","?","M","?","$","E","R","E","T","T","T","?","E","M","R","B","B",null],"character_chosen":"IRONCLAD","items_purchased":["Tiny Chest","Bronze Scales","Pear"],"campfire_rested":7,"item_purchase_floors":[20,20,39],"current_hp_per_floor":[79,79,80,76,71,47,73,44,44,70,70,76,71,44,70,66,83,74,69,69,87,79,38,64,64,64,38,38,40,40,45,73,32,79,67,104,104,104,114,95,121,68,68,68,68,70,57,32,68,27,37],"gold":377,"neow_bonus":"TWENTY_PERCENT_HP_BONUS","is_prod":false,"is_daily":false,"chose_seed":false,"campfire_upgraded":0,"win_rate":0,"timestamp":1549739842,"path_taken":["M","?","M","M","M","E","R","E","T","R","M","M","M","?","R","BOSS","M","M","$","?","M","E","R","$","T","?","?","E","?","M","R","BOSS","M","?","?","?","$","E","R","E","T","?","?","?","E","?","R","BOSS","BOSS"],"build_version":"2019-02-06","purchased_purges":1,"victory":true,"max_hp_per_floor":[89,89,89,89,89,89,89,89,89,89,89,89,89,89,89,89,89,89,89,89,89,89,89,89,89,89,94,94,94,94,94,94,94,94,94,104,104,104,114,121,121,121,121,121,121,121,121,121,121,121,121],"card_choices":[{"not_picked":["Havoc","Thunderclap"],"picked":"Perfected Strike","floor":1.0},{"not_picked":["True Grit","Pummel"],"picked":"Uppercut","floor":3.0},{"not_picked":["Sever Soul","Spot Weakness"],"picked":"Perfected Strike","floor":4.0},{"not_picked":["Iron Wave","Flex"],"picked":"Bludgeon","floor":5.0},{"not_picked":["Brutality","Bloodletting"],"picked":"Pommel Strike","floor":6.0},{"not_picked":["Clothesline","Havoc"],"picked":"Wild Strike","floor":8.0},{"not_picked":["Sword Boomerang","Cleave"],"picked":"Shrug It Off","floor":11.0},{"not_picked":["Heavy Blade","Dropkick"],"picked":"Flex","floor":12.0},{"not_picked":["Burning Pact","Blood for Blood"],"picked":"Havoc","floor":13.0},{"not_picked":["Offering","Fiend Fire"],"picked":"Immolate","floor":16.0},{"not_picked":["Shrug It Off+1","Flex"],"picked":"Corruption","floor":18.0},{"not_picked":["Combust","Heavy Blade"],"picked":"Perfected Strike","floor":19.0},{"not_picked":["Shockwave","Cleave"],"picked":"Blood for Blood","floor":22.0},{"not_picked":["Fiend Fire","Clash"],"picked":"Shrug It Off","floor":23.0},{"not_picked":["Corruption","Brutality"],"picked":"Metallicize","floor":29.0},{"not_picked":["Dual Wield","True Grit"],"picked":"Havoc","floor":31.0},{"not_picked":["Dark Embrace","Berserk"],"picked":"Juggernaut","floor":33.0},{"not_picked":["Rage","Searing Blow"],"picked":"Metallicize","floor":35.0},{"not_picked":["Evolve","Sword Boomerang+1","Feel No Pain"],"picked":"SKIP","floor":37.0},{"not_picked":["Mind Blast","Impatience"],"picked":"Enlightenment","floor":38.0},{"not_picked":["Heavy Blade+1","Twin Strike","Havoc"],"picked":"SKIP","floor":40.0},{"not_picked":["Clothesline+1","Clash"],"picked":"Double Tap","floor":42.0},{"not_picked":["Warcry+1","Flex"],"picked":"Ghostly Armor+1","floor":46.0},{"not_picked":["Sword Boomerang","Iron Wave"],"picked":"Perfected Strike","floor":47.0},{"not_picked":["Power Through+1","Flex+1","Iron Wave"],"picked":"SKIP","floor":48.0},{"not_picked":["Thunderclap","Body Slam"],"picked":"Bludgeon","floor":49.0}],"player_experience":460051,"relics_obtained":[{"floor":6.0,"key":"Paper Frog"},{"floor":8.0,"key":"Lantern"},{"floor":9.0,"key":"Red Skull"},{"floor":23.0,"key":"Smiling Mask"},{"floor":26.0,"key":"MawBank"},{"floor":28.0,"key":"Gremlin Horn"},{"floor":29.0,"key":"Meat on the Bone"},{"floor":40.0,"key":"Strawberry"},{"floor":42.0,"key":"Dream Catcher"},{"floor":43.0,"key":"Sundial"},{"floor":44.0,"key":"Orichalcum"},{"floor":45.0,"key":"Bottled Flame"},{"floor":46.0,"key":"Incense Burner"},{"floor":47.0,"key":"Dodecahedron"}],"event_choices":[{"damage_healed":0.0,"max_hp_gain":0.0,"max_hp_loss":0.0,"gold_gain":150.0,"event_name":"Liars Game","player_choice":"AGREE","floor":2.0,"gold_loss":0.0,"damage_taken":0.0,"cards_obtained":["Doubt"]},{"damage_healed":0.0,"max_hp_gain":0.0,"max_hp_loss":0.0,"gold_gain":0.0,"event_name":"Shining Light","player_choice":"Entered Light","floor":14.0,"gold_loss":0.0,"damage_taken":27.0,"cards_upgraded":["Strike_R","Pommel Strike"]},{"damage_healed":18.0,"max_hp_gain":0.0,"max_hp_loss":0.0,"gold_gain":0.0,"event_name":"The Library","player_choice":"Heal","floor":21.0,"gold_loss":0.0,"damage_taken":0.0},{"damage_healed":0.0,"max_hp_gain":5.0,"max_hp_loss":0.0,"gold_gain":0.0,"event_name":"Forgotten Altar","player_choice":"Shed Blood","floor":27.0,"gold_loss":0.0,"damage_taken":31.0},{"damage_healed":0.0,"max_hp_gain":0.0,"max_hp_loss":0.0,"gold_gain":0.0,"event_name":"Beggar","player_choice":"Ignored","floor":30.0,"gold_loss":0.0,"damage_taken":0.0},{"cards_removed":["Bludgeon"],"damage_healed":27.0,"max_hp_gain":10.0,"max_hp_loss":0.0,"gold_gain":0.0,"event_name":"Bonfire Elementals","player_choice":"Offered Rare","floor":36.0,"gold_loss":0.0,"damage_taken":0.0},{"damage_healed":0.0,"max_hp_gain":0.0,"max_hp_loss":0.0,"gold_gain":0.0,"event_name":"SensoryStone","player_choice":"Memory 1","floor":38.0,"gold_loss":0.0,"damage_taken":0.0},{"damage_healed":0.0,"max_hp_gain":0.0,"max_hp_loss":0.0,"gold_gain":0.0,"event_name":"Mysterious Sphere","player_choice":"Fight","floor":46.0,"gold_loss":0.0,"damage_taken":0.0}],"is_beta":true,"boss_relics":[{"not_picked":["Runic Dome","Runic Pyramid"],"picked":"Snecko Eye"},{"not_picked":["White Beast Statue","Coffee Dripper"],"picked":"Lizard Tail"}],"items_purged_floors":[20],"is_endless":false,"potions_floor_spawned":[3,6,8,11,12,19,23,31,37,40,46,47],"ascension_level":20}