{"gold_per_floor":[119,119,119,119,136,170,180,209,209,238,238,313,338,357,357,429,429,444,444,444,462,377,377,2,27,27,56,6,33,33,52,52,129,129,143,156,256,274,274,309,309,324,324,335,335,367,367,381,381,381],"floor_reached":51,"playtime":3289,"items_purged":["Regret"],"score":1467,"play_id":"17cd65bd-f3a8-4c22-9b5f-10c500a1a4c4","local_time":"20190205113416","is_ascension_mode":true,"campfire_choices":[{"floor":11,"key":"REST"},{"floor":15,"key":"REST"},{"floor":23,"key":"REST"},{"floor":32,"key":"REST"},{"floor":41,"key":"DIG"},{"floor":45,"key":"REST"},{"floor":47,"key":"REST"},{"data":"1","floor":49,"key":"LIFT"}],"neow_cost":"NONE","seed_source_timestamp":1239492689802504,"circlet_count":0,"master_deck":["AscendersBane","Strike_R","Strike_R","Strike_R","Strike_R","Strike_R","Defend_R","Defend_R","Defend_R","Defend_R","Bash","Perfected Strike+1","Iron Wave","Wild Strike","Perfected Strike","Feed","Juggernaut","Iron Wave","Reaper","Metallicize","Wild Strike+1","Pommel Strike","Undo+1","Conserve Battery","Doppelganger+1","After Image","Flame Barrier+1","Twin Strike","Magnetism","Armaments+1","Flame Barrier+1"],"relics":["Burning Blood","NeowsBlessing","Orichalcum","Meat on the Bone","Turnip","Art of War","Potion Belt","Red Skull","Lizard Tail","Enchiridion","Gambling Chip","PrismaticShard","Oddly Smooth Stone","Shuriken","Ornamental Fan","Smiling Mask","Pear","Toxic Egg 2","Busted Crown","Shovel","Frozen Egg 2","Kunai","Champion Belt","Girya"],"potions_floor_usage":[8,13,16,25,27,29,33,33,40,42],"damage_taken":[{"damage":0,"enemies":"2 Louse","floor":1,"turns":1},{"damage":0,"enemies":"Jaw Worm","floor":5,"turns":1},{"damage":0,"enemies":"3 Sentries","floor":6,"turns":1},{"damage":3,"enemies":"Small Slimes","floor":7,"turns":2},{"damage":11,"enemies":"Gremlin Nob","floor":8,"turns":3},{"damage":31,"enemies":"Lagavulin","floor":10,"turns":5},{"damage":8,"enemies":"3 Sentries","floor":13,"turns":8},{"damage":26,"enemies":"3 Louse","floor":14,"turns":3},{"damage":52,"enemies":"Slime Boss","floor":16,"turns":9},{"damage":29,"enemies":"Shell Parasite","floor":18,"turns":5},{"damage":15,"enemies":"Spheric Guardian","floor":21,"turns":4},{"damage":31,"enemies":"Slavers","floor":25,"turns":7},{"damage":40,"enemies":"Gremlin Leader","floor":27,"turns":7},{"damage":34,"enemies":"Book of Stabbing","floor":29,"turns":5},{"damage":18,"enemies":"Snecko","floor":31,"turns":4},{"damage":62,"enemies":"Collector","floor":33,"turns":9},{"damage":2,"enemies":"Orb Walker","floor":35,"turns":2},{"damage":36,"enemies":"3 Darklings","floor":36,"turns":5},{"damage":10,"enemies":"Mind Bloom Boss Battle","floor":37,"turns":5},{"damage":8,"enemies":"Sphere and 2 Shapes","floor":38,"turns":5},{"damage":26,"enemies":"Giant Head","floor":40,"turns":7},{"damage":29,"enemies":"Transient","floor":42,"turns":6},{"damage":5,"enemies":"4 Shapes","floor":44,"turns":5},{"damage":59,"enemies":"Nemesis","floor":46,"turns":9},{"damage":0,"enemies":"Sphere and 2 Shapes","floor":48,"turns":6},{"damage":33,"enemies":"Time Eater","floor":50,"turns":9}],"seed_played":"-5447143032228937855","potions_obtained":[{"floor":6,"key":"Energy Potion"},{"floor":8,"key":"PowerPotion"},{"floor":14,"key":"SteroidPotion"},{"floor":16,"key":"SteroidPotion"},{"floor":18,"key":"FearPotion"},{"floor":21,"key":"Fire Potion"},{"floor":27,"key":"FearPotion"},{"floor":31,"key":"AttackPotion"},{"floor":38,"key":"Fire Potion"},{"floor":40,"key":"Energy Potion"},{"floor":42,"key":"Energy Potion"}],"is_trial":false,"path_per_floor":["M","?","$","?","M","E","M","E","T","E","R","?","E","M","R","B",null,"M","?","?","M","?","R","$","E","T","E","$","E","T","M","R","B",null,"M","M","?","M","?","E","R","M","T","M","R","E","R","M","R","B",null],"character_chosen":"IRONCLAD","items_purchased":["PrismaticShard","Oddly Smooth Stone"],"campfire_rested":6,"item_purchase_floors":[24,24],"current_hp_per_floor":[74,74,74,74,75,75,75,70,70,45,67,56,57,49,72,38,68,57,73,52,55,55,78,78,57,57,48,48,52,52,52,80,46,82,86,56,64,65,65,60,60,49,49,71,100,59,89,98,98,71],"gold":381,"neow_bonus":"THREE_ENEMY_KILL","is_prod":false,"is_daily":false,"chose_seed":false,"campfire_upgraded":0,"win_rate":0,"timestamp":1549359256,"path_taken":["M","?","$","?","?","E","M","E","T","E","R","?","E","M","R","BOSS","M","?","?","M","?","R","$","E","T","E","$","E","?","?","R","BOSS","M","M","?","M","?","E","R","M","T","M","R","E","R","M","R","BOSS"],"build_version":"2019-01-23","purchased_purges":1,"victory":true,"max_hp_per_floor":[75,75,75,75,75,75,75,75,75,75,75,75,78,78,78,78,78,78,78,78,78,78,78,78,78,78,81,81,94,94,94,94,94,94,94,94,94,97,97,100,100,100,100,100,100,100,100,103,103,103],"card_choices":[{"not_picked":["Spot Weakness","Shockwave"],"picked":"Perfected Strike","floor":1},{"not_picked":["Dual Wield","Armaments"],"picked":"Iron Wave","floor":5},{"not_picked":["Sever Soul","Corruption"],"picked":"Wild Strike","floor":6},{"not_picked":["Whirlwind","True Grit"],"picked":"Perfected Strike","floor":7},{"not_picked":["Sword Boomerang","Twin Strike"],"picked":"Feed","floor":8},{"not_picked":["Searing Blow","Iron Wave","Havoc"],"picked":"SKIP","floor":10},{"not_picked":["Combust","Pommel Strike"],"picked":"Juggernaut","floor":13},{"not_picked":["Flex","Shockwave"],"picked":"Iron Wave","floor":14},{"not_picked":["Bludgeon","Brutality"],"picked":"Reaper","floor":16},{"not_picked":["Shrug It Off","Ghostly Armor"],"picked":"Metallicize","floor":18},{"not_picked":["Warcry","Sentinel"],"picked":"Wild Strike+1","floor":21},{"not_picked":["Flechettes+1","Bouncing Flask"],"picked":"Pommel Strike","floor":25},{"not_picked":["Quick Slash","Stack"],"picked":"Undo+1","floor":27},{"not_picked":["Eviscerate","Crippling Poison"],"picked":"Conserve Battery","floor":29},{"not_picked":["Madness+1","Outmaneuver+1"],"picked":"Doppelganger+1","floor":31},{"not_picked":["Barricade","Burst+1"],"picked":"After Image","floor":33},{"not_picked":[],"picked":"Flame Barrier+1","floor":35},{"not_picked":["Rupture"],"picked":"SKIP","floor":36},{"not_picked":[],"picked":"Twin Strike","floor":38},{"not_picked":[],"picked":"Magnetism","floor":39},{"not_picked":[],"picked":"Armaments+1","floor":40},{"not_picked":["Barrage"],"picked":"SKIP","floor":42},{"not_picked":[],"picked":"Flame Barrier+1","floor":44},{"not_picked":["Stack+1"],"picked":"SKIP","floor":46},{"not_picked":["Slice"],"picked":"SKIP","floor":48}],"player_experience":421203,"relics_obtained":[{"floor":6,"key":"Meat on the Bone"},{"floor":8,"key":"Turnip"},{"floor":9,"key":"Art of War"},{"floor":10,"key":"Potion Belt"},{"floor":13,"key":"Red Skull"},{"floor":20,"key":"Enchiridion"},{"floor":25,"key":"Shuriken"},{"floor":26,"key":"Ornamental Fan"},{"floor":27,"key":"Smiling Mask"},{"floor":29,"key":"Pear"},{"floor":30,"key":"Toxic Egg 2"},{"floor":37,"key":"Shovel"},{"floor":40,"key":"Frozen Egg 2"},{"floor":41,"key":"Kunai"},{"floor":43,"key":"Champion Belt"},{"floor":46,"key":"Girya"}],"event_choices":[{"damage_healed":0,"gold_gain":0,"player_choice":"Grow","damage_taken":0,"max_hp_gain":0,"max_hp_loss":0,"event_name":"Living Wall","floor":2,"gold_loss":0,"cards_upgraded":["Perfected Strike"]},{"damage_healed":0,"gold_gain":0,"player_choice":"Box","damage_taken":0,"relics_obtained":["Orichalcum"],"max_hp_gain":0,"max_hp_loss":0,"event_name":"Big Fish","floor":4,"gold_loss":0,"cards_obtained":["Regret"]},{"damage_healed":0,"gold_gain":75,"player_choice":"Gather Gold","damage_taken":11,"max_hp_gain":0,"max_hp_loss":0,"event_name":"World of Goop","floor":12,"gold_loss":0},{"damage_healed":16,"gold_gain":0,"player_choice":"Heal","damage_taken":0,"max_hp_gain":0,"max_hp_loss":0,"event_name":"The Library","floor":19,"gold_loss":0},{"damage_healed":0,"gold_gain":0,"player_choice":"Obtained Book","damage_taken":21,"max_hp_gain":0,"max_hp_loss":0,"event_name":"Cursed Tome","floor":20,"gold_loss":0},{"damage_healed":0,"gold_gain":0,"player_choice":"Obtained Relic","damage_taken":0,"relics_obtained":["Gambling Chip"],"max_hp_gain":0,"max_hp_loss":0,"event_name":"Addict","floor":22,"gold_loss":85},{"damage_healed":0,"gold_gain":0,"player_choice":"Fight","damage_taken":0,"max_hp_gain":0,"max_hp_loss":0,"event_name":"MindBloom","floor":37,"gold_loss":0},{"damage_healed":0,"gold_gain":0,"player_choice":"Memory 1","damage_taken":0,"max_hp_gain":0,"max_hp_loss":0,"event_name":"SensoryStone","floor":39,"gold_loss":0}],"is_beta":true,"boss_relics":[{"not_picked":["Tiny House","Pandora\u0027s Box"],"picked":"Lizard Tail"},{"not_picked":["Empty Cage","Runic Cube"],"picked":"Busted Crown"}],"items_purged_floors":[28],"is_endless":false,"potions_floor_spawned":[6,8,14,16,18,21,27,31,38,40,42],"ascension_level":17}