{"gold_per_floor":[114,114,75,75,95,95,108,108,153,163,182,182,197,216,216,293,293,233,233,233,233,233,233,23,23,23,23,23,23,23,23,23,23,23,23,23,23,23,23,23,23,23,23,23,23,23,23,23,23,23],"floor_reached":50,"playtime":1795,"items_purged":[],"score":796,"play_id":"36241dc7-6007-4436-b471-81b6dbc16391","local_time":"20190525150811","is_ascension_mode":true,"campfire_choices":[{"data":"Zap","floor":6,"key":"SMITH"},{"data":"Sunder","floor":12,"key":"SMITH"},{"data":"Beam Cell","floor":15,"key":"SMITH"},{"floor":23,"key":"REST"},{"data":"Echo Form","floor":30,"key":"SMITH"},{"data":"Self Repair","floor":32,"key":"SMITH"},{"floor":40,"key":"REST"},{"floor":47,"key":"REST"},{"floor":49,"key":"REST"}],"neow_cost":"NONE","seed_source_timestamp":784811067312913,"circlet_count":0,"master_deck":["AscendersBane","Strike_B","Strike_B","Strike_B","Strike_B","Defend_B","Defend_B","Defend_B","Defend_B","Zap+1","Dualcast+1","Self Repair+1","Conserve Battery","Sunder+1","Beam Cell+1","Coolheaded","Echo Form+1","White Noise+1","White Noise+1","Tempest+1","Capacitor","Loop","Electrodynamics","Coolheaded+1","Buffer","FTL+1"],"relics":["Cracked Core","Oddly Smooth Stone","CultistMask","Blood Vial","Ectoplasm","ClockworkSouvenir","Cables","Molten Egg 2","Sozu","Frozen Egg 2"],"potions_floor_usage":[14,16,16,27,44,50],"damage_taken":[{"damage":1,"enemies":"Cultist","floor":1,"turns":3},{"damage":6,"enemies":"Small Slimes","floor":5,"turns":3},{"damage":1,"enemies":"Jaw Worm","floor":7,"turns":4},{"damage":5,"enemies":"Looter","floor":10,"turns":3},{"damage":15,"enemies":"Gremlin Gang","floor":11,"turns":4},{"damage":8,"enemies":"3 Louse","floor":13,"turns":2},{"damage":0,"enemies":"Looter","floor":14,"turns":1},{"damage":54,"enemies":"Hexaghost","floor":16,"turns":11},{"damage":16,"enemies":"2 Thieves","floor":18,"turns":4},{"damage":4,"enemies":"Chosen","floor":20,"turns":6},{"damage":27,"enemies":"Snake Plant","floor":21,"turns":4},{"damage":14,"enemies":"Centurion and Healer","floor":25,"turns":6},{"damage":0,"enemies":"Sentry and Sphere","floor":27,"turns":2},{"damage":13,"enemies":"Shelled Parasite and Fungi","floor":29,"turns":8},{"damage":18,"enemies":"Snecko","floor":31,"turns":4},{"damage":23,"enemies":"Champ","floor":33,"turns":9},{"damage":24,"enemies":"Orb Walker","floor":35,"turns":4},{"damage":57,"enemies":"3 Darklings","floor":37,"turns":4},{"damage":10,"enemies":"Jaw Worm Horde","floor":41,"turns":3},{"damage":36,"enemies":"Transient","floor":44,"turns":5},{"damage":8,"enemies":"Spire Growth","floor":45,"turns":7},{"damage":19,"enemies":"Maw","floor":46,"turns":7},{"damage":46,"enemies":"Transient","floor":48,"turns":5},{"damage":43,"enemies":"Time Eater","floor":50,"turns":5}],"seed_played":"-585285481734660470","potions_obtained":[{"floor":5,"key":"Regen Potion"},{"floor":7,"key":"Regen Potion"},{"floor":14,"key":"Energy Potion"},{"floor":21,"key":"AttackPotion"},{"floor":31,"key":"AttackPotion"},{"floor":33,"key":"Block Potion"}],"is_trial":false,"path_per_floor":["M","T","$","?","M","R","M","?","T","M","M","R","M","M","R","B",null,"M","?","M","M","?","R","$","M","T","M","?","M","R","M","R","B",null,"M","$","M","?","?","R","M","$","T","M","M","M","R","M","R","B"],"character_chosen":"DEFECT","items_purchased":["Self Repair","ClockworkSouvenir"],"campfire_rested":4,"item_purchase_floors":[3,24],"current_hp_per_floor":[63,63,63,63,64,64,70,70,70,71,63,63,64,66,66,36,62,55,55,53,28,28,49,49,51,51,60,60,63,63,54,54,43,64,62,62,17,17,17,38,40,40,40,16,30,33,54,20,41,0],"gold":23,"neow_bonus":"THREE_CARDS","is_prod":false,"is_daily":false,"chose_seed":false,"campfire_upgraded":5,"win_rate":0,"timestamp":1558768091,"path_taken":["M","?","$","?","?","R","M","?","T","M","M","R","M","M","R","BOSS","M","?","M","M","?","R","$","M","T","M","?","?","R","M","R","BOSS","M","$","M","?","?","R","M","?","T","?","M","M","R","M","R","BOSS"],"build_version":"2019-01-23","purchased_purges":0,"victory":false,"max_hp_per_floor":[71,71,71,71,71,71,71,71,71,71,71,71,71,71,71,71,71,71,71,71,71,71,71,71,71,71,71,71,71,71,71,71,71,71,71,71,71,71,71,71,71,71,71,71,71,71,71,71,71,71],"card_choices":[{"not_picked":["Gash","Compile Driver","Sweeping Beam"],"picked":"SKIP","floor":1},{"not_picked":["Stack","Go for the Eyes","Redo"],"picked":"SKIP","floor":5},{"not_picked":["Heatsinks","Reinforced Body"],"picked":"Conserve Battery","floor":7},{"not_picked":["Streamline","Gash"],"picked":"Sunder","floor":10},{"not_picked":["Fission","Gash"],"picked":"Beam Cell","floor":11},{"not_picked":["Go for the Eyes","Hologram","Turbo"],"picked":"SKIP","floor":13},{"not_picked":["Turbo","Scrape"],"picked":"Coolheaded","floor":14},{"not_picked":["Machine Learning","Reboot"],"picked":"Echo Form","floor":16},{"not_picked":["Beam Cell","Gash","Go for the Eyes"],"picked":"SKIP","floor":18},{"not_picked":["Stack","Beam Cell"],"picked":"White Noise+1","floor":20},{"not_picked":["Barrage","Cold Snap"],"picked":"White Noise+1","floor":21},{"not_picked":["Rainbow","Rip and Tear"],"picked":"Tempest+1","floor":25},{"not_picked":["Hologram+1","Rip and Tear"],"picked":"Capacitor","floor":27},{"not_picked":["Cold Snap+1","Chaos"],"picked":"Loop","floor":29},{"not_picked":["Stack","Leap","Go for the Eyes+1"],"picked":"SKIP","floor":31},{"not_picked":["Reboot","Hyperbeam+1"],"picked":"Electrodynamics","floor":33},{"not_picked":["Turbo+1","Redo","Hologram"],"picked":"SKIP","floor":35},{"not_picked":["Heatsinks","Stack+1"],"picked":"Coolheaded+1","floor":37},{"not_picked":["Steam Power","Force Field+1"],"picked":"Buffer","floor":41},{"not_picked":["Skim","Redo","Barrage+1"],"picked":"SKIP","floor":44},{"not_picked":["Redo","Double Energy","Leap+1"],"picked":"SKIP","floor":45},{"not_picked":["Go for the Eyes+1","Stack","Barrage+1"],"picked":"SKIP","floor":46},{"not_picked":["Turbo","Reboot"],"picked":"FTL+1","floor":48}],"player_experience":595482,"relics_obtained":[{"floor":2,"key":"Oddly Smooth Stone"},{"floor":9,"key":"Blood Vial"},{"floor":26,"key":"Cables"},{"floor":28,"key":"Molten Egg 2"},{"floor":43,"key":"Frozen Egg 2"}],"event_choices":[{"damage_healed":0,"gold_gain":0,"player_choice":"Upgraded","damage_taken":0,"max_hp_gain":0,"max_hp_loss":0,"event_name":"Upgrade Shrine","floor":4,"gold_loss":0,"cards_upgraded":["Dualcast"]},{"damage_healed":0,"gold_gain":0,"player_choice":"Trade","damage_taken":0,"relics_obtained":["CultistMask"],"max_hp_gain":0,"max_hp_loss":0,"event_name":"FaceTrader","floor":8,"gold_loss":0},{"damage_healed":0,"gold_gain":0,"player_choice":"Ignored","damage_taken":0,"max_hp_gain":0,"max_hp_loss":0,"event_name":"The Mausoleum","floor":19,"gold_loss":0},{"damage_healed":0,"gold_gain":0,"player_choice":"Ignored","damage_taken":0,"max_hp_gain":0,"max_hp_loss":0,"event_name":"Cursed Tome","floor":22,"gold_loss":0},{"damage_healed":0,"gold_gain":0,"player_choice":"Relic","damage_taken":0,"max_hp_gain":0,"max_hp_loss":0,"event_name":"Wheel of Change","floor":28,"gold_loss":0},{"damage_healed":0,"gold_gain":0,"player_choice":"Ignored","damage_taken":0,"max_hp_gain":0,"max_hp_loss":0,"event_name":"Mysterious Sphere","floor":38,"gold_loss":0},{"damage_healed":0,"gold_gain":0,"player_choice":"Ignored","damage_taken":0,"max_hp_gain":0,"max_hp_loss":0,"event_name":"The Moai Head","floor":39,"gold_loss":0}],"is_beta":false,"boss_relics":[{"not_picked":["Black Star","Cursed Key"],"picked":"Ectoplasm"},{"not_picked":["Empty Cage","Calling Bell"],"picked":"Sozu"}],"items_purged_floors":[],"is_endless":false,"potions_floor_spawned":[5,7,13,14,21,31,33,41,45],"killed_by":"Time Eater","ascension_level":16}