{"gold_per_floor":[113,113,113,126,139,139,151,171,195,214,233,233,233,247,247,247],"floor_reached":16,"playtime":291,"items_purged":[],"score":173,"play_id":"3bfe8e90-6a8c-41b8-b067-e38b332e3144","local_time":"20190525230322","is_ascension_mode":true,"campfire_choices":[{"data":"Defragment","floor":6,"key":"SMITH"},{"floor":12,"key":"REST"},{"floor":15,"key":"REST"}],"neow_cost":"NONE","seed_source_timestamp":814825308729181,"circlet_count":0,"master_deck":["AscendersBane","Strike_B","Strike_B","Strike_B","Strike_B","Defend_B","Defend_B","Defend_B","Defend_B","Zap","Dualcast","Defragment+1","Defragment"],"relics":["Cracked Core","NeowsBlessing","PreservedInsect","Boot"],"potions_floor_usage":[16,16],"damage_taken":[{"damage":0,"enemies":"Small Slimes","floor":1,"turns":1},{"damage":0,"enemies":"Jaw Worm","floor":4,"turns":1},{"damage":0,"enemies":"2 Louse","floor":5,"turns":1},{"damage":6,"enemies":"2 Fungi Beasts","floor":7,"turns":4},{"damage":6,"enemies":"Exordium Thugs","floor":8,"turns":4},{"damage":8,"enemies":"Red Slaver","floor":10,"turns":4},{"damage":16,"enemies":"Blue Slaver","floor":11,"turns":4},{"damage":0,"enemies":"Large Slime","floor":14,"turns":4},{"damage":52,"enemies":"Hexaghost","floor":16,"turns":8}],"seed_played":"4311694564048100816","potions_obtained":[{"floor":4,"key":"Strength Potion"},{"floor":7,"key":"Dexterity Potion"}],"is_trial":false,"path_per_floor":["M","?","$","M","M","R","M","M","T","M","M","R","?","M","R","B"],"character_chosen":"DEFECT","items_purchased":[],"campfire_rested":2,"item_purchase_floors":[],"current_hp_per_floor":[64,46,46,46,46,46,40,34,34,26,10,31,31,31,52,0],"gold":247,"neow_bonus":"THREE_ENEMY_KILL","is_prod":false,"is_daily":false,"chose_seed":false,"campfire_upgraded":1,"win_rate":0,"timestamp":1558796602,"path_taken":["M","?","?","M","M","R","M","M","T","?","M","R","?","M","R","BOSS"],"build_version":"2019-01-23","purchased_purges":0,"victory":false,"max_hp_per_floor":[71,71,71,71,71,71,71,71,71,71,71,71,71,71,71,71],"card_choices":[{"not_picked":["Redo","Turbo","Compile Driver"],"picked":"SKIP","floor":1},{"not_picked":["Darkness","Aggregate","Go for the Eyes"],"picked":"SKIP","floor":4},{"not_picked":["Auto Shields","Ball Lightning"],"picked":"Defragment","floor":5},{"not_picked":["Rebound","Loop"],"picked":"Defragment","floor":7},{"not_picked":["Gash","Storm","Redo"],"picked":"SKIP","floor":8},{"not_picked":["Force Field","Compile Driver","Steam"],"picked":"SKIP","floor":10},{"not_picked":["Stack","Steam","Compile Driver"],"picked":"SKIP","floor":11},{"not_picked":["Steam","Hyperbeam","Skim"],"picked":"SKIP","floor":14}],"player_experience":598828,"relics_obtained":[{"floor":9,"key":"Boot"}],"event_choices":[{"damage_healed":0,"gold_gain":0,"player_choice":"Success","damage_taken":18,"relics_obtained":["PreservedInsect"],"max_hp_gain":0,"max_hp_loss":0,"event_name":"Scrap Ooze","floor":2,"gold_loss":0},{"damage_healed":0,"gold_gain":0,"player_choice":"Ignored","damage_taken":0,"max_hp_gain":0,"max_hp_loss":0,"event_name":"Liars Game","floor":13,"gold_loss":0}],"is_beta":false,"boss_relics":[],"items_purged_floors":[],"is_endless":false,"potions_floor_spawned":[4,7,8,10],"killed_by":"Hexaghost","ascension_level":16}