{"path_per_floor":["M","?","?","M","$","E","R","E","T","M","M","R","M","?","R","B",null,"M","$","?","?","M","R","E","R","T","?","R","M","R","M","R","B",null,"M","M","$","M","$","R","?","M","T","R","M","E"],"character_chosen":"THE_SILENT","items_purchased":["Pen Nib","Molten Egg 2","Tools of the Trade"],"gold_per_floor":[111,286,361,372,143,178,178,212,212,229,241,241,256,256,256,357,357,369,10,10,10,24,24,57,57,57,57,57,69,69,84,84,182,182,194,211,86,106,27,27,127,137,137,137,149,182],"floor_reached":47,"campfire_rested":4,"playtime":5975,"current_hp_per_floor":[70,70,59,56,56,18,39,12,12,10,8,29,24,24,45,39,70,61,61,61,61,59,59,47,47,47,38,60,58,58,54,54,41,75,67,62,62,60,60,70,70,40,40,50,44,25],"items_purged":["Doubt","Strike_G","Defend_G"],"gold":182,"play_id":"e5f1466a-0b6c-4079-941f-ca442966ccf7","is_prod":false,"is_daily":false,"is_ascension_mode":false,"campfire_upgraded":6,"path_taken":["M","?","?","M","$","E","R","E","T","M","M","R","M","?","R","BOSS","M","$","?","?","M","R","E","R","T","?","R","M","R","M","R","BOSS","M","M","$","M","$","R","?","M","T","R","M","E","?"],"build_version":"2018-02-01-PROD3","purchased_purges":3,"victory":false,"master_deck":["Defend_G","Defend_G","Defend_G","Defend_G","Strike_G","Strike_G","Strike_G","Strike_G","Survivor+1","Neutralize+1","Dodge and Roll","Predator","Endless Agony+1","After Image+1","Escape Plan","Predator","Backstab","Burst+1","Prepared+1","After Image+1","Well Laid Plans+1","Doppelganger+1","Footwork+1","Escape Plan","Dagger Throw+1","Finisher+1","Infinite Blades+1","Tools of the Trade+1","Deflect+1","Prepared"],"max_hp_per_floor":[70,70,70,70,70,70,70,70,70,70,70,70,70,70,70,70,70,70,70,70,70,70,70,70,70,70,75,75,75,75,75,75,75,75,75,75,75,75,75,75,75,75,75,75,75,75],"relics":["Ring of the Snake","Pen Nib","Omamori","Mercury Hourglass","Ginger","Philosopher\u0027s Stone","Molten Egg 2","War Paint","Ice Cream","Eternal Feather","Pantograph","Letter Opener"],"card_choices":[{"not_picked":["Dagger Spray","Prepared"],"picked":"Dodge and Roll"},{"not_picked":["Dagger Spray","Acrobatics"],"picked":"Predator"},{"not_picked":["Deadly Poison","Prepared"],"picked":"Endless Agony"},{"not_picked":["Quick Slash","Backflip"],"picked":"After Image"},{"not_picked":["Bane","Deadly Poison"],"picked":"Escape Plan"},{"not_picked":["Dagger Throw","Dagger Spray"],"picked":"Predator"},{"not_picked":["Sucker Punch","Prepared"],"picked":"Backstab"},{"not_picked":["Phantasmal Killer","Doppelganger"],"picked":"Burst"},{"not_picked":["Underhanded Strike","Deadly Poison"],"picked":"Prepared"},{"not_picked":["Deadly Poison","Quick Slash"],"picked":"Well Laid Plans"},{"not_picked":["Skewer","Slice"],"picked":"Doppelganger"},{"not_picked":["Poisoned Stab","Outmaneuver"],"picked":"Footwork"},{"not_picked":["Sucker Punch","Crippling Poison"],"picked":"Escape Plan"},{"not_picked":["Acrobatics","Dagger Spray"],"picked":"Dagger Throw"},{"not_picked":["Underhanded Strike","Dagger Spray"],"picked":"Finisher"},{"not_picked":["Finisher","Eviscerate"],"picked":"Infinite Blades"},{"not_picked":["Heel Hook","Sucker Punch"],"picked":"Deflect"},{"not_picked":["Tactician","PiercingWail"],"picked":"Prepared"}],"player_experience":62925,"potions_floor_usage":[8,11,16,24,31,33,46,46,47],"damage_taken":[{"damage":0,"enemies":"2 Louse","floor":1,"turns":2},{"damage":3,"enemies":"Jaw Worm","floor":4,"turns":9},{"damage":38,"enemies":"Gremlin Nob","floor":6,"turns":5},{"damage":27,"enemies":"Lagavulin","floor":8,"turns":10},{"damage":2,"enemies":"Small Slimes","floor":10,"turns":3},{"damage":2,"enemies":"3 Louse","floor":11,"turns":3},{"damage":5,"enemies":"Exordium Thugs","floor":13,"turns":5},{"damage":6,"enemies":"Hexaghost","floor":16,"turns":9},{"damage":9,"enemies":"Shell Parasite","floor":18,"turns":6},{"damage":2,"enemies":"Spheric Guardian","floor":22,"turns":3},{"damage":12,"enemies":"Book of Stabbing","floor":24,"turns":9},{"damage":2,"enemies":"Centurion and Healer","floor":29,"turns":7},{"damage":4,"enemies":"Slaver and Parasite","floor":31,"turns":6},{"damage":13,"enemies":"Champ","floor":33,"turns":18},{"damage":8,"enemies":"3 Shapes","floor":35,"turns":5},{"damage":5,"enemies":"Orb Walker","floor":36,"turns":4},{"damage":2,"enemies":"Maw","floor":38,"turns":7},{"damage":30,"enemies":"Sphere and 2 Shapes","floor":42,"turns":4},{"damage":6,"enemies":"3 Darklings","floor":45,"turns":4},{"damage":19,"enemies":"2 Orb Walkers","floor":46,"turns":5}],"event_choices":[{"event_name":"Liars Game","player_choice":"agreed","floor":2,"damage_taken":0},{"event_name":"World of Goop","player_choice":"Gather Gold","floor":3,"damage_taken":0},{"event_name":"Living Wall","player_choice":"Grow","floor":14,"damage_taken":0},{"event_name":"Beggar","player_choice":"Ignored","floor":20,"damage_taken":0},{"event_name":"Duplicator","player_choice":"One dupe","floor":21,"damage_taken":0},{"event_name":"Forgotten Altar","player_choice":"Shed Blood","floor":27,"damage_taken":0},{"event_name":"Golden Shrine","player_choice":"Pray","floor":41,"damage_taken":0}],"boss_relics":[{"not_picked":["Ectoplasm","Velvet Choker"],"picked":"Philosopher\u0027s Stone"},{"not_picked":["Runic Dome","The Specimen"],"picked":"Eternal Feather"}],"potions_floor_spawned":[6,8,10,13,18,22,35,38,45],"seed_played":"2926402869048767239","killed_by":"4 Shapes","ascension_level":0,"is_trial":false}