{"gold_per_floor":[215,227,227,3,18,51,61,123,123,123,0,33,33,51,51,153,153,153,153,78,11,11,11,11,0,0,0,0,0,0,0,0,0,0,0,0,0,0,0,0,0,0],"floor_reached":42,"playtime":1880,"items_purged":["Strike_B"],"score":569,"play_id":"772b0d2d-2422-4f3b-b2a3-e21e43897cd0","local_time":"20190322210142","is_ascension_mode":true,"campfire_choices":[{"data":"Defragment","floor":10.0,"key":"SMITH"},{"data":"Chaos","floor":13.0,"key":"SMITH"},{"floor":15.0,"key":"REST"},{"floor":27.0,"key":"REST"},{"data":"Seek","floor":32.0,"key":"SMITH"},{"floor":40.0,"key":"REST"}],"neow_cost":"NONE","seed_source_timestamp":0,"circlet_count":0,"master_deck":["Strike_B+1","Strike_B+1","Strike_B+1","Defend_B+1","Defend_B+1","Defend_B+1","Defend_B+1","Zap+1","Dualcast","Capacitor","Defragment+1","Tempest","Darkness","Coolheaded","Chaos+1","Go for the Eyes","Seek+1","Capacitor+1","Defragment+1","Loop","Reinforced Body","Amplify","Reboot","Madness","Madness","Chill+1"],"special_seed":0,"relics":["Cracked Core","Orichalcum","Oddly Smooth Stone","Dodecahedron","Bottled Tornado","Nunchaku","Ectoplasm","Lantern","Happy Flower","Anchor","Sozu","Red Mask","Bronze Scales"],"potions_floor_usage":[],"damage_taken":[{"damage":0.0,"enemies":"2 Louse","floor":1.0,"turns":1.0},{"damage":0.0,"enemies":"Jaw Worm","floor":2.0,"turns":3.0},{"damage":0.0,"enemies":"Cultist","floor":5.0,"turns":3.0},{"damage":36.0,"enemies":"Lagavulin","floor":6.0,"turns":7.0},{"damage":12.0,"enemies":"Exordium Thugs","floor":7.0,"turns":4.0},{"damage":0.0,"enemies":"Gremlin Nob","floor":8.0,"turns":2.0},{"damage":4.0,"enemies":"3 Sentries","floor":12.0,"turns":7.0},{"damage":8.0,"enemies":"Red Slaver","floor":14.0,"turns":2.0},{"damage":0.0,"enemies":"The Guardian","floor":16.0,"turns":9.0},{"damage":2.0,"enemies":"Shell Parasite","floor":18.0,"turns":4.0},{"damage":26.0,"enemies":"2 Thieves","floor":20.0,"turns":4.0},{"damage":36.0,"enemies":"Slavers","floor":23.0,"turns":6.0},{"damage":4.0,"enemies":"Snecko","floor":24.0,"turns":4.0},{"damage":0.0,"enemies":"3 Cultists","floor":28.0,"turns":4.0},{"damage":0.0,"enemies":"Chosen and Byrds","floor":31.0,"turns":6.0},{"damage":9.0,"enemies":"Champ","floor":33.0,"turns":8.0},{"damage":6.0,"enemies":"Orb Walker","floor":35.0,"turns":2.0},{"damage":19.0,"enemies":"3 Darklings","floor":41.0,"turns":7.0},{"damage":62,"enemies":"Nemesis","floor":42,"turns":6}],"seed_played":"8666542836471348008","potions_obtained":[{"floor":1.0,"key":"Strength Potion"},{"floor":6.0,"key":"AttackPotion"},{"floor":7.0,"key":"Fire Potion"},{"floor":12.0,"key":"Poison Potion"},{"floor":23.0,"key":"Weak Potion"},{"floor":28.0,"key":"Weak Potion"}],"is_trial":false,"path_per_floor":["M","M","?","$","M","E","M","?","T","R","$","E","R","M","R","B",null,"M","?","M","$","?","E","M","?","T","R","M","$","T","M","R","B",null,"M","?","?","?","T","R","M","E"],"character_chosen":"DEFECT","items_purchased":["Defragment","Orichalcum","Coolheaded","Loop"],"campfire_rested":3,"item_purchase_floors":[4,4,11,21],"current_hp_per_floor":[75,75,75,75,75,39,27,27,27,27,27,23,23,15,37,37,75,73,73,47,47,47,11,7,7,7,29,29,29,29,29,29,20,75,69,60,60,60,60,75,56,0],"gold":0,"neow_bonus":"HUNDRED_GOLD","is_prod":false,"is_daily":false,"chose_seed":false,"campfire_upgraded":3,"win_rate":0,"timestamp":1553313702,"path_taken":["M","M","?","$","M","E","M","?","T","R","?","E","R","?","R","BOSS","M","?","?","$","?","E","M","?","T","R","M","?","?","M","R","BOSS","M","?","?","?","?","R","M","E"],"build_version":"2019-01-23","purchased_purges":1,"victory":false,"max_hp_per_floor":[75,75,75,75,75,75,75,75,75,75,75,75,75,75,75,75,75,75,75,75,75,75,75,75,75,75,75,75,75,75,75,75,75,75,75,75,75,75,75,75,75,75],"card_choices":[{"not_picked":["Sunder","Auto Shields"],"picked":"Capacitor","floor":1.0},{"not_picked":["Undo","Barrage","Beam Cell"],"picked":"SKIP","floor":2.0},{"not_picked":["Barrage","Beam Cell","Thunder Strike"],"picked":"SKIP","floor":5.0},{"not_picked":["Barrage","Sweeping Beam","Redo"],"picked":"SKIP","floor":6.0},{"not_picked":["Sunder","Barrage"],"picked":"Tempest","floor":7.0},{"not_picked":["Compile Driver","Rebound"],"picked":"Darkness","floor":8.0},{"not_picked":["Reinforced Body","Scrape"],"picked":"Chaos","floor":12.0},{"not_picked":["Darkness","Redo"],"picked":"Go for the Eyes","floor":14.0},{"not_picked":["Rainbow","All For One"],"picked":"Seek","floor":16.0},{"not_picked":["Leap","Glacier"],"picked":"Capacitor+1","floor":18.0},{"not_picked":["Steam Power","Beam Cell","Ball Lightning"],"picked":"SKIP","floor":20.0},{"not_picked":["Ball Lightning","Barrage+1","Tempest+1"],"picked":"SKIP","floor":23.0},{"not_picked":["Hologram","Leap"],"picked":"Reinforced Body","floor":24.0},{"not_picked":["Redo","Streamline","Stack"],"picked":"SKIP","floor":28.0},{"not_picked":["Beam Cell","Fusion"],"picked":"Amplify","floor":31.0},{"not_picked":["Core Surge","All For One"],"picked":"Reboot","floor":33.0},{"not_picked":["Stack+1","Compile Driver+1","Steam"],"picked":"SKIP","floor":35.0},{"not_picked":["Compile Driver+1","Lockon+1"],"picked":"Chill+1","floor":41.0}],"player_experience":213679,"relics_obtained":[{"floor":6.0,"key":"Oddly Smooth Stone"},{"floor":8.0,"key":"Dodecahedron"},{"floor":9.0,"key":"Bottled Tornado"},{"floor":12.0,"key":"Nunchaku"},{"floor":23.0,"key":"Lantern"},{"floor":26.0,"key":"Happy Flower"},{"floor":30.0,"key":"Anchor"},{"floor":39.0,"key":"Bronze Scales"}],"event_choices":[{"damage_healed":0.0,"max_hp_gain":0.0,"max_hp_loss":0.0,"gold_gain":0.0,"event_name":"Living Wall","player_choice":"Grow","floor":3.0,"gold_loss":0.0,"damage_taken":0.0,"cards_upgraded":["Zap"]},{"damage_healed":0.0,"max_hp_gain":0.0,"max_hp_loss":0.0,"gold_gain":0.0,"event_name":"Dead Adventurer","player_choice":"Searched \u00272\u0027 times","floor":8.0,"gold_loss":0.0,"damage_taken":0.0},{"damage_healed":0.0,"max_hp_gain":0.0,"max_hp_loss":0.0,"gold_gain":0.0,"event_name":"Duplicator","player_choice":"Copied","floor":19.0,"gold_loss":0.0,"damage_taken":0.0,"cards_obtained":["Defragment"]},{"damage_healed":0.0,"max_hp_gain":0.0,"max_hp_loss":0.0,"gold_gain":0.0,"event_name":"Back to Basics","player_choice":"Simplicity","floor":22.0,"gold_loss":0.0,"damage_taken":0.0,"cards_upgraded":["Strike_B","Strike_B","Strike_B","Defend_B","Defend_B","Defend_B","Defend_B"]},{"damage_healed":0.0,"max_hp_gain":0.0,"max_hp_loss":0.0,"gold_gain":0.0,"event_name":"Masked Bandits","player_choice":"Paid Fearfully","floor":25.0,"gold_loss":11.0,"damage_taken":0.0},{"damage_healed":0.0,"max_hp_gain":0.0,"max_hp_loss":0.0,"gold_gain":0.0,"event_name":"Winding Halls","player_choice":"Embrace Madness","floor":36.0,"gold_loss":0.0,"damage_taken":9.0,"cards_obtained":["Madness","Madness"]},{"damage_healed":0.0,"max_hp_gain":0.0,"max_hp_loss":0.0,"gold_gain":0.0,"event_name":"Tomb of Lord Red Mask","player_choice":"Paid","floor":37.0,"gold_loss":0.0,"damage_taken":0.0,"relics_obtained":["Red Mask"]},{"damage_healed":0.0,"max_hp_gain":0.0,"max_hp_loss":0.0,"gold_gain":0.0,"event_name":"Mysterious Sphere","player_choice":"Ignored","floor":38.0,"gold_loss":0.0,"damage_taken":0.0}],"is_beta":false,"boss_relics":[{"not_picked":["Coffee Dripper","Empty Cage"],"picked":"Ectoplasm"},{"not_picked":["Cursed Key","Fusion Hammer"],"picked":"Sozu"}],"items_purged_floors":[11],"is_endless":false,"potions_floor_spawned":[1,6,7,12,23,28,41],"killed_by":"Nemesis","ascension_level":4}