{"gold_per_floor":[114,114,12,24,43,58,91,110,110,126,126,148,148,174,174,275,275,292,76,346,356,32,32,59,59,82,115,126,140,240,259,259,359,359,370,380,380,380,397,397,397,427,477,477,137,137,39,59,59,59],"floor_reached":51,"playtime":3224,"items_purged":["Strike_B"],"score":981,"play_id":"7ec523ff-cbd3-472b-8852-6a6d2425cab8","local_time":"20190323184902","is_ascension_mode":true,"campfire_choices":[{"data":"Zap","floor":11,"key":"SMITH"},{"data":"Biased Cognition","floor":13,"key":"SMITH"},{"data":"White Noise","floor":15,"key":"SMITH"},{"floor":23,"key":"REST"},{"floor":25,"key":"REST"},{"data":"Fission","floor":32,"key":"SMITH"},{"data":"Seek","floor":40,"key":"SMITH"},{"floor":44,"key":"REST"},{"data":"Core Surge","floor":49,"key":"SMITH"}],"neow_cost":"NONE","seed_source_timestamp":75406709486470,"circlet_count":0,"master_deck":["Strike_B+1","Defend_B+1","Defend_B+1","Defend_B+1","Defend_B+1","Zap+1","Dualcast+1","Blizzard+1","Leap+1","Chill+1","Chaos+1","Ball Lightning+1","Cold Snap+1","Biased Cognition+1","White Noise+1","Seek+1","Fission+1","Cold Snap+1","Cold Snap+1","Reinforced Body+1","Ball Lightning+1","Glacier+1","Glacier+1","Echo Form+1","Core Surge+1","Go for the Eyes+1","Biased Cognition+1","Madness+1","Madness+1","Fission+1","Core Surge+1"],"relics":["Cracked Core","Oddly Smooth Stone","Strawberry","Happy Flower","Odd Mushroom","Blood Vial","Orrery","Anchor","Pantograph","Singing Bowl","Orichalcum","Regal Pillow","Lizard Tail","Mark of the Bloom","Bronze Scales","Lantern","War Paint"],"potions_floor_usage":[7,7,12,16,24,24,33,33,39,39,50,50],"damage_taken":[{"damage":6,"enemies":"Jaw Worm","floor":1,"turns":4},{"damage":0,"enemies":"Cultist","floor":4,"turns":3},{"damage":0,"enemies":"Small Slimes","floor":5,"turns":3},{"damage":0,"enemies":"Exordium Wildlife","floor":6,"turns":5},{"damage":14,"enemies":"Lagavulin","floor":7,"turns":6},{"damage":16,"enemies":"Lots of Slimes","floor":8,"turns":4},{"damage":0,"enemies":"Large Slime","floor":10,"turns":4},{"damage":0,"enemies":"The Mushroom Lair","floor":12,"turns":2},{"damage":0,"enemies":"Gremlin Nob","floor":14,"turns":4},{"damage":11,"enemies":"The Guardian","floor":16,"turns":11},{"damage":4,"enemies":"Shell Parasite","floor":18,"turns":6},{"damage":16,"enemies":"3 Byrds","floor":21,"turns":6},{"damage":30,"enemies":"Gremlin Leader","floor":24,"turns":8},{"damage":0,"enemies":"Book of Stabbing","floor":27,"turns":6},{"damage":4,"enemies":"Snake Plant","floor":28,"turns":4},{"damage":0,"enemies":"Shelled Parasite and Fungi","floor":29,"turns":6},{"damage":0,"enemies":"Centurion and Healer","floor":31,"turns":6},{"damage":10,"enemies":"Collector","floor":33,"turns":10},{"damage":0,"enemies":"Orb Walker","floor":35,"turns":5},{"damage":0,"enemies":"3 Darklings","floor":36,"turns":5},{"damage":0,"enemies":"Transient","floor":39,"turns":5},{"damage":23,"enemies":"Giant Head","floor":42,"turns":10},{"damage":0,"enemies":"Maw","floor":48,"turns":6},{"damage":15,"enemies":"Time Eater","floor":50,"turns":11}],"seed_played":"-3720972228537267063","potions_obtained":[{"floor":5,"key":"Energy Potion"},{"floor":6,"key":"Swift Potion"},{"floor":7,"key":"PowerPotion"},{"floor":14,"key":"Explosive Potion"},{"floor":16,"key":"Fire Potion"},{"floor":21,"key":"PowerPotion"},{"floor":24,"key":"Fire Potion"},{"floor":29,"key":"LiquidBronze"},{"floor":33,"key":"AttackPotion"},{"floor":42,"key":"SteroidPotion"},{"floor":48,"key":"Strength Potion"}],"is_trial":false,"path_per_floor":["M","?","$","M","M","M","E","M","T","M","R","?","R","E","R","B",null,"M","$","?","M","$","R","E","R","T","E","M","M","?","M","R","B",null,"M","M","?","?","M","R","?","E","T","R","$","?","$","M","R","B",null],"character_chosen":"DEFECT","items_purchased":["Leap","Anchor","Glacier","Pantograph","EssenceOfSteel","Fission","Dexterity Potion","War Paint","FairyPotion"],"campfire_rested":3,"item_purchase_floors":[3,19,19,22,22,45,45,45,47],"current_hp_per_floor":[69,69,69,69,69,69,62,46,46,46,46,46,46,46,46,37,71,69,69,37,23,23,47,21,46,46,48,46,50,50,54,54,73,86,90,92,80,82,86,86,86,63,63,63,63,63,63,63,63,48],"gold":59,"neow_bonus":"RANDOM_COMMON_RELIC","is_prod":false,"is_daily":false,"chose_seed":false,"campfire_upgraded":6,"win_rate":0,"timestamp":1553392142,"path_taken":["M","?","$","M","M","?","E","M","T","M","R","?","R","E","R","BOSS","M","$","?","?","$","R","E","R","T","E","M","M","?","?","R","BOSS","M","M","?","?","?","R","?","E","T","R","$","?","?","M","R","BOSS"],"build_version":"2019-01-23","purchased_purges":1,"victory":true,"max_hp_per_floor":[75,75,75,75,75,75,82,82,82,82,82,82,82,82,82,82,82,82,82,82,82,82,82,84,84,84,84,84,86,86,88,88,90,90,92,92,92,94,96,96,96,98,98,98,98,98,98,98,98,98],"card_choices":[{"not_picked":["Compile Driver","Streamline","Gash"],"picked":"SKIP","floor":1},{"not_picked":["Steam","Force Field"],"picked":"Chill","floor":4},{"not_picked":["Stack","Storm"],"picked":"Chaos","floor":5},{"not_picked":["Leap","Turbo"],"picked":"Ball Lightning","floor":6},{"not_picked":["Melter","Undo"],"picked":"Cold Snap","floor":7},{"not_picked":["Turbo","Sweeping Beam"],"picked":"Biased Cognition","floor":8},{"not_picked":["Fusion","Steam Power"],"picked":"White Noise","floor":10},{"not_picked":["Melter","Streamline"],"picked":"Seek","floor":14},{"not_picked":["Hyperbeam","Buffer"],"picked":"Fission","floor":16},{"not_picked":["Rebound","Static Discharge"],"picked":"Cold Snap","floor":17},{"not_picked":["Go for the Eyes","Doom and Gloom"],"picked":"Cold Snap","floor":17},{"not_picked":["Rip and Tear","Go for the Eyes"],"picked":"Reinforced Body","floor":17},{"not_picked":["Turbo","Hologram"],"picked":"Ball Lightning","floor":17},{"not_picked":["Rebound","Streamline"],"picked":"Glacier","floor":18},{"not_picked":["Barrage","Coolheaded"],"picked":"Echo Form","floor":21},{"not_picked":["Static Discharge","Gash+1","Skim"],"picked":"Singing Bowl","floor":24},{"not_picked":["Lockon","Force Field+1"],"picked":"Core Surge","floor":27},{"not_picked":["FTL","Heatsinks"],"picked":"Go for the Eyes+1","floor":28},{"not_picked":["Lockon","Static Discharge","Gash"],"picked":"Singing Bowl","floor":29},{"not_picked":["Undo","Rebound","Chaos"],"picked":"Singing Bowl","floor":31},{"not_picked":["Thunder Strike","Meteor Strike","Amplify"],"picked":"Singing Bowl","floor":33},{"not_picked":["Streamline+1","Redo+1","Conserve Battery+1"],"picked":"Singing Bowl","floor":35},{"not_picked":["Rebound+1","Streamline"],"picked":"Biased Cognition","floor":36},{"not_picked":["Swift Strike","Violence","Dramatic Entrance"],"picked":"Singing Bowl","floor":38},{"not_picked":["Go for the Eyes","Beam Cell","Blizzard"],"picked":"Singing Bowl","floor":39},{"not_picked":["Self Repair+1","Ball Lightning+1","Streamline"],"picked":"Singing Bowl","floor":42},{"not_picked":["Gash+1","Streamline+1"],"picked":"Core Surge","floor":48}],"player_experience":230084,"relics_obtained":[{"floor":7,"key":"Strawberry"},{"floor":9,"key":"Happy Flower"},{"floor":12,"key":"Odd Mushroom"},{"floor":14,"key":"Blood Vial"},{"floor":24,"key":"Singing Bowl"},{"floor":26,"key":"Orichalcum"},{"floor":27,"key":"Regal Pillow"},{"floor":42,"key":"Bronze Scales"},{"floor":43,"key":"Lantern"}],"event_choices":[{"damage_healed":0,"gold_gain":0,"cards_transformed":["Strike_B"],"player_choice":"Transformed","damage_taken":0,"max_hp_gain":0,"max_hp_loss":0,"event_name":"Transmorgrifier","floor":2,"gold_loss":0,"cards_obtained":["Blizzard"]},{"damage_healed":0,"gold_gain":0,"player_choice":"Fought Mushrooms","damage_taken":0,"max_hp_gain":0,"max_hp_loss":0,"event_name":"Mushrooms","floor":12,"gold_loss":0},{"damage_healed":0,"gold_gain":270,"player_choice":"GOLD GOLD GOLD ","damage_taken":32,"max_hp_gain":0,"max_hp_loss":0,"event_name":"Knowing Skull","floor":20,"potions_obtained":[],"gold_loss":0,"cards_obtained":[]},{"damage_healed":0,"gold_gain":100,"player_choice":"Pray","damage_taken":0,"max_hp_gain":0,"max_hp_loss":0,"event_name":"Golden Shrine","floor":30,"gold_loss":0},{"damage_healed":0,"gold_gain":0,"player_choice":"Embrace Madness","damage_taken":12,"max_hp_gain":0,"max_hp_loss":0,"event_name":"Winding Halls","floor":37,"gold_loss":0,"cards_obtained":["Madness","Madness"]},{"damage_healed":0,"gold_gain":0,"player_choice":"Memory 1","damage_taken":0,"max_hp_gain":0,"max_hp_loss":0,"event_name":"SensoryStone","floor":38,"gold_loss":0},{"damage_healed":0,"gold_gain":0,"player_choice":"Upgrade","damage_taken":0,"relics_obtained":["Mark of the Bloom"],"max_hp_gain":0,"max_hp_loss":0,"event_name":"MindBloom","floor":41,"gold_loss":0,"cards_upgraded":["Strike_B","Strike_B","Defend_B","Defend_B","Defend_B","Defend_B","Dualcast","Blizzard","Leap","Chill","Chaos","Ball Lightning","Cold Snap","Cold Snap","Cold Snap","Reinforced Body","Ball Lightning","Glacier","Glacier","Echo Form","Core Surge","Biased Cognition","Madness","Madness"]},{"cards_removed":["Strike_B"],"damage_healed":0,"gold_gain":0,"player_choice":"Removed Attack","damage_taken":0,"max_hp_gain":0,"max_hp_loss":0,"event_name":"Falling","floor":46,"gold_loss":0}],"is_beta":false,"boss_relics":[{"not_picked":["Busted Crown","Coffee Dripper"],"picked":"Orrery"},{"not_picked":["Tiny House","Black Star"],"picked":"Lizard Tail"}],"items_purged_floors":[3],"is_endless":false,"potions_floor_spawned":[5,6,7,14,16,21,24,29,33,42,48],"ascension_level":5}