{"gold_per_floor":[115,134,134,134,144,174,174,184,211,242,242,257,276,276,276,373,373,388,65,84,84,104,104,134,134,134,149,166,166,191,205,205,303,303,323,323,2,20,33,50,70,82,82,82,100,100,8,23,23,23],"floor_reached":51,"playtime":3455,"items_purged":["Strike_B"],"score":789,"play_id":"cca38f46-cf16-4807-8070-9732732b93f5","local_time":"20180818140034","is_ascension_mode":true,"campfire_choices":[{"data":"Sweeping Beam","floor":7,"key":"SMITH"},{"floor":11,"key":"REST"},{"data":"Capacitor","floor":15,"key":"SMITH"},{"floor":23,"key":"REST"},{"data":"Self Repair","floor":25,"key":"SMITH"},{"floor":32,"key":"REST"},{"floor":44,"key":"REST"},{"data":"Loop","floor":46,"key":"SMITH"},{"floor":49,"key":"REST"}],"neow_cost":"PERCENT_DAMAGE","seed_source_timestamp":517079077738,"circlet_count":0,"master_deck":["Strike_B","Strike_B","Strike_B","Defend_B","Defend_B","Defend_B","Defend_B","Zap","Dualcast","Sweeping Beam+1","Self Repair+1","Consume+1","Ball Lightning","Chaos+1","Turbo+1","Leap+1","Capacitor+1","Skim+1","Fission+1","Core Surge","Sweeping Beam+1","Metamorphosis+1","Hologram+1","Consume+1","Ball Lightning","Genetic Algorithm+1","Aggregate+1","Cold Snap","Chill+1","Cold Snap+1","Rainbow+1","Tempest+1","Loop+1","Turbo+1","Conserve Battery+1","Sweeping Beam+1","Conserve Battery+1","Consume+1","Defragment+1","Discovery+1","Conserve Battery+1"],"relics":["Cracked Core","Toxic Egg 2","Anchor","Happy Flower","Incense Burner","Inserter","Lantern","Strawberry","Vajra","Pen Nib","Nuclear Battery","Letter Opener","Molten Egg 2"],"potions_floor_usage":[10,10,10,13,20,30,30,39,40,50,50],"damage_taken":[{"damage":5,"enemies":"Cultist","floor":1,"turns":4},{"damage":17,"enemies":"Small Slimes","floor":2,"turns":3},{"damage":10,"enemies":"Jaw Worm","floor":5,"turns":4},{"damage":39,"enemies":"3 Sentries","floor":6,"turns":6},{"damage":2,"enemies":"2 Fungi Beasts","floor":8,"turns":2},{"damage":16,"enemies":"Lagavulin","floor":10,"turns":4},{"damage":0,"enemies":"Red Slaver","floor":12,"turns":2},{"damage":0,"enemies":"Large Slime","floor":13,"turns":4},{"damage":42,"enemies":"Hexaghost","floor":16,"turns":10},{"damage":23,"enemies":"2 Thieves","floor":18,"turns":5},{"damage":0,"enemies":"Spheric Guardian","floor":20,"turns":4},{"damage":28,"enemies":"Snecko","floor":22,"turns":6},{"damage":31,"enemies":"Book of Stabbing","floor":24,"turns":5},{"damage":5,"enemies":"Cultist and Chosen","floor":27,"turns":4},{"damage":13,"enemies":"Snake Plant","floor":28,"turns":5},{"damage":24,"enemies":"Slavers","floor":30,"turns":5},{"damage":9,"enemies":"Centurion and Healer","floor":31,"turns":6},{"damage":53,"enemies":"Collector","floor":33,"turns":8},{"damage":42,"enemies":"Flame Bruiser 1 Orb","floor":35,"turns":7},{"damage":31,"enemies":"3 Darklings","floor":38,"turns":5},{"damage":15,"enemies":"Sphere and 2 Shapes","floor":39,"turns":6},{"damage":16,"enemies":"Maw","floor":40,"turns":8},{"damage":6,"enemies":"Flame Bruiser 2 Orb","floor":41,"turns":7},{"damage":0,"enemies":"Transient","floor":42,"turns":5},{"damage":0,"enemies":"Maw","floor":45,"turns":7},{"damage":18,"enemies":"Flame Bruiser 2 Orb","floor":48,"turns":5},{"damage":4,"enemies":"Time Eater","floor":50,"turns":9}],"seed_played":"6103056369752281864","potions_obtained":[{"floor":1,"key":"Weak Potion"},{"floor":6,"key":"FocusPotion"},{"floor":8,"key":"Explosive Potion"},{"floor":12,"key":"AttackPotion"},{"floor":16,"key":"Block Potion"},{"floor":24,"key":"SpeedPotion"},{"floor":28,"key":"FearPotion"},{"floor":35,"key":"FocusPotion"},{"floor":39,"key":"Fire Potion"},{"floor":45,"key":"FearPotion"},{"floor":48,"key":"Weak Potion"}],"is_trial":false,"path_per_floor":["M","M","T","?","M","E","R","M","T","E","R","M","M","?","R","B",null,"M","$","M","?","M","R","E","R","T","M","M","?","E","M","R","B",null,"M","?","$","M","M","M","M","M","T","R","M","R","$","M","R","B"],"character_chosen":"DEFECT","items_purchased":["Metamorphosis+1","Hologram+1","Loop","Letter Opener","Discovery+1"],"campfire_rested":5,"item_purchase_floors":[19,19,37,37,47],"current_hp_per_floor":[60,43,43,89,86,54,54,52,52,43,69,69,76,76,76,41,89,73,73,73,73,52,78,61,61,61,56,53,53,39,40,68,25,96,54,54,54,33,28,22,26,36,36,64,74,74,74,56,84,80],"gold":23,"neow_bonus":"TWENTY_PERCENT_HP_BONUS","is_prod":false,"is_daily":false,"chose_seed":false,"campfire_upgraded":4,"win_rate":0,"timestamp":1534593634,"path_taken":["M","M","?","?","M","E","R","M","T","E","R","M","M","?","R","BOSS","M","$","M","?","M","R","E","R","T","?","M","?","E","M","R","BOSS","M","?","?","M","?","M","M","?","T","R","M","R","$","M","R","BOSS"],"build_version":"2018-08-16","purchased_purges":1,"victory":true,"max_hp_per_floor":[89,89,89,89,89,89,89,89,89,89,89,89,89,89,89,89,89,89,89,89,89,89,89,96,96,96,96,96,96,96,96,96,96,96,96,96,96,96,96,96,96,96,96,96,96,96,96,96,96,96],"card_choices":[{"not_picked":["Reprogram","Leap"],"picked":"Sweeping Beam","floor":1},{"not_picked":["Go for the Eyes","White Noise"],"picked":"Self Repair","floor":2},{"not_picked":["Cold Snap","Hologram+1"],"picked":"Consume+1","floor":5},{"not_picked":["Stack+1","Go for the Eyes"],"picked":"Ball Lightning","floor":6},{"not_picked":["Barrage","Compile Driver"],"picked":"Chaos+1","floor":8},{"not_picked":["Rebound","Cold Snap"],"picked":"Turbo+1","floor":10},{"not_picked":["Undo+1","Hyperbeam"],"picked":"Leap+1","floor":12},{"not_picked":["Conserve Battery+1","Redo+1"],"picked":"Capacitor","floor":13},{"not_picked":["Meteor Strike","Machine Learning"],"picked":"Core Surge","floor":16},{"not_picked":["Turbo+1","Blizzard+1"],"picked":"Sweeping Beam+1","floor":18},{"not_picked":["Chill+1","Fusion+1"],"picked":"Consume+1","floor":20},{"not_picked":["Go for the Eyes","Creative AI"],"picked":"Ball Lightning","floor":22},{"not_picked":["Leap+1","Steam Power+1"],"picked":"Genetic Algorithm+1","floor":24},{"not_picked":["Go for the Eyes+1","Gash","Beam Cell"],"picked":"SKIP","floor":27},{"not_picked":["Capacitor","Hello World"],"picked":"Aggregate+1","floor":28},{"not_picked":["Turbo+1","Hologram+1"],"picked":"Chill+1","floor":30},{"not_picked":["FTL+1","Go for the Eyes"],"picked":"Cold Snap+1","floor":31},{"not_picked":["Buffer","Fission+1"],"picked":"Rainbow+1","floor":33},{"not_picked":["Auto Shields+1","Compile Driver+1"],"picked":"Tempest+1","floor":35},{"not_picked":["Go for the Eyes","Blizzard"],"picked":"Turbo+1","floor":38},{"not_picked":["Force Field+1","Streamline"],"picked":"Conserve Battery+1","floor":39},{"not_picked":["Conserve Battery+1","Go for the Eyes+1"],"picked":"Sweeping Beam+1","floor":40},{"not_picked":["Go for the Eyes+1","Ball Lightning"],"picked":"Conserve Battery+1","floor":41},{"not_picked":["Gash","Steam+1"],"picked":"Consume+1","floor":42},{"not_picked":["Gash+1","Coolheaded+1"],"picked":"Defragment+1","floor":45},{"not_picked":["Turbo+1","Cold Snap+1"],"picked":"Conserve Battery+1","floor":48}],"player_experience":155671,"relics_obtained":[{"floor":3,"key":"Toxic Egg 2"},{"floor":6,"key":"Anchor"},{"floor":9,"key":"Happy Flower"},{"floor":10,"key":"Incense Burner"},{"floor":24,"key":"Strawberry"},{"floor":26,"key":"Vajra"},{"floor":30,"key":"Pen Nib"},{"floor":43,"key":"Molten Egg 2"}],"event_choices":[{"event_name":"Wheel of Change","player_choice":"Full Heal","floor":4,"damage_taken":0},{"event_name":"Match and Keep!","player_choice":"2 cards matched","floor":14,"damage_taken":0},{"event_name":"The Mausoleum","player_choice":"Yes","floor":21,"damage_taken":0},{"event_name":"The Library","player_choice":"Read","floor":29,"damage_taken":0},{"event_name":"Accursed Blacksmith","player_choice":"Ignore","floor":36,"damage_taken":0}],"is_beta":false,"boss_relics":[{"not_picked":["Lizard Tail","White Beast Statue"],"picked":"Inserter"},{"not_picked":["Astrolabe","Eternal Feather"],"picked":"Nuclear Battery"}],"items_purged_floors":[19],"is_endless":false,"potions_floor_spawned":[1,6,8,12,16,24,28,35,39,45,48],"ascension_level":1}