{"gold_per_floor":[112,112,187,187,212,247,247,263,263,263,363,41,41,65,65,184,247,265,265,280,48,48,48],"floor_reached":23,"playtime":1032,"items_purged":["Strike_B"],"score":250,"play_id":"a7dae184-a029-4816-8122-20ae56df5178","local_time":"20190406132104","is_ascension_mode":true,"campfire_choices":[{"floor":10,"key":"REST"},{"floor":13,"key":"REST"},{"data":"Go for the Eyes","floor":15,"key":"SMITH"}],"neow_cost":"NONE","seed_source_timestamp":1267481855981588,"circlet_count":0,"master_deck":["Strike_B","Strike_B","Strike_B+1","Defend_B","Defend_B","Defend_B","Defend_B","Zap+1","Dualcast","Stack+1","Conserve Battery","Coolheaded","Loop","Go for the Eyes+1","Echo Form","Self Repair","White Noise+1","Consume","Writhe"],"relics":["Cracked Core","Bloody Idol","Juzu Bracelet","Symbiotic Virus","Dodecahedron","Regal Pillow","Tiny House","Oddly Smooth Stone","Potion Belt"],"potions_floor_usage":[6,16,20,23,23],"damage_taken":[{"damage":1,"enemies":"Jaw Worm","floor":1,"turns":4},{"damage":30,"enemies":"3 Sentries","floor":6,"turns":10},{"damage":0,"enemies":"Small Slimes","floor":8,"turns":3},{"damage":0,"enemies":"2 Louse","floor":14,"turns":3},{"damage":38,"enemies":"Hexaghost","floor":16,"turns":15},{"damage":15,"enemies":"Chosen","floor":18,"turns":5},{"damage":19,"enemies":"2 Thieves","floor":20,"turns":4},{"damage":62,"enemies":"Gremlin Leader","floor":23,"turns":11}],"seed_played":"5467567147998446300","potions_obtained":[{"floor":1,"key":"Swift Potion"},{"floor":6,"key":"Dexterity Potion"},{"floor":8,"key":"SpeedPotion"},{"floor":17,"key":"SteroidPotion"},{"floor":20,"key":"LiquidBronze"}],"is_trial":false,"path_per_floor":["M","?","?","?","T","E","?","M","T","R","?","$","R","M","R","B",null,"M","?","M","$","?","E"],"character_chosen":"DEFECT","items_purchased":["Coolheaded","Loop","Regal Pillow","Oddly Smooth Stone","Consume"],"campfire_rested":2,"item_purchase_floors":[12,12,12,21,21],"current_hp_per_floor":[67,49,38,38,38,8,8,8,8,30,30,30,67,67,67,29,69,54,54,52,52,52,0],"gold":48,"neow_bonus":"UPGRADE_CARD","is_prod":false,"is_daily":false,"chose_seed":false,"campfire_upgraded":1,"win_rate":0,"timestamp":1554582064,"path_taken":["M","?","?","?","?","E","?","M","T","R","?","?","R","M","R","BOSS","M","?","M","$","?","E"],"build_version":"2019-01-23","purchased_purges":1,"victory":false,"max_hp_per_floor":[75,75,75,75,75,75,75,75,75,75,75,75,75,75,75,75,80,80,80,80,80,80,80],"card_choices":[{"not_picked":["Fusion","Hello World"],"picked":"Stack","floor":1},{"not_picked":["Rip and Tear","Hyperbeam","Blizzard"],"picked":"SKIP","floor":6},{"not_picked":["Streamline","Stack"],"picked":"Conserve Battery","floor":8},{"not_picked":["Turbo","Steam"],"picked":"Go for the Eyes","floor":14},{"not_picked":["Amplify","Creative AI"],"picked":"Echo Form","floor":16},{"not_picked":["Double Energy","Genetic Algorithm"],"picked":"Self Repair","floor":18},{"not_picked":["Barrage","Leap"],"picked":"White Noise+1","floor":20}],"player_experience":275912,"relics_obtained":[{"floor":5,"key":"Juzu Bracelet"},{"floor":6,"key":"Symbiotic Virus"},{"floor":9,"key":"Dodecahedron"}],"event_choices":[{"damage_healed":0,"gold_gain":0,"player_choice":"Take Damage","damage_taken":18,"relics_obtained":["Golden Idol"],"max_hp_gain":0,"max_hp_loss":0,"event_name":"Golden Idol","floor":2,"gold_loss":0},{"damage_healed":0,"gold_gain":75,"player_choice":"Gather Gold","damage_taken":11,"max_hp_gain":0,"max_hp_loss":0,"event_name":"World of Goop","floor":3,"gold_loss":0},{"damage_healed":0,"gold_gain":0,"player_choice":"Grow","damage_taken":0,"max_hp_gain":0,"max_hp_loss":0,"event_name":"Living Wall","floor":4,"gold_loss":0,"cards_upgraded":["Stack"]},{"damage_healed":0,"gold_gain":0,"player_choice":"Fled","damage_taken":0,"max_hp_gain":0,"max_hp_loss":0,"event_name":"Scrap Ooze","floor":7,"gold_loss":0},{"damage_healed":0,"gold_gain":100,"player_choice":"Pray","damage_taken":0,"max_hp_gain":0,"max_hp_loss":0,"event_name":"Golden Shrine","floor":11,"gold_loss":0},{"damage_healed":0,"gold_gain":0,"player_choice":"Gave Idol","damage_taken":0,"relics_obtained":["Bloody Idol"],"max_hp_gain":0,"max_hp_loss":0,"event_name":"Forgotten Altar","floor":19,"relics_lost":["Golden Idol"],"gold_loss":0},{"damage_healed":0,"gold_gain":0,"player_choice":"Opened","damage_taken":0,"relics_obtained":["Potion Belt"],"max_hp_gain":0,"max_hp_loss":0,"event_name":"The Mausoleum","floor":22,"gold_loss":0,"cards_obtained":["Writhe"]}],"is_beta":false,"boss_relics":[{"not_picked":["Pandora\u0027s Box","Lizard Tail"],"picked":"Tiny House"}],"items_purged_floors":[12],"is_endless":false,"potions_floor_spawned":[1,6,8,20],"killed_by":"Gremlin Leader","ascension_level":7}