{"gold_per_floor":[118,135,146,164,179,238,258,208,231,306,306,21,35,66,66,165,165,179,191,202,222,222,222,256,256,256,269,269],"floor_reached":28,"playtime":1623,"items_purged":["Strike_B"],"score":395,"play_id":"03cf93ac-cafa-47fc-8c86-945736523320","local_time":"20190310130141","is_ascension_mode":true,"campfire_choices":[{"data":"Doom and Gloom","floor":15,"key":"SMITH"},{"data":"Zap","floor":23,"key":"SMITH"},{"data":"Buffer","floor":25,"key":"SMITH"}],"neow_cost":"PERCENT_DAMAGE","seed_source_timestamp":3775989476979037,"circlet_count":0,"master_deck":["Strike_B","Strike_B","Strike_B","Defend_B","Defend_B","Defend_B","Defend_B","Zap+1","Dualcast","Buffer+1","Steam","Cold Snap","Heatsinks","Doom and Gloom+1","Beam Cell","Scrape","Storm","Master of Strategy","Loop","Electrodynamics","Amplify","Conserve Battery","Go for the Eyes+1","Go for the Eyes","Skim","Buffer","Capacitor"],"relics":["Cracked Core","Tiny Chest","Bronze Scales","Bottled Lightning","Bottled Flame","Sozu","Nilry\u0027s Codex","Boot","Mercury Hourglass"],"potions_floor_usage":[14,14,28,28],"damage_taken":[{"damage":0,"enemies":"Jaw Worm","floor":1,"turns":5},{"damage":0,"enemies":"2 Louse","floor":2,"turns":3},{"damage":5,"enemies":"Small Slimes","floor":3,"turns":4},{"damage":0,"enemies":"2 Fungi Beasts","floor":4,"turns":4},{"damage":1,"enemies":"Blue Slaver","floor":5,"turns":4},{"damage":26,"enemies":"3 Sentries","floor":6,"turns":5},{"damage":0,"enemies":"Exordium Thugs","floor":7,"turns":4},{"damage":0,"enemies":"Looter","floor":13,"turns":2},{"damage":0,"enemies":"Lagavulin","floor":14,"turns":5},{"damage":0,"enemies":"Slime Boss","floor":16,"turns":6},{"damage":0,"enemies":"3 Byrds","floor":18,"turns":2},{"damage":0,"enemies":"Spheric Guardian","floor":19,"turns":3},{"damage":0,"enemies":"3 Cultists","floor":20,"turns":2},{"damage":35,"enemies":"Snake Plant","floor":21,"turns":4},{"damage":7,"enemies":"Gremlin Leader","floor":24,"turns":5},{"damage":3,"enemies":"Centurion and Healer","floor":27,"turns":4},{"damage":14,"enemies":"Colosseum Slavers","floor":28,"turns":1}],"seed_played":"-6970920874871281766","potions_obtained":[{"floor":2,"key":"Weak Potion"},{"floor":3,"key":"Swift Potion"},{"floor":4,"key":"SteroidPotion"},{"floor":13,"key":"FocusPotion"},{"floor":14,"key":"Weak Potion"},{"floor":16,"key":"Weak Potion"}],"is_trial":false,"path_per_floor":["M","M","M","M","M","E","M","?","T","?","T","$","M","E","R","B",null,"M","M","M","M","?","R","E","R","T","M","?"],"character_chosen":"DEFECT","items_purchased":["Storm","Master of Strategy"],"campfire_rested":0,"item_purchase_floors":[12,12],"current_hp_per_floor":[54,54,49,49,48,22,22,22,22,11,11,11,11,11,11,11,75,75,75,75,40,24,24,17,17,17,14,0],"gold":269,"neow_bonus":"THREE_RARE_CARDS","is_prod":false,"is_daily":false,"chose_seed":false,"campfire_upgraded":3,"win_rate":0,"timestamp":1552248101,"path_taken":["M","M","M","M","M","E","M","?","T","?","?","$","M","E","R","BOSS","M","M","M","M","?","R","E","R","T","M","?"],"build_version":"2019-01-23","purchased_purges":1,"victory":false,"max_hp_per_floor":[75,75,75,75,75,75,75,75,75,75,75,75,75,75,75,75,75,75,75,75,75,75,75,75,75,75,75,75],"card_choices":[{"not_picked":["Thunder Strike","Machine Learning"],"picked":"Buffer","floor":0},{"not_picked":["Static Discharge","Steam"],"picked":"Gash","floor":1},{"not_picked":["Compile Driver","Ball Lightning"],"picked":"Steam","floor":2},{"not_picked":["Conserve Battery","Self Repair"],"picked":"Cold Snap","floor":3},{"not_picked":["Sweeping Beam","Compile Driver"],"picked":"Heatsinks","floor":4},{"not_picked":["Darkness","Double Energy"],"picked":"Doom and Gloom","floor":5},{"not_picked":["Tempest","Conserve Battery"],"picked":"Beam Cell","floor":6},{"not_picked":["Reprogram","Stack"],"picked":"Scrape","floor":7},{"not_picked":["Tempest","Cold Snap"],"picked":"Loop","floor":13},{"not_picked":["Darkness","Leap"],"picked":"Electrodynamics","floor":14},{"not_picked":["Core Surge","Machine Learning"],"picked":"Amplify","floor":16},{"not_picked":["Gash","Barrage"],"picked":"Conserve Battery","floor":18},{"not_picked":["Hyperbeam","Rebound"],"picked":"Go for the Eyes+1","floor":19},{"not_picked":["Redo","Barrage"],"picked":"Go for the Eyes","floor":20},{"not_picked":["Gash","Go for the Eyes"],"picked":"Skim","floor":21},{"not_picked":["Streamline+1","Sweeping Beam+1"],"picked":"Buffer","floor":24},{"not_picked":["Stack","Lockon+1"],"picked":"Capacitor","floor":27}],"player_experience":176175,"relics_obtained":[{"floor":6,"key":"Tiny Chest"},{"floor":9,"key":"Bronze Scales"},{"floor":11,"key":"Bottled Lightning"},{"floor":14,"key":"Bottled Flame"},{"floor":22,"key":"Nilry\u0027s Codex"},{"floor":24,"key":"Boot"},{"floor":26,"key":"Mercury Hourglass"}],"event_choices":[{"cards_removed":["Gash"],"damage_healed":0,"gold_gain":0,"player_choice":"Card Removal","damage_taken":0,"max_hp_gain":0,"max_hp_loss":0,"event_name":"The Cleric","floor":8,"gold_loss":50},{"damage_healed":0,"gold_gain":75,"player_choice":"Gather Gold","damage_taken":11,"max_hp_gain":0,"max_hp_loss":0,"event_name":"World of Goop","floor":10,"gold_loss":0},{"damage_healed":0,"gold_gain":0,"player_choice":"Obtained Book","damage_taken":16,"max_hp_gain":0,"max_hp_loss":0,"event_name":"Cursed Tome","floor":22,"gold_loss":0},{"damage_healed":0,"gold_gain":0,"player_choice":"Fight","damage_taken":0,"max_hp_gain":0,"max_hp_loss":0,"event_name":"Colosseum","floor":28,"gold_loss":0}],"is_beta":false,"boss_relics":[{"not_picked":["Snecko Eye","Runic Pyramid"],"picked":"Sozu"}],"items_purged_floors":[12],"is_endless":false,"potions_floor_spawned":[2,3,4,13,14,16,19,21],"killed_by":"Colosseum Slavers","ascension_level":4}