{"gold_per_floor":[115,131,56,56,131,131,131,131,178,207,207,2,20,54,54,149,149,164,164,194,194,205,234,234,259,259,284,296,296,316,330,330,435,435,452,465,60,75,425,456,456,490,490,522,535,535,535,554,554,554],"floor_reached":51,"playtime":3908,"items_purged":["Regret","Pain"],"score":1156,"play_id":"675a4dad-f48a-45d2-a0de-8a5ebb559d48","local_time":"20190131081357","is_ascension_mode":true,"campfire_choices":[{"floor":6.0,"key":"REST"},{"floor":8.0,"key":"REST"},{"floor":11.0,"key":"REST"},{"data":"Static Discharge","floor":15.0,"key":"SMITH"},{"floor":24.0,"key":"REST"},{"floor":29.0,"key":"REST"},{"floor":32.0,"key":"REST"},{"floor":41,"key":"REST"},{"floor":47,"key":"REST"},{"floor":49,"key":"REST"}],"neow_cost":"CURSE","seed_source_timestamp":0,"circlet_count":0,"master_deck":["Strike_B","Strike_B","Strike_B","Strike_B","Defend_B+1","Defend_B","Defend_B+1","Defend_B","Zap","Dualcast","White Noise","Loop","Self Repair","Streamline","Static Discharge+1","Core Surge","Beam Cell","White Noise","Force Field","Echo Form","White Noise","Leap","Amplify","BootSequence","Fusion+1","Streamline+1","Go for the Eyes+1","BootSequence+1"],"special_seed":0,"relics":["Cracked Core","Symbiotic Virus","Oddly Smooth Stone","Bag of Marbles","MealTicket","Mango","Fusion Hammer","Red Mask","WarpedTongs","Anchor","Blood Vial","Mercury Hourglass","Singing Bowl","Runic Pyramid","Juzu Bracelet","War Paint","Old Coin","Ancient Tea Set","Blue Candle","Nunchaku","Smiling Mask","Mummified Hand"],"potions_floor_usage":[42,44,50],"damage_taken":[{"damage":12.0,"enemies":"Jaw Worm","floor":1.0,"turns":4.0},{"damage":15.0,"enemies":"Small Slimes","floor":2.0,"turns":3.0},{"damage":32.0,"enemies":"3 Sentries","floor":10.0,"turns":8.0},{"damage":10.0,"enemies":"Cultist","floor":13.0,"turns":4.0},{"damage":18.0,"enemies":"Gremlin Nob","floor":14.0,"turns":3.0},{"damage":0.0,"enemies":"Slime Boss","floor":16.0,"turns":5.0},{"damage":0.0,"enemies":"Chosen","floor":18.0,"turns":3.0},{"damage":31.0,"enemies":"Masked Bandits","floor":20.0,"turns":4.0},{"damage":6.0,"enemies":"3 Byrds","floor":22.0,"turns":3.0},{"damage":48.0,"enemies":"Gremlin Leader","floor":23.0,"turns":4.0},{"damage":44.0,"enemies":"Book of Stabbing","floor":25.0,"turns":4.0},{"damage":15.0,"enemies":"Gremlin Leader","floor":27.0,"turns":6.0},{"damage":0.0,"enemies":"Snake Plant","floor":28.0,"turns":3.0},{"damage":6.0,"enemies":"Chosen and Byrds","floor":30.0,"turns":3.0},{"damage":20.0,"enemies":"Centurion and Healer","floor":31.0,"turns":5.0},{"damage":54.0,"enemies":"Collector","floor":33.0,"turns":7.0},{"damage":7.0,"enemies":"3 Shapes","floor":35.0,"turns":6.0},{"damage":38.0,"enemies":"3 Darklings","floor":36.0,"turns":6.0},{"damage":35.0,"enemies":"Sphere and 2 Shapes","floor":38.0,"turns":4.0},{"damage":22.0,"enemies":"2 Orb Walkers","floor":39.0,"turns":4.0},{"damage":24,"enemies":"Giant Head","floor":40,"turns":8},{"damage":2,"enemies":"Nemesis","floor":42,"turns":5},{"damage":85,"enemies":"Giant Head","floor":44,"turns":9},{"damage":4,"enemies":"Transient","floor":45,"turns":5},{"damage":8,"enemies":"Maw","floor":48,"turns":7},{"damage":53,"enemies":"Time Eater","floor":50,"turns":8}],"seed_played":"-9015772780378425928","potions_obtained":[{"floor":1.0,"key":"SteroidPotion"},{"floor":14.0,"key":"Regen Potion"},{"floor":16.0,"key":"SkillPotion"},{"floor":22.0,"key":"FocusPotion"},{"floor":23.0,"key":"EssenceOfSteel"},{"floor":25.0,"key":"Dexterity Potion"},{"floor":28.0,"key":"SpeedPotion"},{"floor":38.0,"key":"Block Potion"},{"floor":39.0,"key":"FearPotion"},{"floor":44,"key":"LiquidBronze"}],"is_trial":false,"path_per_floor":["M","M","$","?","?","R","T","R","T","E","R","$","M","E","R","B",null,"M","?","?","?","M","E","R","E","T","E","M","R","M","M","R","B",null,"M","M","$","M","?","E","R","E","T","E","M","?","R","M","R","B",null],"character_chosen":"DEFECT","items_purchased":["MealTicket","Juzu Bracelet","War Paint"],"campfire_rested":9,"item_purchase_floors":[12,37,37],"current_hp_per_floor":[70,55,55,60,49,77,77,94,94,62,90,90,80,76,76,76,100,100,100,69,69,79,38,70,26,26,29,33,66,64,46,80,38,95,104,82,97,74,63,51,85,94,94,20,28,28,64,67,103,62],"gold":554,"neow_bonus":"TWENTY_PERCENT_HP_BONUS","is_prod":false,"is_daily":false,"chose_seed":false,"campfire_upgraded":1,"win_rate":0,"timestamp":1548915237,"path_taken":["M","M","$","?","?","R","?","R","T","E","R","$","M","E","R","BOSS","M","?","?","?","?","E","R","E","T","E","M","R","M","M","R","BOSS","M","M","$","M","?","E","R","E","T","E","M","?","R","M","R","BOSS"],"build_version":"2019-01-23","purchased_purges":2,"victory":true,"max_hp_per_floor":[89,89,89,94,94,94,94,94,94,94,94,94,94,108,108,108,108,108,108,108,108,108,108,108,108,108,110,112,112,114,114,114,114,114,114,114,114,114,116,116,116,118,118,120,120,120,120,122,122,122],"card_choices":[{"not_picked":["Tempest","Coolheaded"],"picked":"White Noise","floor":1.0},{"not_picked":["Storm","Stack"],"picked":"Loop","floor":2.0},{"not_picked":["Double Energy","Melter"],"picked":"Self Repair","floor":10.0},{"not_picked":["Barrage","Cold Snap"],"picked":"Streamline","floor":13.0},{"not_picked":["Genetic Algorithm","Steam Power"],"picked":"Static Discharge","floor":14.0},{"not_picked":["Rainbow","All For One"],"picked":"Core Surge","floor":16.0},{"not_picked":["Darkness","Tempest"],"picked":"Beam Cell","floor":18.0},{"not_picked":["Gash","Stack"],"picked":"Streamline","floor":20.0},{"not_picked":["Sweeping Beam","Chill"],"picked":"Force Field","floor":22.0},{"not_picked":["Hello World","Beam Cell"],"picked":"Echo Form","floor":23.0},{"not_picked":["Steam","Stack"],"picked":"White Noise","floor":25.0},{"not_picked":["Turbo","Steam","Streamline"],"picked":"Singing Bowl","floor":27.0},{"not_picked":["Ball Lightning","Turbo","Cold Snap"],"picked":"Singing Bowl","floor":28.0},{"not_picked":["Ball Lightning","Go for the Eyes","Turbo"],"picked":"Singing Bowl","floor":30.0},{"not_picked":["Sunder","Sweeping Beam"],"picked":"Leap","floor":31.0},{"not_picked":["Rainbow","Reboot"],"picked":"Amplify","floor":33.0},{"not_picked":["Steam+1","Ball Lightning"],"picked":"BootSequence","floor":35.0},{"not_picked":["Blizzard+1","Melter+1"],"picked":"Fusion+1","floor":36.0},{"not_picked":["Scrape","Beam Cell+1"],"picked":"Streamline+1","floor":38.0},{"not_picked":["Sweeping Beam","Coolheaded+1","Compile Driver+1"],"picked":"Singing Bowl","floor":39.0},{"not_picked":["Ball Lightning+1","Stack"],"picked":"Go for the Eyes+1","floor":40},{"not_picked":["FTL","Go for the Eyes+1","Skim"],"picked":"Singing Bowl","floor":42},{"not_picked":["Beam Cell+1","Fusion","Conserve Battery"],"picked":"Singing Bowl","floor":44},{"not_picked":["Streamline+1","Steam+1"],"picked":"BootSequence+1","floor":45},{"not_picked":["Beam Cell","Go for the Eyes+1","Genetic Algorithm"],"picked":"Singing Bowl","floor":48}],"player_experience":400718,"relics_obtained":[{"floor":7.0,"key":"Symbiotic Virus"},{"floor":9.0,"key":"Oddly Smooth Stone"},{"floor":10.0,"key":"Bag of Marbles"},{"floor":14.0,"key":"Mango"},{"floor":20.0,"key":"Red Mask"},{"floor":23.0,"key":"Anchor"},{"floor":25.0,"key":"Blood Vial"},{"floor":26.0,"key":"Mercury Hourglass"},{"floor":27.0,"key":"Singing Bowl"},{"floor":39.0,"key":"Old Coin"},{"floor":40,"key":"Ancient Tea Set"},{"floor":42,"key":"Blue Candle"},{"floor":43,"key":"Nunchaku"},{"floor":44,"key":"Smiling Mask"}],"event_choices":[{"damage_healed":0.0,"max_hp_gain":5.0,"max_hp_loss":0.0,"gold_gain":0.0,"event_name":"Big Fish","player_choice":"Donut","floor":4.0,"gold_loss":0.0,"damage_taken":0.0},{"damage_healed":0.0,"max_hp_gain":0.0,"max_hp_loss":0.0,"gold_gain":75.0,"event_name":"World of Goop","player_choice":"Gather Gold","floor":5.0,"gold_loss":0.0,"damage_taken":11.0},{"damage_healed":0.0,"max_hp_gain":0.0,"max_hp_loss":0.0,"gold_gain":0.0,"event_name":"The Library","player_choice":"Read","floor":19.0,"gold_loss":0.0,"damage_taken":0.0,"cards_obtained":["White Noise"]},{"damage_healed":0.0,"max_hp_gain":0.0,"max_hp_loss":0.0,"gold_gain":0.0,"event_name":"Masked Bandits","player_choice":"Fought Bandits","floor":20.0,"gold_loss":0.0,"damage_taken":0.0},{"damage_healed":0.0,"max_hp_gain":0.0,"max_hp_loss":0.0,"gold_gain":0.0,"event_name":"Accursed Blacksmith","player_choice":"Rummage","floor":21.0,"gold_loss":0.0,"damage_taken":0.0,"relics_obtained":["WarpedTongs"],"cards_obtained":["Pain"]},{"damage_healed":0.0,"max_hp_gain":0.0,"max_hp_loss":0.0,"gold_gain":0.0,"event_name":"Mysterious Sphere","player_choice":"Fight","floor":39.0,"gold_loss":0.0,"damage_taken":0.0},{"cards_removed":["Streamline"],"damage_healed":0,"gold_gain":0,"player_choice":"Gave Card","damage_taken":0,"relics_obtained":["Mummified Hand"],"max_hp_gain":0,"max_hp_loss":0,"event_name":"WeMeetAgain","floor":46,"gold_loss":0}],"is_beta":true,"boss_relics":[{"not_picked":["Ectoplasm","Pandora\u0027s Box"],"picked":"Fusion Hammer"},{"not_picked":["White Beast Statue","Philosopher\u0027s Stone"],"picked":"Runic Pyramid"}],"items_purged_floors":[3,37],"is_endless":false,"potions_floor_spawned":[1,14,16,22,23,25,28,30,38,39,44],"ascension_level":7}