{"gold_per_floor":[117,117,117,133,147,175,192,223,223,223,33,132,161,171,171,171,171,274,274,293,293,293,308,319,346,362,492,492,506,506,523,535,565,565,661,661,680,698,817,831,205,234,234,248,297,330,330,660,680,698,698,796,796,803,395,403,403,409,409,429,435,435,453,475,475,475,475,498,498,523,623,631,653,653,658,640],"floor_reached":78,"playtime":5765,"items_purged":["Defend_R"],"score":1615,"play_id":"43f7677b-ed97-4438-bafd-d814dc63cd1f","local_time":"20190505025832","is_ascension_mode":true,"campfire_choices":[{"floor":10,"key":"REST"},{"data":"Bludgeon","floor":17,"key":"SMITH"},{"data":"Perfected Strike","floor":34,"key":"SMITH"},{"floor":43,"key":"REST"},{"data":"Replay:Dark Deal","floor":47,"key":"SMITH"},{"floor":51,"key":"REST"},{"data":"Demonic Infusion","floor":59,"key":"SMITH"},{"floor":66,"key":"REST"},{"data":"Seeing Red","floor":70,"key":"SMITH"}],"neow_cost":"NONE","seed_source_timestamp":263957922417821,"circlet_count":0,"master_deck":["Strike_R+1","Strike_R+1","Strike_R","Strike_R","Defend_R","Defend_R","Bash","Pommel Strike","Infernal Blade+1","Feel No Pain","Shrug It Off","Twin Strike","ReplayTheSpireMod:Strike From Hell","Flex+1","Bludgeon+1","Pommel Strike","Feed","Life Link","Perfected Strike+1","ReplayTheSpireMod:Strike From Hell","Flame Barrier+1","Dropkick+1","True Grit","Pommel Strike","Sever Soul+1","Infernal Blade+1","Perfected Strike+1","Demon Form","Headbutt+1","Replay:Undeath\u0027s Touch","Perfected Strike","Headbutt+1","Replay:Dark Deal+1","Clash","hubris:ReadiedAction+1","Headbutt+1","Armaments+1","Clash+1","Demonic Infusion+1","Pommel Strike","Seeing Red+1","Thunderclap","Dropkick","infinitespire:Gouge","Twin Strike","Headbutt","infinitespire:FinalStrike","hubris:StunningStrike","Pommel Strike","Replay:Undeath\u0027s Touch"],"relics":["Burning Blood","hubris:ChampionShield","ReplayTheSpireMod:Spearhead","infinitespire:Beetle Shell","aspiration:HiddenCompartment","Vajra","aspiration:PoetsPen_weak","MutagenicStrength","hubris:Teleporter","Thread and Needle","Garlic","hubris:CrystalStatue","Ring of Chaos","DollysMirror","aspiration:TomeofQuesting","Regal Pillow","ReplayTheSpireMod:Shallot","Bag of Marbles","Anchor","Old Coin","Orichalcum","aspiration:TrainingWeights","PreservedInsect","hubris:EmptyBottle","hubris:SlimyHat","Oddly Smooth Stone","Frozen Egg 2","Gremlin Food","Odd Mushroom","infinitespire:Satchel","infinitespire:Magic Flask","Replay:Wanted Poster","Red Mask"],"potions_floor_usage":[8,8,18,23,35,48,52,52,52,60,60,71,71,71,71,78,78],"damage_taken":[{"damage":18,"enemies":"Jaw Worm","floor":1,"turns":3},{"damage":6,"enemies":"Cultist","floor":4,"turns":3},{"damage":0,"enemies":"Small Slimes","floor":5,"turns":3},{"damage":28,"enemies":"Gremlin Nob","floor":6,"turns":4},{"damage":5,"enemies":"Exordium Wildlife","floor":7,"turns":3},{"damage":2,"enemies":"Lagavulin","floor":8,"turns":6},{"damage":16,"enemies":"3 Sentries","floor":13,"turns":7},{"damage":5,"enemies":"Looter","floor":14,"turns":2},{"damage":33,"enemies":"Hexaghost","floor":18,"turns":7},{"damage":2,"enemies":"Chosen","floor":20,"turns":2},{"damage":10,"enemies":"2 Thieves","floor":23,"turns":3},{"damage":0,"enemies":"Snecko","floor":24,"turns":3},{"damage":0,"enemies":"Replay:Snechameleon","floor":25,"turns":1},{"damage":15,"enemies":"Chosen and Byrds","floor":26,"turns":4},{"damage":13,"enemies":"Gremlin Leader","floor":27,"turns":3},{"damage":0,"enemies":"Snake Plant","floor":29,"turns":2},{"damage":8,"enemies":"Centurion and Healer","floor":31,"turns":3},{"damage":1,"enemies":"Sentry and Sphere","floor":32,"turns":3},{"damage":16,"enemies":"Nightmare","floor":33,"turns":3},{"damage":19,"enemies":"bossMod:newChamp","floor":35,"turns":6},{"damage":2,"enemies":"3 Shapes","floor":37,"turns":2},{"damage":0,"enemies":"3 Darklings","floor":38,"turns":2},{"damage":12,"enemies":"4 Shapes","floor":39,"turns":6},{"damage":10,"enemies":"Spire Growth","floor":40,"turns":3},{"damage":81,"enemies":"Nightmare","floor":42,"turns":6},{"damage":0,"enemies":"Jaw Worm Horde","floor":44,"turns":2},{"damage":0,"enemies":"Reptomancer","floor":46,"turns":3},{"damage":21,"enemies":"R_Hoarder","floor":48,"turns":4},{"damage":0,"enemies":"4 Shapes","floor":49,"turns":3},{"damage":0,"enemies":"3 Darklings","floor":50,"turns":1},{"damage":40,"enemies":"bossMod:newAwakened","floor":52,"turns":12},{"damage":0,"enemies":"Jaw Worm","floor":54,"turns":1},{"damage":0,"enemies":"Small Slimes","floor":56,"turns":1},{"damage":0,"enemies":"Cultist","floor":58,"turns":1},{"damage":18,"enemies":"Lagavulin","floor":60,"turns":3},{"damage":0,"enemies":"Exordium Wildlife","floor":61,"turns":1},{"damage":33,"enemies":"Nightmare","floor":64,"turns":3},{"damage":0,"enemies":"The Mushroom Lair","floor":65,"turns":1},{"damage":0,"enemies":"Gremlin Nob","floor":69,"turns":1},{"damage":1,"enemies":"Fading Forest","floor":71,"turns":11},{"damage":0,"enemies":"Spheric Guardian","floor":73,"turns":1},{"damage":0,"enemies":"Masked Bandits","floor":74,"turns":1},{"damage":0,"enemies":"2 Thieves","floor":77,"turns":1},{"damage":104,"enemies":"Nightmare_Alpha","floor":78,"turns":3}],"seed_played":"-7869615375967596360","potions_obtained":[{"floor":6,"key":"Dexterity Potion"},{"floor":7,"key":"SkillPotion"},{"floor":8,"key":"Adrenaline Potion"},{"floor":14,"key":"Strength Potion"},{"floor":20,"key":"Ancient Potion"},{"floor":26,"key":"Milkshake"},{"floor":29,"key":"Swift Potion"},{"floor":33,"key":"infinitespire:BlackPotion"},{"floor":35,"key":"Poison Potion"},{"floor":37,"key":"PowerPotion"},{"floor":39,"key":"Languid Potion"},{"floor":42,"key":"infinitespire:BlackPotion"},{"floor":48,"key":"PowerPotion"},{"floor":54,"key":"Poison Potion"},{"floor":60,"key":"FearPotion"},{"floor":61,"key":"GamblersBrew"},{"floor":74,"key":"Block Potion"}],"is_trial":false,"path_per_floor":["M","?","?","M","M","E","M","E","T","R","$","?","E","M","PTL","PTL","R","B",null,"M","?","?","M","M","E","M","E","T","M","?","M","M","NM","R","B",null,"M","M","M","M","$","NM","R","M","T","E","R","E","M","M","R","B",null,"M","$","M","?","M","R","E","M","T","NM","?","R","PTL","PTL","E","R","B",null,"M","?","?","M","NM"],"character_chosen":"IRONCLAD","items_purchased":["Flex+1","aspiration:HiddenCompartment","DollysMirror","Replay:Dark Deal","aspiration:TomeofQuesting","PreservedInsect","hubris:EmptyBottle","hubris:SlimyHat"],"campfire_rested":4,"item_purchase_floors":[11,11,41,41,41,55,55,55],"current_hp_per_floor":[76,69,51,51,57,35,36,40,40,66,66,66,56,57,57,57,57,30,88,88,88,88,87,91,91,82,75,75,81,81,79,84,74,74,61,91,94,94,91,90,90,15,60,66,66,72,72,57,63,69,100,66,100,100,100,100,100,100,100,88,97,97,70,76,103,103,103,103,103,103,103,103,103,103,103,0],"gold":640,"neow_bonus":"TEN_PERCENT_HP_BONUS","is_prod":false,"is_daily":false,"chose_seed":false,"campfire_upgraded":5,"win_rate":0,"timestamp":1557014312,"path_taken":["M","?","?","M","M","E","?","E","T","R","$","?","E","M","PTL","PTL","R","BOSS","M","?","?","M","M","E","M","E","T","M","?","?","M","NM","R","BOSS","M","M","M","M","$","NM","R","M","T","E","R","E","M","M","R","BOSS","M","?","M","?","?","R","E","M","T","NM","?","R","PTL","PTL","E","R","BOSS","M","?","?","?","NM"],"build_version":"2019-01-23","purchased_purges":1,"victory":false,"max_hp_per_floor":[88,88,88,88,88,88,88,88,88,88,88,88,88,88,88,88,88,88,88,88,88,88,91,91,91,91,91,91,91,91,91,91,91,91,91,91,94,94,97,100,100,100,100,100,100,100,100,100,100,100,100,100,100,100,100,100,100,100,100,100,103,103,103,103,103,103,103,103,103,103,103,103,103,103,103,103],"card_choices":[{"not_picked":["Clothesline","Havoc"],"picked":"Pommel Strike","floor":1},{"not_picked":["Corruption","Flex"],"picked":"Infernal Blade","floor":4},{"not_picked":["infinitespire:OneForAll","Wild Strike"],"picked":"Feel No Pain","floor":5},{"not_picked":["Dark Embrace","Run Through"],"picked":"Shrug It Off","floor":6},{"not_picked":["Clash","Clothesline"],"picked":"Twin Strike","floor":7},{"not_picked":["True Grit","Power Through"],"picked":"ReplayTheSpireMod:Strike From Hell","floor":8},{"not_picked":["Bloodletting","hubris:ReadiedAction"],"picked":"Bludgeon","floor":13},{"not_picked":["Clothesline","Sword Boomerang"],"picked":"Pommel Strike","floor":14},{"not_picked":["Bludgeon","Impervious"],"picked":"Feed","floor":18},{"not_picked":["Wild Strike","Heavy Blade+1","Armaments"],"picked":"SKIP","floor":20},{"not_picked":["Carnage+1","Inflame"],"picked":"Perfected Strike","floor":23},{"not_picked":["Pummel","Ghostly Armor"],"picked":"ReplayTheSpireMod:Strike From Hell","floor":24},{"not_picked":["ReplayTheSpireMod:Strike From Hell","Clash+1"],"picked":"Flame Barrier+1","floor":25},{"not_picked":["Intimidate","Whirlwind"],"picked":"Dropkick+1","floor":26},{"not_picked":["Clash","Barricade"],"picked":"True Grit","floor":27},{"not_picked":["Iron Wave+1","Inflame"],"picked":"Pommel Strike","floor":29},{"not_picked":["Fire Breathing","ReplayTheSpireMod:Strike From Hell+1"],"picked":"Sever Soul+1","floor":31},{"not_picked":["ReplayTheSpireMod:Corrosion Curse","Cleave+1"],"picked":"Infernal Blade+1","floor":32},{"not_picked":["Headbutt+1","ReplayTheSpireMod:Strike From Hell+1"],"picked":"Perfected Strike","floor":33},{"not_picked":["Impervious","Demonic Infusion"],"picked":"Demon Form","floor":35},{"not_picked":["ReplayTheSpireMod:Corrosion Curse+1","Feel No Pain"],"picked":"Headbutt+1","floor":37},{"not_picked":["Body Slam","hubris:ReadiedAction","Clothesline+1"],"picked":"SKIP","floor":38},{"not_picked":["Infernal Blade","hubris:SharpeningStone"],"picked":"Replay:Undeath\u0027s Touch","floor":39},{"not_picked":["Flex+1","Cleave"],"picked":"Perfected Strike","floor":40},{"not_picked":["Exhume","ReplayTheSpireMod:Strike From Hell+1"],"picked":"Clash","floor":42},{"not_picked":["Run Through","Clothesline+1","Iron Wave"],"picked":"SKIP","floor":44},{"not_picked":["Havoc+1","Evolve"],"picked":"hubris:ReadiedAction+1","floor":46},{"not_picked":["Twin Strike","Pummel"],"picked":"Headbutt+1","floor":48},{"not_picked":["Spot Weakness+1","True Grit+1"],"picked":"Armaments+1","floor":49},{"not_picked":["True Grit","Thunderclap+1"],"picked":"Clash+1","floor":50},{"not_picked":["Reaper","Fiend Fire"],"picked":"Demonic Infusion","floor":52},{"not_picked":["Armaments","Heavy Blade"],"picked":"Pommel Strike","floor":54},{"not_picked":["Thunderclap","Uppercut"],"picked":"Seeing Red","floor":56},{"not_picked":["Shockwave","Whirlwind","Cleave"],"picked":"SKIP","floor":58},{"not_picked":["True Grit","Fire Breathing"],"picked":"Thunderclap","floor":60},{"not_picked":["ReplayTheSpireMod:Strike From Hell","Warcry"],"picked":"Dropkick","floor":61},{"not_picked":["ReplayTheSpireMod:??????????????????????","ReplayTheSpireMod:Chaos Vortex"],"picked":"infinitespire:Gouge","floor":64},{"not_picked":["Evolve+1","Rage"],"picked":"Twin Strike","floor":64},{"not_picked":["ReplayTheSpireMod:Corrosion Curse","Warcry"],"picked":"Headbutt","floor":69},{"not_picked":["ReplayTheSpireMod:??????????????????????","infinitespire:UltimateForm"],"picked":"infinitespire:FinalStrike","floor":71},{"not_picked":["Dark Embrace+1","Brutality+1"],"picked":"hubris:StunningStrike","floor":71},{"not_picked":["hubris:ReadiedAction","Entrench","True Grit+1"],"picked":"SKIP","floor":73},{"not_picked":["Cleave","Iron Wave+1"],"picked":"Pommel Strike","floor":74},{"not_picked":["Warcry","Fire Breathing+1"],"picked":"Replay:Undeath\u0027s Touch","floor":77}],"player_experience":76068,"relics_obtained":[{"floor":6,"key":"hubris:ChampionShield"},{"floor":8,"key":"ReplayTheSpireMod:Spearhead"},{"floor":9,"key":"infinitespire:Beetle Shell"},{"floor":13,"key":"Vajra"},{"floor":25,"key":"hubris:Teleporter"},{"floor":27,"key":"Thread and Needle"},{"floor":28,"key":"Garlic"},{"floor":33,"key":"hubris:CrystalStatue"},{"floor":42,"key":"Regal Pillow"},{"floor":45,"key":"Bag of Marbles"},{"floor":46,"key":"Anchor"},{"floor":48,"key":"Old Coin"},{"floor":60,"key":"Oddly Smooth Stone"},{"floor":62,"key":"Frozen Egg 2"},{"floor":64,"key":"Gremlin Food"},{"floor":65,"key":"Odd Mushroom"},{"floor":69,"key":"infinitespire:Satchel"},{"floor":74,"key":"Red Mask"}],"event_choices":[{"cards_removed":["Strike_R"],"damage_healed":0,"gold_gain":0,"player_choice":"Card Removal","damage_taken":7,"max_hp_gain":0,"max_hp_loss":0,"event_name":"Golden Wing","floor":2,"gold_loss":0},{"damage_healed":0,"gold_gain":0,"player_choice":"Entered Light","damage_taken":18,"max_hp_gain":0,"max_hp_loss":0,"event_name":"Shining Light","floor":3,"gold_loss":0,"cards_upgraded":["Strike_R","Strike_R"]},{"damage_healed":0,"gold_gain":0,"player_choice":"Grow","damage_taken":0,"max_hp_gain":0,"max_hp_loss":0,"event_name":"Living Wall","floor":12,"gold_loss":0,"cards_upgraded":["Infernal Blade"]},{"damage_healed":0,"gold_gain":0,"player_choice":"Inject Mutagens","damage_taken":0,"relics_obtained":["MutagenicStrength"],"max_hp_gain":0,"max_hp_loss":0,"event_name":"Drug Dealer","floor":21,"gold_loss":0},{"damage_healed":0,"gold_gain":0,"player_choice":"Read","damage_taken":0,"max_hp_gain":0,"max_hp_loss":0,"event_name":"The Library","floor":22,"gold_loss":0,"cards_obtained":["Life Link"]},{"damage_healed":0,"gold_gain":0,"player_choice":"Ignored","damage_taken":0,"max_hp_gain":0,"max_hp_loss":0,"event_name":"Vampires","floor":30,"gold_loss":0},{"damage_healed":0,"gold_gain":0,"player_choice":"Fought Mushrooms","damage_taken":0,"max_hp_gain":0,"max_hp_loss":0,"event_name":"Mushrooms","floor":65,"gold_loss":0},{"damage_healed":0,"gold_gain":0,"player_choice":"Fought Bandits","damage_taken":0,"max_hp_gain":0,"max_hp_loss":0,"event_name":"Masked Bandits","floor":74,"gold_loss":0},{"cards_removed":["Defend_R"],"damage_healed":0,"gold_gain":0,"player_choice":"Purged","damage_taken":0,"max_hp_gain":0,"max_hp_loss":0,"event_name":"Purifier","floor":75,"gold_loss":0}],"is_beta":false,"boss_relics":[{"not_picked":["Replay:Wanted Poster","Runic Cube"],"picked":"aspiration:PoetsPen_weak"},{"not_picked":["Honey Jar","infinitespire:Burning Sword"],"picked":"Ring of Chaos"},{"not_picked":["hubris:TerracottaHorce","hubris:GrandSneckoEye"],"picked":"aspiration:TrainingWeights"},{"not_picked":["aspiration:RitualDagger","ReplayTheSpireMod:DimensionalGlitch"],"picked":"Replay:Wanted Poster"}],"items_purged_floors":[41],"is_endless":true,"potions_floor_spawned":[6,7,8,14,20,26,29,31,32,35,37,38,39,48,50,54,60,61,74],"killed_by":"Nightmare_Alpha","ascension_level":1}