{"path_per_floor":["M","M","$","M","M","E","R","M","T","?","$","R","?","M","R","B",null,"M","?","M","T","M"],"character_chosen":"THE_SILENT","items_purchased":["Poisoned Stab","Deadly Poison","Good Instincts"],"gold_per_floor":[118,133,109,128,144,169,169,179,179,179,47,47,112,132,132,227,227,240,185,195,222,234],"floor_reached":23,"campfire_rested":3,"playtime":1486,"current_hp_per_floor":[66,65,65,64,53,9,30,24,24,41,41,62,60,53,70,42,70,69,69,35,35,10],"items_purged":[],"gold":234,"score":193,"play_id":"9227145a-31e8-44ac-9bc6-e04c96609557","is_prod":false,"is_daily":false,"is_ascension_mode":false,"campfire_upgraded":0,"path_taken":["M","M","$","M","?","E","R","M","T","?","$","R","?","?","R","BOSS","M","?","M","?","?","E"],"build_version":"2018-02-15-PROD1","purchased_purges":0,"victory":false,"master_deck":["Defend_G","Defend_G","Defend_G","Defend_G","Defend_G","Strike_G","Strike_G","Strike_G","Strike_G","Strike_G","Survivor","Neutralize","Slice","Blade Dance","Poisoned Stab+1","Backflip","Glass Knife","Distraction","Parasite","Deadly Poison","Good Instincts","Flying Knee+1","Finisher","Envenom","Deflect","Dodge and Roll","Regret","Prepared+1"],"max_hp_per_floor":[70,70,70,70,70,70,70,70,70,70,70,70,70,70,70,70,70,70,70,70,70,70],"relics":["Ring of the Snake","Shuriken","Centennial Puzzle","Kunai","Cursed Key","Tiny Chest","Whetstone"],"card_choices":[{"not_picked":["All Out Attack","Distraction"],"picked":"Slice"},{"not_picked":["All Out Attack","PiercingWail"],"picked":"Blade Dance"},{"not_picked":["Dash","Flying Knee"],"picked":"Backflip"},{"not_picked":["After Image","Poisoned Stab"],"picked":"Glass Knife"},{"not_picked":["Backflip","Masterful Stab"],"picked":"Distraction"},{"not_picked":["Malaise","All Out Attack"],"picked":"Flying Knee"},{"not_picked":["Masterful Stab","Dagger Throw"],"picked":"Finisher"},{"not_picked":["A Thousand Cuts","Burst"],"picked":"Envenom"},{"not_picked":["Acrobatics","Flying Knee"],"picked":"Deflect"},{"not_picked":["Backflip","Calculated Gamble"],"picked":"Dodge and Roll"},{"not_picked":["Backflip","Finisher"],"picked":"Prepared"}],"player_experience":45067,"potions_floor_usage":[6,13,13,18,23,23],"damage_taken":[{"damage":4,"enemies":"Cultist","floor":1,"turns":5},{"damage":1,"enemies":"Jaw Worm","floor":2,"turns":4},{"damage":1,"enemies":"2 Louse","floor":4,"turns":3},{"damage":11,"enemies":"Large Slime","floor":5,"turns":8},{"damage":44,"enemies":"Lagavulin","floor":6,"turns":9},{"damage":6,"enemies":"Exordium Wildlife","floor":8,"turns":5},{"damage":2,"enemies":"Gremlin Nob","floor":13,"turns":3},{"damage":7,"enemies":"Blue Slaver","floor":14,"turns":3},{"damage":28,"enemies":"Hexaghost","floor":16,"turns":12},{"damage":1,"enemies":"Chosen","floor":18,"turns":5},{"damage":34,"enemies":"3 Byrds","floor":20,"turns":6},{"damage":25,"enemies":"Centurion and Healer","floor":22,"turns":7},{"damage":11,"enemies":"Book of Stabbing","floor":23,"turns":5}],"event_choices":[{"event_name":"Mushrooms","player_choice":"Healed and dodged fight","floor":10,"damage_taken":0},{"event_name":"Dead Adventurer","player_choice":"Searched \u00272\u0027 times","floor":13,"damage_taken":0},{"event_name":"Addict","player_choice":"Obtained Relic","floor":19,"damage_taken":0}],"boss_relics":[{"not_picked":["Sozu","Black Star"],"picked":"Cursed Key"}],"potions_floor_spawned":[5,6,8,16,20,22],"seed_played":"4972067218504807030","killed_by":"Book of Stabbing","ascension_level":0,"is_trial":false}