{"gold_per_floor":[118,44,54,54,64,95,95,159,241,257,272,283,314,325,325,428,428,448,112,124,124,51,77,77,77,77,90,115,115,126,160,160,264,264,283,302,321,333,333,333,333,333,333,333,343,357,357,53,53,53],"floor_reached":50,"playtime":3094,"items_purged":["Well Laid Plans"],"score":786,"play_id":"95c4e7e2-c083-4d5c-9bf0-674d627d7afd","local_time":"20190323154523","is_ascension_mode":true,"campfire_choices":[{"floor":7,"key":"REST"},{"data":"Bullet Time","floor":15,"key":"SMITH"},{"data":"Bullet Time","floor":25,"key":"SMITH"},{"data":"Footwork","floor":29,"key":"SMITH"},{"data":"1","floor":32,"key":"LIFT"},{"data":"2","floor":40,"key":"LIFT"},{"data":"3","floor":47,"key":"LIFT"},{"floor":49,"key":"REST"}],"neow_cost":"NONE","seed_source_timestamp":64532729074781,"circlet_count":0,"master_deck":["Defend_G+1","Defend_G","Defend_G","Defend_G","Defend_G","Strike_G","Strike_G","Strike_G","Strike_G","Strike_G","Survivor","Neutralize","Bullet Time+1","Sucker Punch+1","Dodge and Roll","Backstab","Quick Slash","Dash","Quick Slash","Bullet Time+1","Cloak And Dagger","Bouncing Flask","Acrobatics+1","Footwork+1","Cloak And Dagger","Ghostly","Ghostly","Ghostly","Ghostly","Ghostly","Flechettes+1","Distraction+1","Flying Knee+1","Corpse Explosion","Doppelganger","Backflip","Skewer+1","Cloak And Dagger","Bouncing Flask+1","Violence","Footwork+1","Mind Blast+1","Terror"],"relics":["Ring of the Snake","Boot","Omamori","Runic Pyramid","PreservedInsect","FaceOfCleric","Snake Skull","Gremlin Horn","Pear","Girya","WristBlade","Frozen Egg 2","Whetstone"],"potions_floor_usage":[13,13,16,23,37,45,50,50,50],"damage_taken":[{"damage":9,"enemies":"Cultist","floor":1,"turns":5},{"damage":3,"enemies":"Jaw Worm","floor":3,"turns":5},{"damage":0,"enemies":"2 Louse","floor":5,"turns":2},{"damage":26,"enemies":"3 Sentries","floor":6,"turns":14},{"damage":0,"enemies":"Exordium Wildlife","floor":10,"turns":5},{"damage":1,"enemies":"Blue Slaver","floor":11,"turns":4},{"damage":0,"enemies":"Exordium Thugs","floor":12,"turns":5},{"damage":3,"enemies":"Gremlin Nob","floor":13,"turns":3},{"damage":0,"enemies":"2 Fungi Beasts","floor":14,"turns":2},{"damage":16,"enemies":"Slime Boss","floor":16,"turns":11},{"damage":6,"enemies":"Shell Parasite","floor":18,"turns":7},{"damage":0,"enemies":"Spheric Guardian","floor":20,"turns":4},{"damage":0,"enemies":"Slavers","floor":23,"turns":6},{"damage":5,"enemies":"3 Cultists","floor":27,"turns":8},{"damage":0,"enemies":"Gremlin Leader","floor":28,"turns":5},{"damage":9,"enemies":"Snake Plant","floor":30,"turns":5},{"damage":0,"enemies":"Book of Stabbing","floor":31,"turns":4},{"damage":15,"enemies":"Automaton","floor":33,"turns":9},{"damage":0,"enemies":"3 Darklings","floor":35,"turns":3},{"damage":3,"enemies":"Orb Walker","floor":36,"turns":3},{"damage":0,"enemies":"Transient","floor":37,"turns":5},{"damage":0,"enemies":"Maw","floor":38,"turns":8},{"damage":14,"enemies":"Spire Growth","floor":45,"turns":3},{"damage":1,"enemies":"Transient","floor":46,"turns":5},{"damage":89,"enemies":"Time Eater","floor":50,"turns":10}],"seed_played":"-3878408580846384658","potions_obtained":[{"floor":6,"key":"SkillPotion"},{"floor":10,"key":"Energy Potion"},{"floor":12,"key":"AttackPotion"},{"floor":13,"key":"Strength Potion"},{"floor":23,"key":"GamblersBrew"},{"floor":30,"key":"Regen Potion"},{"floor":36,"key":"GhostInAJar"},{"floor":38,"key":"Weak Potion"},{"floor":45,"key":"Swift Potion"},{"floor":46,"key":"AttackPotion"}],"is_trial":false,"path_per_floor":["M","$","M","?","M","E","R","?","T","M","M","M","E","M","R","B",null,"M","$","M","?","$","E","?","R","T","M","E","R","M","E","R","B",null,"M","M","M","M","?","R","?","?","T","?","M","M","R","$","R","B"],"character_chosen":"THE_SILENT","items_purchased":["Well Laid Plans","PreservedInsect","EssenceOfSteel","Bouncing Flask","Footwork","Mind Blast","Whetstone","Terror"],"campfire_rested":2,"item_purchase_floors":[2,19,19,19,22,48,48,48],"current_hp_per_floor":[61,61,58,44,44,18,39,39,39,39,38,38,35,35,35,19,57,51,51,51,51,51,52,35,35,35,31,42,42,34,35,35,21,43,44,42,43,44,44,44,44,44,44,44,40,40,40,40,56,0],"gold":53,"neow_bonus":"ONE_RANDOM_RARE_CARD","is_prod":false,"is_daily":false,"chose_seed":false,"campfire_upgraded":3,"win_rate":0,"timestamp":1553381123,"path_taken":["M","?","M","?","M","E","R","?","T","?","M","M","E","M","R","BOSS","M","$","M","?","?","E","?","R","T","M","E","R","M","E","R","BOSS","M","M","M","M","?","R","?","?","T","?","M","M","R","$","R","BOSS"],"build_version":"2019-01-23","purchased_purges":1,"victory":false,"max_hp_per_floor":[70,70,70,70,70,70,70,70,70,70,70,70,70,70,70,70,70,70,70,70,70,70,71,35,35,35,36,47,47,48,49,49,50,50,51,52,53,54,54,54,54,54,54,54,55,56,56,56,56,56],"card_choices":[{"not_picked":["Slice","Bane"],"picked":"Sucker Punch","floor":1},{"not_picked":["Acrobatics","Bane"],"picked":"Dodge and Roll","floor":3},{"not_picked":["All Out Attack","Outmaneuver"],"picked":"Backstab","floor":5},{"not_picked":["Dagger Throw","Tactician"],"picked":"Quick Slash","floor":6},{"not_picked":["Underhanded Strike","Choke"],"picked":"Backflip","floor":10},{"not_picked":["Poisoned Stab","Choke"],"picked":"Dash","floor":11},{"not_picked":["Slice","Sucker Punch","Acrobatics"],"picked":"SKIP","floor":12},{"not_picked":["Unload","All Out Attack"],"picked":"Quick Slash","floor":13},{"not_picked":["Dagger Spray","Poisoned Stab","Tactician"],"picked":"SKIP","floor":14},{"not_picked":["Unload","Phantasmal Killer"],"picked":"Bullet Time","floor":16},{"not_picked":["Outmaneuver","Choke"],"picked":"Cloak And Dagger","floor":18},{"not_picked":["Dagger Throw","Reflex"],"picked":"Acrobatics+1","floor":20},{"not_picked":["Poisoned Stab","Blade Dance+1"],"picked":"Cloak And Dagger","floor":23},{"not_picked":["Dagger Throw","Acrobatics"],"picked":"Flechettes","floor":27},{"not_picked":["Underhanded Strike","Reflex"],"picked":"Distraction+1","floor":28},{"not_picked":["Slice","Prepared"],"picked":"Flying Knee+1","floor":30},{"not_picked":["Underhanded Strike","Expertise"],"picked":"Corpse Explosion","floor":31},{"not_picked":["Die Die Die","Unload"],"picked":"Doppelganger","floor":33},{"not_picked":["Prepared","Calculated Gamble+1"],"picked":"Backflip","floor":35},{"not_picked":["Flying Knee","Dodge and Roll+1"],"picked":"Skewer+1","floor":36},{"not_picked":["Heel Hook+1","Deflect"],"picked":"Cloak And Dagger","floor":37},{"not_picked":["Dagger Throw","Acrobatics+1"],"picked":"Bouncing Flask+1","floor":38},{"not_picked":["Madness","Sadistic Nature"],"picked":"Violence","floor":41},{"not_picked":["Dodge and Roll","Sucker Punch+1"],"picked":"Footwork+1","floor":45},{"not_picked":["Poisoned Stab","Concentrate+1","Dodge and Roll"],"picked":"SKIP","floor":46}],"player_experience":225465,"relics_obtained":[{"floor":6,"key":"Boot"},{"floor":13,"key":"Omamori"},{"floor":23,"key":"Snake Skull"},{"floor":26,"key":"Gremlin Horn"},{"floor":28,"key":"Pear"},{"floor":31,"key":"Girya"},{"floor":43,"key":"Frozen Egg 2"}],"event_choices":[{"damage_healed":0,"gold_gain":0,"player_choice":"Entered Light","damage_taken":14,"max_hp_gain":0,"max_hp_loss":0,"event_name":"Shining Light","floor":4,"gold_loss":0,"cards_upgraded":["Defend_G","Sucker Punch"]},{"damage_healed":0,"gold_gain":64,"player_choice":"Gained Gold","damage_taken":0,"max_hp_gain":0,"max_hp_loss":0,"event_name":"Golden Wing","floor":8,"gold_loss":0},{"damage_healed":0,"gold_gain":0,"player_choice":"Trade","damage_taken":0,"relics_obtained":["FaceOfCleric"],"max_hp_gain":0,"max_hp_loss":0,"event_name":"FaceTrader","floor":21,"gold_loss":0},{"damage_healed":0,"gold_gain":0,"player_choice":"Became a Ghost","damage_taken":0,"max_hp_gain":0,"max_hp_loss":36,"event_name":"Ghosts","floor":24,"gold_loss":0,"cards_obtained":["Ghostly","Ghostly","Ghostly","Ghostly","Ghostly"]},{"damage_healed":0,"gold_gain":0,"player_choice":"Ignored","damage_taken":0,"max_hp_gain":0,"max_hp_loss":0,"event_name":"Tomb of Lord Red Mask","floor":39,"gold_loss":0},{"damage_healed":0,"gold_gain":0,"player_choice":"Memory 1","damage_taken":0,"max_hp_gain":0,"max_hp_loss":0,"event_name":"SensoryStone","floor":41,"gold_loss":0},{"damage_healed":0,"gold_gain":0,"player_choice":"Ignored","damage_taken":0,"max_hp_gain":0,"max_hp_loss":0,"event_name":"Mysterious Sphere","floor":42,"gold_loss":0},{"cards_removed":["Backflip"],"damage_healed":0,"gold_gain":0,"player_choice":"Removed Skill","damage_taken":0,"max_hp_gain":0,"max_hp_loss":0,"event_name":"Falling","floor":44,"gold_loss":0}],"is_beta":false,"boss_relics":[{"not_picked":["Cursed Key","HoveringKite"],"picked":"Runic Pyramid"},{"not_picked":["Snecko Eye","Ring of the Serpent"],"picked":"WristBlade"}],"items_purged_floors":[19],"is_endless":false,"potions_floor_spawned":[6,10,12,13,23,30,36,38,45,46],"killed_by":"Time Eater","ascension_level":5}