{"path_per_floor":["M","?","?","T","$","E","M","$","T","E","M","M","M","M","R","B",null,"M","?","$","$","T","R","M","E","T","M","E","R","M","E","R"],"character_chosen":"THE_SILENT","items_purchased":["Escape Plan","Molten Egg 2"],"gold_per_floor":[115,115,115,115,40,69,88,47,47,80,96,116,135,145,145,243,243,260,291,49,49,49,49,69,96,151,166,192,192,211,239,239],"floor_reached":33,"campfire_rested":4,"playtime":2955,"current_hp_per_floor":[70,70,56,56,56,21,21,21,21,18,18,18,18,18,39,6,70,58,51,51,51,51,70,67,51,51,51,21,42,36,28,49],"items_purged":["Regret"],"gold":239,"score":378,"play_id":"27b622a2-a427-4c8b-8ead-5c8ab457b683","is_prod":false,"is_daily":false,"is_ascension_mode":true,"campfire_upgraded":0,"path_taken":["M","?","?","?","$","E","M","$","T","E","M","?","?","M","R","BOSS","M","?","?","$","?","R","M","E","T","M","E","R","?","E","R","BOSS"],"build_version":"2018-02-08-BETA1","purchased_purges":1,"victory":false,"master_deck":["Survivor+1","Neutralize+1","Flying Knee","Backstab","Predator","Accuracy","Escape Plan","Cloak And Dagger","Expertise","Finisher","Tactician","Distraction","Dagger Throw","Tactician","Dagger Spray","Flying Knee","Blur","Crippling Poison","Footwork","Poisoned Stab","Backflip","Dodge and Roll","Distraction","Blur","Backflip","Cloak And Dagger+1","Cloak And Dagger","Finisher+1","Finisher+1","Backflip","Dagger Spray+1","Bullet Time","Slice+1"],"max_hp_per_floor":[70,70,70,70,70,70,70,70,70,70,70,70,70,70,70,70,70,70,70,70,70,70,70,70,70,70,70,70,70,70,70,70],"relics":["Ring of the Snake","Prayer Wheel","Frozen Eye","Oddly Smooth Stone","Ginger","Whetstone","Pandora\u0027s Box","Red Mask","Molten Egg 2","Letter Opener","Girya","Tiny Chest","Bronze Scales","Smiling Mask"],"card_choices":[{"not_picked":["Quick Slash","Dagger Spray"],"picked":"Flying Knee"},{"not_picked":["Distraction","All Out Attack"],"picked":"Backstab"},{"not_picked":["Dodge and Roll","Deflect"],"picked":"Predator"},{"not_picked":["Well Laid Plans","Dagger Throw"],"picked":"Accuracy"},{"not_picked":["Catalyst","Distraction"],"picked":"Cloak And Dagger"},{"not_picked":["Dodge and Roll","Malaise"],"picked":"Expertise"},{"not_picked":["Bane","Endless Agony"],"picked":"Finisher"},{"not_picked":["Sucker Punch","Acrobatics"],"picked":"Tactician"},{"not_picked":["Skewer","Outmaneuver"],"picked":"Distraction"},{"not_picked":["Quick Slash","Outmaneuver"],"picked":"Dagger Throw"},{"not_picked":["Unload","Doppelganger"],"picked":"Tactician"},{"not_picked":["Poisoned Stab","Deflect"],"picked":"Backflip"},{"not_picked":["Endless Agony","Heel Hook"],"picked":"Cloak And Dagger"},{"not_picked":["Skewer","Backstab"],"picked":"Cloak And Dagger"},{"not_picked":["Eviscerate","Skewer"],"picked":"Finisher"},{"not_picked":["Acrobatics","Endless Agony"],"picked":"Finisher"},{"not_picked":["PiercingWail","Flying Knee"],"picked":"Backflip"},{"not_picked":["Catalyst","Bouncing Flask"],"picked":"Dagger Spray"},{"not_picked":["Endless Agony","Flying Knee"],"picked":"Bullet Time"},{"not_picked":["Skewer","Poisoned Stab"],"picked":"Slice"}],"player_experience":90712,"potions_floor_usage":[10,14,16,31,33],"damage_taken":[{"damage":0,"enemies":"Jaw Worm","floor":1,"turns":4},{"damage":35,"enemies":"Lagavulin","floor":6,"turns":10},{"damage":0,"enemies":"Cultist","floor":7,"turns":3},{"damage":3,"enemies":"Gremlin Nob","floor":10,"turns":4},{"damage":0,"enemies":"2 Louse","floor":11,"turns":2},{"damage":0,"enemies":"Large Slime","floor":12,"turns":4},{"damage":0,"enemies":"Looter","floor":13,"turns":2},{"damage":0,"enemies":"2 Fungi Beasts","floor":14,"turns":1},{"damage":33,"enemies":"The Guardian","floor":16,"turns":15},{"damage":12,"enemies":"Spheric Guardian","floor":18,"turns":7},{"damage":7,"enemies":"Masked Bandits","floor":19,"turns":5},{"damage":3,"enemies":"3 Byrds","floor":24,"turns":4},{"damage":16,"enemies":"Slavers","floor":25,"turns":9},{"damage":0,"enemies":"Centurion and Healer","floor":27,"turns":10},{"damage":30,"enemies":"Gremlin Leader","floor":28,"turns":8},{"damage":6,"enemies":"Chosen and Byrds","floor":30,"turns":4},{"damage":8,"enemies":"Book of Stabbing","floor":31,"turns":6},{"damage":67,"enemies":"Collector","floor":33,"turns":6}],"event_choices":[{"event_name":"Big Fish","player_choice":"Box","floor":2,"damage_taken":0},{"event_name":"Shining Light","player_choice":"Entered Light","floor":3,"damage_taken":0},{"event_name":"Masked Bandits","player_choice":"Fought over 260 gold","floor":19,"damage_taken":0}],"boss_relics":[{"not_picked":["Ectoplasm","Orrery"],"picked":"Pandora\u0027s Box"}],"potions_floor_spawned":[7,11,13,27,28],"seed_played":"872178813054817759","killed_by":"Collector","ascension_level":4,"is_trial":false}