{"gold_per_floor":[368,386,405,96,115,148,162,162,188,188,208,208,224,239,239,335,335,349,30,30,46,61,81,81,81,137,147,147,63,76,96,96,195,195,213,213,213,213,231,265,265,136,136,136,218,318,318,332,332,332],"floor_reached":51,"playtime":2563,"items_purged":["Strike_G","Strike_G"],"score":916,"play_id":"7f4a4c35-9704-4a48-88ba-0e5f2be48856","local_time":"20181031204037","is_ascension_mode":true,"campfire_choices":[{"floor":10,"key":"REST"},{"data":"Noxious Fumes","floor":12,"key":"SMITH"},{"data":"After Image","floor":15,"key":"SMITH"},{"floor":24,"key":"REST"},{"data":"Doppelganger","floor":28,"key":"SMITH"},{"floor":32,"key":"REST"},{"floor":41,"key":"REST"},{"floor":44,"key":"REST"},{"floor":47,"key":"REST"},{"floor":49,"key":"REST"}],"neow_cost":"PERCENT_DAMAGE","seed_source_timestamp":608106973390304,"circlet_count":0,"master_deck":["Defend_G+1","Defend_G+1","Defend_G+1","Defend_G+1","Defend_G+1","Strike_G+1","Strike_G+1","Strike_G+1","Survivor+1","Neutralize+1","All Out Attack+1","Flying Knee+1","Masterful Stab+1","Noxious Fumes+1","Bouncing Flask+1","Quick Slash+1","Deflect+1","Dagger Spray+1","After Image+1","Doppelganger+1","Footwork+1","Catalyst+1","Noxious Fumes+1","Finesse+1","Backflip+1","Crippling Poison+1","Cloak And Dagger+1","Cloak And Dagger+1","Dash+1","Envenom+1","Chrysalis+1","Setup+1","Leg Sweep+1"],"relics":["Ring of the Snake","PreservedInsect","Art of War","Centennial Puzzle","Busted Crown","Tiny Chest","WristBlade","Mark of the Bloom","Bronze Scales","Kunai","Bottled Flame"],"potions_floor_usage":[7,7,16,16,22,22,27,30,50,50],"damage_taken":[{"damage":2,"enemies":"Small Slimes","floor":1,"turns":5},{"damage":0,"enemies":"2 Louse","floor":2,"turns":2},{"damage":0,"enemies":"Cultist","floor":3,"turns":4},{"damage":5,"enemies":"Red Slaver","floor":5,"turns":3},{"damage":17,"enemies":"Lagavulin","floor":6,"turns":5},{"damage":7,"enemies":"Exordium Thugs","floor":7,"turns":5},{"damage":0,"enemies":"2 Fungi Beasts","floor":11,"turns":3},{"damage":4,"enemies":"Red Slaver","floor":13,"turns":3},{"damage":1,"enemies":"Blue Slaver","floor":14,"turns":4},{"damage":0,"enemies":"Slime Boss","floor":16,"turns":7},{"damage":1,"enemies":"3 Byrds","floor":18,"turns":3},{"damage":0,"enemies":"Spheric Guardian","floor":21,"turns":3},{"damage":1,"enemies":"Cultist and Chosen","floor":22,"turns":6},{"damage":18,"enemies":"Snake Plant","floor":23,"turns":5},{"damage":13,"enemies":"Shelled Parasite and Fungi","floor":27,"turns":5},{"damage":6,"enemies":"Snecko","floor":30,"turns":4},{"damage":23,"enemies":"Centurion and Healer","floor":31,"turns":10},{"damage":30,"enemies":"Automaton","floor":33,"turns":10},{"damage":5,"enemies":"3 Darklings","floor":35,"turns":5},{"damage":0,"enemies":"3 Shapes","floor":39,"turns":5},{"damage":0,"enemies":"Giant Head","floor":40,"turns":5},{"damage":12,"enemies":"3 Darklings","floor":48,"turns":5},{"damage":29,"enemies":"Time Eater","floor":50,"turns":11}],"seed_played":"-7719317911825217979","potions_obtained":[{"floor":3,"key":"Dexterity Potion"},{"floor":5,"key":"Explosive Potion"},{"floor":7,"key":"Fire Potion"},{"floor":13,"key":"Poison Potion"},{"floor":18,"key":"SpeedPotion"},{"floor":22,"key":"SpeedPotion"},{"floor":35,"key":"Explosive Potion"},{"floor":39,"key":"Block Potion"}],"is_trial":false,"path_per_floor":["M","M","M","$","M","E","M","?","T","R","M","R","M","M","R","B",null,"M","$","?","M","M","M","R","?","T","M","R","$","M","M","R","B",null,"M","?","?","?","M","E","R","$","T","R","T","?","R","M","R","B"],"character_chosen":"THE_SILENT","items_purchased":["PreservedInsect","Noxious Fumes","SkillPotion","Catalyst","Noxious Fumes","Finesse","Dash","Poison Potion","PowerPotion","EssenceOfSteel"],"campfire_rested":7,"item_purchase_floors":[4,4,4,19,19,19,29,29,42,42],"current_hp_per_floor":[47,47,47,47,42,25,18,18,18,39,39,39,35,34,34,34,70,69,69,56,56,55,37,59,59,59,46,46,46,40,17,39,9,75,70,70,70,70,70,70,70,70,70,70,70,70,70,58,58,29],"gold":332,"neow_bonus":"TWO_FIFTY_GOLD","is_prod":false,"is_daily":false,"chose_seed":false,"campfire_upgraded":3,"win_rate":0,"timestamp":1541043637,"path_taken":["M","M","M","$","M","E","M","?","T","R","M","R","M","?","R","BOSS","M","$","?","M","M","M","R","?","T","?","R","$","M","?","R","BOSS","M","?","?","?","M","E","R","$","T","R","?","?","R","M","R","BOSS"],"build_version":"2018-10-25v2","purchased_purges":2,"victory":true,"max_hp_per_floor":[70,70,70,70,70,70,70,70,70,70,70,70,70,70,70,70,70,70,70,75,75,75,75,75,75,75,75,75,75,75,75,75,75,75,75,75,75,75,75,75,75,75,75,75,75,75,75,75,75,75],"card_choices":[{"not_picked":["Quick Slash","Well Laid Plans"],"picked":"All Out Attack","floor":1},{"not_picked":["Accuracy","Riddle With Holes"],"picked":"Flying Knee","floor":2},{"not_picked":["Predator","Flying Knee"],"picked":"Masterful Stab","floor":3},{"not_picked":["Dodge and Roll","Deadly Poison"],"picked":"Bouncing Flask","floor":5},{"not_picked":["Prepared","Caltrops"],"picked":"Quick Slash","floor":6},{"not_picked":["Poisoned Stab","Quick Slash"],"picked":"Deflect","floor":7},{"not_picked":["Prepared","Outmaneuver","Night Terror"],"picked":"SKIP","floor":11},{"not_picked":["Prepared","Caltrops"],"picked":"Dagger Spray","floor":13},{"not_picked":["Flying Knee","Underhanded Strike"],"picked":"After Image","floor":14},{"not_picked":["Unload","Burst"],"picked":"Doppelganger","floor":16},{"not_picked":[],"picked":"Footwork","floor":18},{"not_picked":[],"picked":"Backflip","floor":21},{"not_picked":[],"picked":"Crippling Poison","floor":22},{"not_picked":["Acrobatics"],"picked":"SKIP","floor":23},{"not_picked":[],"picked":"Cloak And Dagger","floor":27},{"not_picked":["Riddle With Holes"],"picked":"SKIP","floor":30},{"not_picked":[],"picked":"Predator","floor":31},{"not_picked":[],"picked":"Envenom","floor":33},{"not_picked":["Outmaneuver"],"picked":"SKIP","floor":35},{"not_picked":[],"picked":"Chrysalis","floor":37},{"not_picked":["Underhanded Strike+1"],"picked":"SKIP","floor":39},{"not_picked":[],"picked":"Setup+1","floor":40},{"not_picked":[],"picked":"Leg Sweep+1","floor":48}],"player_experience":156550,"relics_obtained":[{"floor":6,"key":"Art of War"},{"floor":9,"key":"Centennial Puzzle"},{"floor":26,"key":"Tiny Chest"},{"floor":40,"key":"Bronze Scales"},{"floor":43,"key":"Kunai"},{"floor":45,"key":"Bottled Flame"}],"event_choices":[{"damage_healed":0,"gold_gain":0,"player_choice":"Fled","damage_taken":0,"max_hp_gain":0,"max_hp_loss":0,"event_name":"Scrap Ooze","floor":8,"gold_loss":0},{"damage_healed":0,"gold_gain":0,"player_choice":"Shed Blood","damage_taken":18,"max_hp_gain":5,"max_hp_loss":0,"event_name":"Forgotten Altar","floor":20,"gold_loss":0},{"damage_healed":0,"gold_gain":0,"player_choice":"Read","damage_taken":0,"max_hp_gain":0,"max_hp_loss":0,"event_name":"The Library","floor":25,"gold_loss":0,"cards_obtained":["Cloak And Dagger"]},{"cards_removed":["Predator"],"damage_healed":0,"gold_gain":0,"player_choice":"Removed Attack","damage_taken":0,"max_hp_gain":0,"max_hp_loss":0,"event_name":"Falling","floor":36,"gold_loss":0},{"damage_healed":0,"gold_gain":0,"player_choice":"Memory 1","damage_taken":0,"max_hp_gain":0,"max_hp_loss":0,"event_name":"SensoryStone","floor":37,"gold_loss":0},{"damage_healed":0,"gold_gain":0,"player_choice":"Upgrade","damage_taken":0,"relics_obtained":["Mark of the Bloom"],"max_hp_gain":0,"max_hp_loss":0,"event_name":"MindBloom","floor":38,"gold_loss":0,"cards_upgraded":["Defend_G","Defend_G","Defend_G","Defend_G","Defend_G","Strike_G","Strike_G","Strike_G","Survivor","Neutralize","All Out Attack","Flying Knee","Masterful Stab","Bouncing Flask","Quick Slash","Deflect","Dagger Spray","Footwork","Catalyst","Noxious Fumes","Finesse","Backflip","Crippling Poison","Cloak And Dagger","Cloak And Dagger","Dash","Envenom","Chrysalis"]},{"damage_healed":0,"gold_gain":100,"player_choice":"Pray","damage_taken":0,"max_hp_gain":0,"max_hp_loss":0,"event_name":"Golden Shrine","floor":46,"gold_loss":0}],"is_beta":false,"boss_relics":[{"not_picked":["Runic Dome","Velvet Choker"],"picked":"Busted Crown"},{"not_picked":["Snecko Eye","Coffee Dripper"],"picked":"WristBlade"}],"items_purged_floors":[4,19],"is_endless":false,"potions_floor_spawned":[3,5,7,13,14,18,22,35,39],"ascension_level":3}