{"path_per_floor":["M","?","$","?","M","E","R","M","T","?","R","?","M","M","R","B",null,"M","?","$","M","?","E","M","R","T","M","R","E","M","?","R","B",null,"M","$","M","$","M","R","E","R","T","?","M","E","?","E","R","B"],"character_chosen":"THE_SILENT","items_purchased":["Apotheosis","Adrenaline","Block Potion","Regen Potion"],"gold_per_floor":[112,287,5,5,17,48,48,66,117,147,147,147,162,175,175,272,272,287,287,35,51,51,84,94,94,94,110,110,144,155,155,155,259,259,276,100,120,68,80,80,110,110,110,0,16,45,45,78,78,78],"floor_reached":51,"campfire_rested":3,"playtime":5527,"current_hp_per_floor":[77,77,77,82,78,58,58,57,57,57,57,57,74,69,69,52,82,63,63,63,65,65,27,27,27,27,24,24,18,24,24,48,20,82,44,44,49,49,42,42,7,31,31,31,41,53,74,61,82,72],"items_purged":["Doubt","Strike_G","Underhanded Strike"],"gold":78,"score":623,"play_id":"5e132302-7360-4e91-a9d6-24c9ff3284ec","is_prod":false,"is_daily":false,"is_ascension_mode":false,"campfire_upgraded":6,"path_taken":["M","?","$","?","M","E","R","M","T","?","R","?","?","M","R","BOSS","M","?","$","M","?","E","?","R","T","M","R","E","?","?","R","BOSS","M","$","M","$","M","R","E","R","T","?","M","E","?","E","R","BOSS"],"build_version":"2018-02-15-PROD1","purchased_purges":4,"victory":true,"master_deck":["Defend_G","Defend_G","Defend_G","Strike_G","Strike_G","Strike_G","Survivor","Neutralize+1","Quick Slash","Apotheosis+1","Deadly Poison","Blur","Backflip","Backstab+1","Deflect","Calculated Gamble","Envenom+1","Backstab","Catalyst","Backstab","Distraction","Bouncing Flask","Deflect","Adrenaline+1","Footwork+1","Acrobatics","Infinite Blades+1","Well Laid Plans","Poisoned Stab+1","Burst","Accuracy+1","Dodge and Roll+1","Deadly Poison","After Image","Outmaneuver+1","Noxious Fumes","Writhe","Backflip+1"],"max_hp_per_floor":[77,77,77,82,82,82,82,82,82,82,82,82,82,82,82,82,82,82,82,82,82,82,82,82,82,82,82,82,82,82,82,82,82,82,82,82,82,82,82,82,82,82,82,82,82,82,82,82,82,82],"relics":["Ring of the Snake","Bird Faced Urn","Blood Vial","Orrery","Pen Nib","Toolbox","Snake Skull","Astrolabe","Kunai","Calipers","Red Mask","Bottled Lightning","Bag of Preparation"],"card_choices":[{"not_picked":["Deadly Poison","Masterful Stab"],"picked":"Quick Slash"},{"not_picked":["Bane","Choke"],"picked":"Deadly Poison"},{"not_picked":["Heel Hook","Outmaneuver"],"picked":"Blur"},{"not_picked":["Dodge and Roll","Sucker Punch"],"picked":"Backflip"},{"not_picked":["Poisoned Stab","Acrobatics"],"picked":"Deflect"},{"not_picked":["Bane","Eviscerate"],"picked":"Calculated Gamble"},{"not_picked":["Venomology","Phantasmal Killer"],"picked":"Envenom"},{"not_picked":["Catalyst","Quick Slash"],"picked":"Backstab"},{"not_picked":["Deadly Poison","Predator"],"picked":"Catalyst"},{"not_picked":["Poisoned Stab","Backflip"],"picked":"Backstab"},{"not_picked":["Backflip","Storm of Steel"],"picked":"Distraction"},{"not_picked":["Outmaneuver","Bane"],"picked":"Slice"},{"not_picked":["Predator","Dodge and Roll"],"picked":"Bouncing Flask"},{"not_picked":["Catalyst","Crippling Poison"],"picked":"Footwork"},{"not_picked":["Endless Agony","Crippling Poison"],"picked":"Acrobatics"},{"not_picked":["Underhanded Strike","Deflect"],"picked":"Infinite Blades"},{"not_picked":["Bane","Quick Slash"],"picked":"Well Laid Plans"},{"not_picked":["Flying Knee","Infinite Blades"],"picked":"Poisoned Stab"},{"not_picked":["Phantasmal Killer","Wraith Form"],"picked":"Burst"},{"not_picked":["Well Laid Plans","Dodge and Roll"],"picked":"Deadly Poison"},{"not_picked":["Masterful Stab","All Out Attack"],"picked":"After Image"},{"not_picked":["Flechettes","Quick Slash"],"picked":"Outmaneuver"},{"not_picked":["Outmaneuver","Deadly Poison"],"picked":"Noxious Fumes"},{"not_picked":["Quick Slash","Dagger Spray"],"picked":"Backflip"}],"player_experience":76196,"potions_floor_usage":[37,39,39,46,48,50],"damage_taken":[{"damage":0.0,"enemies":"2 Louse","floor":1.0,"turns":3.0},{"damage":4.0,"enemies":"Small Slimes","floor":5.0,"turns":5.0},{"damage":20.0,"enemies":"Gremlin Nob","floor":6.0,"turns":4.0},{"damage":1.0,"enemies":"Jaw Worm","floor":8.0,"turns":4.0},{"damage":0.0,"enemies":"Large Slime","floor":13.0,"turns":7.0},{"damage":7.0,"enemies":"Looter","floor":14.0,"turns":3.0},{"damage":19.0,"enemies":"Slime Boss","floor":16.0,"turns":12.0},{"damage":19.0,"enemies":"Chosen","floor":18.0,"turns":7.0},{"damage":0.0,"enemies":"Shell Parasite","floor":21.0,"turns":5.0},{"damage":44.0,"enemies":"Slavers","floor":23.0,"turns":7.0},{"damage":6.0,"enemies":"3 Cultists","floor":24.0,"turns":8.0},{"damage":13.0,"enemies":"Snake Plant","floor":27.0,"turns":5.0},{"damage":20.0,"enemies":"Gremlin Leader","floor":29.0,"turns":6.0},{"damage":4.0,"enemies":"Chosen and Byrds","floor":30.0,"turns":5.0},{"damage":38,"enemies":"Automaton","floor":33,"turns":11},{"damage":48,"enemies":"3 Shapes","floor":35,"turns":6},{"damage":3,"enemies":"Orb Walker","floor":37,"turns":2},{"damage":34,"enemies":"Sphere and 2 Shapes","floor":39,"turns":8},{"damage":51,"enemies":"2 Orb Walkers","floor":41,"turns":6},{"damage":0,"enemies":"4 Shapes","floor":45,"turns":5},{"damage":2,"enemies":"Nemesis","floor":46,"turns":7},{"damage":23,"enemies":"2 Orb Walkers","floor":48,"turns":5},{"damage":16,"enemies":"Time Eater","floor":50,"turns":9}],"event_choices":[{"event_name":"Liars Game","player_choice":"agreed","floor":2.0,"damage_taken":0.0},{"event_name":"Big Fish","player_choice":"Donut","floor":4.0,"damage_taken":0.0},{"event_name":"Dead Adventurer","player_choice":"Searched \u00272\u0027 times","floor":10.0,"damage_taken":0.0},{"event_name":"Living Wall","player_choice":"Change","floor":12.0,"damage_taken":0.0},{"event_name":"The Library","player_choice":"Read","floor":19.0,"damage_taken":0.0},{"event_name":"Beggar","player_choice":"Ignored","floor":22.0,"damage_taken":0.0},{"event_name":"Cursed Tome","player_choice":"Ignored","floor":31,"damage_taken":0},{"event_name":"Tomb of Lord Red Mask","player_choice":"Paid","floor":44,"damage_taken":0},{"event_name":"Winding Halls","player_choice":"Writhe","floor":47,"damage_taken":0}],"boss_relics":[{"not_picked":["Velvet Choker","The Specimen"],"picked":"Astrolabe"}],"potions_floor_spawned":[5,8,13,14,21,23,24,35,41,46,48],"seed_played":"4678109380848950292","ascension_level":0,"is_trial":false}