{"gold_per_floor":[361,377,396,396,414,440,461,461,461,490,490,517,517,517,517,594,594,608,608,621,119,119,119,119],"floor_reached":24,"playtime":1627,"items_purged":[],"score":424,"play_id":"ecbedb9e-30bf-479b-a0b9-dad15094e0f6","local_time":"20190525235918","is_ascension_mode":true,"campfire_choices":[{"floor":8,"key":"REST"},{"floor":11,"key":"REST"},{"floor":13,"key":"REST"},{"data":"Seeing Red","floor":15,"key":"SMITH"},{"floor":23,"key":"REST"}],"neow_cost":"CURSE","seed_source_timestamp":287166476576304,"circlet_count":0,"master_deck":["AscendersBane","Strike_R","Strike_R","Strike_R","Strike_R","Strike_R","Defend_R","Defend_R","Defend_R","Defend_R","Bash","Perfected Strike","Thunderclap","Carnage","Twin Strike","Seeing Red+1","Armaments","Pommel Strike","Feed","Feed","True Grit","Flame Barrier","Sever Soul"],"relics":["Burning Blood","Dead Branch","Odd Mushroom","Du-Vu Doll","Turnip","The Courier","Runic Pyramid","Nilry\u0027s Codex","PrismaticShard","Nunchaku"],"potions_floor_usage":[6,10,12,18,20],"damage_taken":[{"damage":2,"enemies":"Cultist","floor":1,"turns":4},{"damage":19,"enemies":"Small Slimes","floor":2,"turns":3},{"damage":9,"enemies":"Jaw Worm","floor":3,"turns":4},{"damage":1,"enemies":"2 Fungi Beasts","floor":5,"turns":3},{"damage":32,"enemies":"Gremlin Nob","floor":6,"turns":4},{"damage":17,"enemies":"The Mushroom Lair","floor":7,"turns":3},{"damage":16,"enemies":"Lagavulin","floor":10,"turns":3},{"damage":5,"enemies":"Gremlin Nob","floor":12,"turns":3},{"damage":34,"enemies":"Slime Boss","floor":16,"turns":10},{"damage":29,"enemies":"Shell Parasite","floor":18,"turns":5},{"damage":23,"enemies":"3 Byrds","floor":20,"turns":6},{"damage":26,"enemies":"Colosseum Slavers","floor":22,"turns":6},{"damage":45,"enemies":"Book of Stabbing","floor":24,"turns":6}],"seed_played":"-2851935466911299272","potions_obtained":[{"floor":1,"key":"LiquidBronze"},{"floor":5,"key":"BloodPotion"},{"floor":6,"key":"GamblersBrew"},{"floor":7,"key":"Energy Potion"},{"floor":16,"key":"SkillPotion"},{"floor":18,"key":"Regen Potion"}],"is_trial":false,"path_per_floor":["M","M","M","?","M","E","?","R","T","E","R","E","R","?","R","B",null,"M","?","M","$","?","R","E"],"character_chosen":"IRONCLAD","items_purchased":["PrismaticShard","Nunchaku","Sever Soul"],"campfire_rested":4,"item_purchase_floors":[21,21,21],"current_hp_per_floor":[72,59,56,49,54,28,17,39,39,29,51,59,75,75,75,47,68,48,27,28,28,11,36,0],"gold":119,"neow_bonus":"TWO_FIFTY_GOLD","is_prod":false,"is_daily":false,"chose_seed":false,"campfire_upgraded":1,"win_rate":0,"timestamp":1558817958,"path_taken":["M","M","?","?","M","E","?","R","T","E","R","E","R","?","R","BOSS","M","?","M","$","?","R","E"],"build_version":"2019-01-23","purchased_purges":0,"victory":false,"max_hp_per_floor":[75,75,75,75,75,75,75,75,75,75,75,75,75,75,75,75,75,78,78,81,81,84,84,84],"card_choices":[{"not_picked":["Shrug It Off","Clash"],"picked":"Perfected Strike","floor":1},{"not_picked":["Anger","Cleave"],"picked":"Thunderclap","floor":2},{"not_picked":["Clash","Corruption"],"picked":"Carnage","floor":3},{"not_picked":["Seeing Red","Body Slam"],"picked":"Twin Strike","floor":5},{"not_picked":["Warcry","Metallicize"],"picked":"Seeing Red","floor":6},{"not_picked":["Body Slam","Heavy Blade"],"picked":"Armaments","floor":7},{"not_picked":["Body Slam","Exhume"],"picked":"Pommel Strike","floor":10},{"not_picked":["Flex","Reaper"],"picked":"Feed","floor":12},{"not_picked":["Immolate","Juggernaut"],"picked":"Feed","floor":16},{"not_picked":["Havoc","Thunderclap"],"picked":"True Grit","floor":18},{"not_picked":["Infernal Blade","Anger"],"picked":"Flame Barrier","floor":20}],"player_experience":511656,"relics_obtained":[{"floor":6,"key":"Dead Branch"},{"floor":7,"key":"Odd Mushroom"},{"floor":9,"key":"Du-Vu Doll"},{"floor":10,"key":"Turnip"},{"floor":12,"key":"The Courier"},{"floor":19,"key":"Nilry\u0027s Codex"}],"event_choices":[{"cards_removed":["Normality"],"damage_healed":0,"gold_gain":0,"player_choice":"Card Removal","damage_taken":7,"max_hp_gain":0,"max_hp_loss":0,"event_name":"Golden Wing","floor":4,"gold_loss":0},{"damage_healed":0,"gold_gain":0,"player_choice":"Fought Mushrooms","damage_taken":0,"max_hp_gain":0,"max_hp_loss":0,"event_name":"Mushrooms","floor":7,"gold_loss":0},{"damage_healed":0,"gold_gain":0,"player_choice":"Leave","damage_taken":0,"max_hp_gain":0,"max_hp_loss":0,"event_name":"The Cleric","floor":14,"gold_loss":0},{"damage_healed":0,"gold_gain":0,"player_choice":"Obtained Book","damage_taken":21,"max_hp_gain":0,"max_hp_loss":0,"event_name":"Cursed Tome","floor":19,"gold_loss":0},{"damage_healed":0,"gold_gain":0,"player_choice":"Fight","damage_taken":0,"max_hp_gain":0,"max_hp_loss":0,"event_name":"Colosseum","floor":22,"gold_loss":0},{"damage_healed":0,"gold_gain":0,"player_choice":"Fled From Nobs","damage_taken":0,"max_hp_gain":0,"max_hp_loss":0,"event_name":"Colosseum","floor":22,"gold_loss":0}],"is_beta":false,"boss_relics":[{"not_picked":["Astrolabe","Empty Cage"],"picked":"Runic Pyramid"}],"items_purged_floors":[],"is_endless":false,"potions_floor_spawned":[1,5,6,7,16,18,22],"killed_by":"Book of Stabbing","ascension_level":20}