{"path_per_floor":["M","M","M","M","M","R","E","?","T","M","R","M","M","M","R","B",null,"M","?","M","M","M","R","M","M","T","$","M","M","R","$","R"],"character_chosen":"THE_SILENT","items_purchased":["Bird Faced Urn","Strength Potion","GhostInAJar"],"gold_per_floor":[12,30,41,57,70,70,97,97,123,133,133,153,173,191,191,293,293,309,309,328,339,349,349,362,372,453,18,28,41,41,41,41,41],"floor_reached":33,"campfire_rested":4,"playtime":7129,"item_purchase_floors":[27,27,27],"current_hp_per_floor":[68,67,56,52,41,62,40,80,80,80,80,80,80,80,80,12,80,66,66,52,18,3,27,15,11,11,11,11,1,25,25,49,0],"items_purged":[],"gold":41,"score":259,"play_id":"a4a042bd-46ee-4331-899b-221d6a29f59e","local_time":"20180604191834","is_prod":false,"is_daily":false,"chose_seed":false,"is_ascension_mode":false,"campfire_upgraded":2,"win_rate":0.0,"timestamp":1528132714,"campfire_choices":[{"floor":6.0,"key":"REST"},{"data":"Backstab","floor":11.0,"key":"SMITH"},{"data":"Poisoned Stab","floor":15.0,"key":"SMITH"},{"floor":23.0,"key":"REST"},{"floor":30,"key":"REST"},{"floor":32,"key":"REST"}],"path_taken":["M","M","M","M","M","R","E","?","T","M","R","M","M","M","R","BOSS","M","?","M","M","M","R","M","M","T","$","M","?","R","$","R","BOSS"],"build_version":"2018-05-31","seed_source_timestamp":0,"purchased_purges":0,"victory":false,"master_deck":["Defend_G","Defend_G","Defend_G","Defend_G","Strike_G","Strike_G","Strike_G","Strike_G","Strike_G","Neutralize","Night Terror","Dash","Flying Knee+1","Predator+1","PiercingWail","Backstab+1","Dagger Throw","Poisoned Stab+1","Choke","After Image","Blade Dance+1","Leg Sweep+1","Doppelganger+1","Acrobatics","Normality","Dagger Spray+1","Bouncing Flask","PiercingWail","Bane","Backflip","Adrenaline","PiercingWail"],"max_hp_per_floor":[70,70,70,70,70,70,70,80,80,80,80,80,80,80,80,80,80,80,80,80,80,80,80,80,80,80,80,80,80,80,80,80,80],"relics":["Ring of the Snake","Whetstone","Orichalcum","Astrolabe","Pen Nib","Bottled Lightning","Bird Faced Urn"],"card_choices":[{"not_picked":["Envenom","Wraith Form v2"],"picked":"Night Terror","floor":0.0},{"not_picked":["Endless Agony","Dodge and Roll"],"picked":"Dash","floor":1.0},{"not_picked":["Quick Slash","Dagger Spray"],"picked":"Flying Knee","floor":2.0},{"not_picked":["Poisoned Stab","Choke"],"picked":"A Thousand Cuts","floor":3.0},{"not_picked":["Blade Dance","Endless Agony"],"picked":"Predator","floor":4.0},{"not_picked":["Flying Knee","Dodge and Roll"],"picked":"PiercingWail","floor":5.0},{"not_picked":["Quick Slash","Reflex"],"picked":"Deflect","floor":7.0},{"not_picked":["Outmaneuver","Skewer"],"picked":"Backstab","floor":10.0},{"not_picked":["Sucker Punch","Underhanded Strike"],"picked":"Dagger Throw","floor":12.0},{"not_picked":["Backstab","Catalyst"],"picked":"Poisoned Stab","floor":13.0},{"not_picked":["Slice","Acrobatics"],"picked":"Choke","floor":14.0},{"not_picked":["Unload","A Thousand Cuts"],"picked":"After Image","floor":16.0},{"not_picked":["Prepared","Underhanded Strike"],"picked":"Acrobatics","floor":18.0},{"not_picked":["Slice","Escape Plan"],"picked":"Dagger Spray+1","floor":20.0},{"not_picked":["Catalyst","Predator"],"picked":"Bouncing Flask","floor":21.0},{"not_picked":["Deflect+1","Masterful Stab+1"],"picked":"PiercingWail","floor":22.0},{"not_picked":["Crippling Poison","Deadly Poison"],"picked":"Bane","floor":24.0},{"not_picked":["Masterful Stab","Dagger Spray"],"picked":"Backflip","floor":25},{"not_picked":["Backflip","Underhanded Strike"],"picked":"Adrenaline","floor":28},{"not_picked":["Flying Knee+1","Blade Dance"],"picked":"PiercingWail","floor":29}],"player_experience":41757,"potions_floor_usage":[25,25,28,28,33],"damage_taken":[{"damage":2.0,"enemies":"Small Slimes","floor":1.0,"turns":5.0},{"damage":1.0,"enemies":"Cultist","floor":2.0,"turns":4.0},{"damage":11.0,"enemies":"2 Louse","floor":3.0,"turns":3.0},{"damage":4.0,"enemies":"Red Slaver","floor":4.0,"turns":4.0},{"damage":11.0,"enemies":"Exordium Thugs","floor":5.0,"turns":5.0},{"damage":22.0,"enemies":"Gremlin Nob","floor":7.0,"turns":6.0},{"damage":0.0,"enemies":"Lots of Slimes","floor":10.0,"turns":5.0},{"damage":0.0,"enemies":"Red Slaver","floor":12.0,"turns":4.0},{"damage":0.0,"enemies":"3 Louse","floor":13.0,"turns":2.0},{"damage":0.0,"enemies":"2 Fungi Beasts","floor":14.0,"turns":2.0},{"damage":68.0,"enemies":"The Guardian","floor":16.0,"turns":11.0},{"damage":14.0,"enemies":"Chosen","floor":18.0,"turns":5.0},{"damage":14.0,"enemies":"Spheric Guardian","floor":20.0,"turns":4.0},{"damage":34.0,"enemies":"Chosen and Byrds","floor":21.0,"turns":6.0},{"damage":15.0,"enemies":"Snake Plant","floor":22.0,"turns":3.0},{"damage":12.0,"enemies":"Centurion and Healer","floor":24.0,"turns":6.0},{"damage":4,"enemies":"Chosen and Byrds","floor":25,"turns":6},{"damage":0,"enemies":"Snake Plant","floor":28,"turns":2},{"damage":12,"enemies":"Centurion and Healer","floor":29,"turns":6},{"damage":49,"enemies":"Champ","floor":33,"turns":13}],"relics_obtained":[{"floor":7.0,"key":"Whetstone"},{"floor":9.0,"key":"Orichalcum"},{"floor":26,"key":"Bottled Lightning"}],"event_choices":[{"event_name":"Bonfire Elementals","player_choice":"RARE","floor":8.0,"damage_taken":0.0},{"event_name":"Accursed Blacksmith","player_choice":"Rummage","floor":19.0,"damage_taken":0.0}],"boss_relics":[],"items_purged_floors":[],"potions_floor_spawned":[1,3,10,12,14,16,18,21,29],"seed_played":"-7905793494480201311","killed_by":"Champ","ascension_level":0,"potions_obtained":[{"floor":1.0,"key":"Ancient Potion"},{"floor":3.0,"key":"SkillPotion"},{"floor":10.0,"key":"LiquidBronze"},{"floor":12.0,"key":"Block Potion"},{"floor":14.0,"key":"SteroidPotion"},{"floor":16.0,"key":"LiquidBronze"},{"floor":18.0,"key":"SkillPotion"},{"floor":21.0,"key":"GamblersBrew"},{"floor":29,"key":"AttackPotion"}],"is_trial":false}