{"gold_per_floor":[111,129,147,147,247,275,292,292,315,349,362,372,386,461,461,564,564,580,592,612,612,152,185,198,218,218,228,327,357,370,370,370,470,470,488,488,61,75,92,92,192,203,230,230,248,248,158,175,175,175],"floor_reached":51,"playtime":5208,"items_purged":["Strike_B"],"score":1094,"play_id":"69c23009-be8e-489d-b1a5-b978e5a964de","local_time":"20190406180936","is_ascension_mode":true,"campfire_choices":[{"data":"Zap","floor":8,"key":"SMITH"},{"data":"White Noise","floor":15,"key":"SMITH"},{"data":"White Noise","floor":32,"key":"SMITH"},{"floor":40,"key":"REST"},{"floor":44,"key":"REST"},{"data":"Echo Form","floor":46,"key":"SMITH"},{"floor":49,"key":"REST"}],"neow_cost":"NONE","seed_source_timestamp":1280601248396489,"circlet_count":0,"master_deck":["Strike_B+1","Strike_B+1","Defend_B+1","Defend_B+1","Defend_B+1","Defend_B+1","Zap+1","Dualcast","Cold Snap","White Noise+1","Ball Lightning","White Noise+1","Machine Learning","Undo+1","Cold Snap","Coolheaded","Core Surge","Conserve Battery","White Noise+1","Echo Form+1","Go for the Eyes","Undo+1","Defragment","Biased Cognition","Defragment","Reboot","Conserve Battery","Mayhem","Loop","Reinforced Body","Capacitor"],"relics":["Cracked Core","PreservedInsect","Happy Flower","Omamori","Blood Vial","Ancient Tea Set","Inserter","Mummified Hand","Singing Bowl","Incense Burner","Busted Crown","ClockworkSouvenir","Calipers","Strawberry"],"potions_floor_usage":[7,7,10,12,19,20,23,24,24,29,30,33,35,39,42,45,50],"damage_taken":[{"damage":0,"enemies":"2 Louse","floor":1,"turns":2},{"damage":0,"enemies":"Jaw Worm","floor":2,"turns":3},{"damage":1,"enemies":"Cultist","floor":3,"turns":4},{"damage":18,"enemies":"Lagavulin","floor":6,"turns":8},{"damage":0,"enemies":"Lots of Slimes","floor":7,"turns":4},{"damage":13,"enemies":"3 Sentries","floor":10,"turns":5},{"damage":0,"enemies":"2 Fungi Beasts","floor":11,"turns":4},{"damage":3,"enemies":"Gremlin Gang","floor":12,"turns":6},{"damage":1,"enemies":"Blue Slaver","floor":13,"turns":4},{"damage":0,"enemies":"The Guardian","floor":16,"turns":11},{"damage":12,"enemies":"Shell Parasite","floor":18,"turns":9},{"damage":9,"enemies":"3 Byrds","floor":19,"turns":7},{"damage":22,"enemies":"Snake Plant","floor":20,"turns":4},{"damage":5,"enemies":"Gremlin Leader","floor":23,"turns":5},{"damage":3,"enemies":"Chosen and Byrds","floor":24,"turns":5},{"damage":3,"enemies":"Snecko","floor":25,"turns":6},{"damage":23,"enemies":"Snake Plant","floor":27,"turns":5},{"damage":23,"enemies":"Book of Stabbing","floor":29,"turns":4},{"damage":0,"enemies":"Centurion and Healer","floor":30,"turns":7},{"damage":0,"enemies":"Collector","floor":33,"turns":8},{"damage":0,"enemies":"Orb Walker","floor":35,"turns":4},{"damage":37,"enemies":"3 Darklings","floor":38,"turns":6},{"damage":22,"enemies":"Jaw Worm Horde","floor":39,"turns":6},{"damage":0,"enemies":"Mind Bloom Boss Battle","floor":41,"turns":6},{"damage":0,"enemies":"Transient","floor":42,"turns":5},{"damage":1,"enemies":"Writhing Mass","floor":45,"turns":8},{"damage":25,"enemies":"4 Shapes","floor":48,"turns":5},{"damage":22,"enemies":"Time Eater","floor":50,"turns":17}],"seed_played":"-7632226251059767774","potions_obtained":[{"floor":2,"key":"Swift Potion"},{"floor":6,"key":"Energy Potion"},{"floor":7,"key":"EssenceOfSteel"},{"floor":10,"key":"SkillPotion"},{"floor":18,"key":"GamblersBrew"},{"floor":19,"key":"FearPotion"},{"floor":23,"key":"Dexterity Potion"},{"floor":25,"key":"Ancient Potion"},{"floor":27,"key":"Strength Potion"},{"floor":33,"key":"Swift Potion"},{"floor":38,"key":"Fire Potion"},{"floor":39,"key":"Swift Potion"},{"floor":42,"key":"Fruit Juice"},{"floor":48,"key":"SpeedPotion"}],"is_trial":false,"path_per_floor":["M","M","M","?","?","E","M","R","T","E","M","M","M","?","R","B",null,"M","M","M","?","$","E","M","M","T","M","?","E","M","?","R","B",null,"M","?","$","M","M","R","?","M","T","R","M","R","?","M","R","B",null],"character_chosen":"DEFECT","items_purchased":["Echo Form","Go for the Eyes","Energy Potion","Swift Potion","Ancient Potion","ClockworkSouvenir","Mayhem","Loop"],"campfire_rested":3,"item_purchase_floors":[22,22,22,22,22,37,37,37],"current_hp_per_floor":[68,68,67,64,64,53,60,60,60,56,65,71,75,68,68,75,75,70,70,57,57,57,68,74,75,75,61,61,47,58,58,58,67,76,78,79,79,44,24,48,52,56,63,90,98,98,98,74,99,77],"gold":175,"neow_bonus":"RANDOM_COMMON_RELIC","is_prod":false,"is_daily":false,"chose_seed":false,"campfire_upgraded":4,"win_rate":0,"timestamp":1554599376,"path_taken":["M","M","M","?","?","E","M","R","T","E","?","M","?","?","R","BOSS","M","M","?","?","$","E","M","?","T","M","?","E","M","?","R","BOSS","M","?","$","?","?","R","?","M","T","R","M","R","?","M","R","BOSS"],"build_version":"2019-01-23","purchased_purges":1,"victory":true,"max_hp_per_floor":[75,75,75,75,75,75,75,75,75,75,75,75,75,75,75,75,75,75,75,75,75,75,75,75,75,75,77,77,77,79,79,79,79,79,79,79,79,81,81,81,83,85,92,92,99,99,99,99,99,99],"card_choices":[{"not_picked":["Ball Lightning","Heatsinks"],"picked":"Cold Snap","floor":1},{"not_picked":["Rebound","Streamline"],"picked":"White Noise","floor":2},{"not_picked":["Compile Driver","Genetic Algorithm"],"picked":"Self Repair","floor":3},{"not_picked":["Aggregate","Sweeping Beam"],"picked":"Ball Lightning","floor":6},{"not_picked":["Lockon","Fusion"],"picked":"White Noise","floor":7},{"not_picked":["Leap","Beam Cell"],"picked":"Machine Learning","floor":10},{"not_picked":["Hello World","Auto Shields"],"picked":"Undo","floor":11},{"not_picked":["Sunder","Heatsinks"],"picked":"Cold Snap","floor":12},{"not_picked":["Storm","Melter"],"picked":"Coolheaded","floor":13},{"not_picked":["Meteor Strike","Rainbow"],"picked":"Core Surge","floor":16},{"not_picked":["Sweeping Beam","Turbo","Compile Driver"],"picked":"SKIP","floor":18},{"not_picked":["Sweeping Beam","Streamline","Beam Cell"],"picked":"SKIP","floor":19},{"not_picked":["Coolheaded","Rebound"],"picked":"Conserve Battery","floor":20},{"not_picked":["Ball Lightning","Gash"],"picked":"Undo+1","floor":23},{"not_picked":["Cold Snap","Conserve Battery"],"picked":"Defragment","floor":24},{"not_picked":["Melter","Conserve Battery+1"],"picked":"Biased Cognition","floor":25},{"not_picked":["Rebound+1","Go for the Eyes","Hello World"],"picked":"Singing Bowl","floor":27},{"not_picked":["Capacitor","Gash+1"],"picked":"Defragment","floor":29},{"not_picked":["Leap","Rainbow","Chaos"],"picked":"Singing Bowl","floor":30},{"not_picked":["Multi-Cast","All For One"],"picked":"Reboot","floor":33},{"not_picked":[],"picked":"Conserve Battery","floor":35},{"not_picked":["Turbo+1"],"picked":"Singing Bowl","floor":38},{"not_picked":[],"picked":"Reinforced Body","floor":39},{"not_picked":["Blizzard+1"],"picked":"Singing Bowl","floor":41},{"not_picked":["Sunder+1"],"picked":"Singing Bowl","floor":42},{"not_picked":["Darkness"],"picked":"Singing Bowl","floor":45},{"not_picked":[],"picked":"Capacitor","floor":48}],"player_experience":277925,"relics_obtained":[{"floor":6,"key":"Omamori"},{"floor":9,"key":"Blood Vial"},{"floor":10,"key":"Ancient Tea Set"},{"floor":23,"key":"Mummified Hand"},{"floor":26,"key":"Singing Bowl"},{"floor":29,"key":"Incense Burner"},{"floor":41,"key":"Calipers"},{"floor":43,"key":"Strawberry"}],"event_choices":[{"damage_healed":0,"gold_gain":0,"player_choice":"Success","damage_taken":3,"relics_obtained":["Happy Flower"],"max_hp_gain":0,"max_hp_loss":0,"event_name":"Scrap Ooze","floor":4,"gold_loss":0},{"damage_healed":0,"gold_gain":100,"player_choice":"Gold","damage_taken":0,"max_hp_gain":0,"max_hp_loss":0,"event_name":"Wheel of Change","floor":5,"gold_loss":0},{"damage_healed":0,"gold_gain":75,"player_choice":"Touch","damage_taken":7,"max_hp_gain":0,"max_hp_loss":0,"event_name":"FaceTrader","floor":14,"gold_loss":0},{"damage_healed":0,"gold_gain":0,"player_choice":"Copied","damage_taken":0,"max_hp_gain":0,"max_hp_loss":0,"event_name":"Duplicator","floor":21,"gold_loss":0,"cards_obtained":["White Noise"]},{"damage_healed":0,"gold_gain":99,"player_choice":"Stole From Cult","damage_taken":0,"max_hp_gain":0,"max_hp_loss":0,"event_name":"Nest","floor":28,"gold_loss":0},{"damage_healed":0,"gold_gain":0,"player_choice":"Simplicity","damage_taken":0,"max_hp_gain":0,"max_hp_loss":0,"event_name":"Back to Basics","floor":31,"gold_loss":0,"cards_upgraded":["Strike_B","Strike_B","Strike_B","Defend_B","Defend_B","Defend_B","Defend_B"]},{"cards_removed":["Self Repair"],"damage_healed":1,"gold_gain":0,"player_choice":"Offered Uncommon","damage_taken":0,"max_hp_gain":0,"max_hp_loss":0,"event_name":"Bonfire Elementals","floor":36,"gold_loss":0},{"damage_healed":0,"gold_gain":0,"player_choice":"Fight","damage_taken":0,"max_hp_gain":0,"max_hp_loss":0,"event_name":"MindBloom","floor":41,"gold_loss":0},{"cards_removed":["Strike_B"],"damage_healed":0,"gold_gain":0,"player_choice":"Upgrade and Remove","damage_taken":0,"max_hp_gain":0,"max_hp_loss":0,"event_name":"Designer","floor":47,"gold_loss":90,"cards_upgraded":["Undo"]}],"is_beta":false,"boss_relics":[{"not_picked":["Empty Cage","Ectoplasm"],"picked":"Inserter"},{"not_picked":["FrozenCore","Coffee Dripper"],"picked":"Busted Crown"}],"items_purged_floors":[22],"is_endless":false,"potions_floor_spawned":[2,6,7,10,18,19,23,25,27,33,38,39,42,48],"ascension_level":7}