{"gold_per_floor":[17,36,36,48,48,377,448,482,482,482,182,182,199,228,228,305,305,323,323,336,353,364,364,399,399,399,153,182,182,182,215,215,292,292,302,302,302,322,322,342,342,342],"floor_reached":42,"playtime":3118,"items_purged":[],"score":804,"play_id":"5c91c0e9-0608-4010-ab8f-4eab39faf30c","local_time":"20190526121309","is_ascension_mode":true,"campfire_choices":[{"floor":10,"key":"REST"},{"floor":15,"key":"REST"},{"floor":23,"key":"REST"},{"floor":25,"key":"REST"},{"floor":30,"key":"REST"},{"floor":32,"key":"REST"},{"floor":41,"key":"REST"}],"neow_cost":"NO_GOLD","seed_source_timestamp":329704157541412,"circlet_count":0,"master_deck":["AscendersBane","Defend_B","Defend_B","Defend_B","Defend_B","Zap","Dualcast","Echo Form","Chill","Streamline","Lockon","Ball Lightning","Rip and Tear","Seek","Rainbow","Blizzard","Buffer","Doom and Gloom","Conserve Battery","Defragment","Auto Shields","Coolheaded","Dramatic Entrance","Auto Shields","Bite","Bite","Bite","Bite","Bite","Lockon","Seek","Defragment","Discovery","White Noise+1"],"relics":["Cracked Core","Old Coin","Dodecahedron","Bottled Tornado","Strawberry","Boot","Nunchaku","Eternal Feather","Cables","Ornamental Fan","Omamori","Happy Flower","Orichalcum","Lizard Tail"],"potions_floor_usage":[8,20,24,28,31,33,42],"damage_taken":[{"damage":4,"enemies":"Jaw Worm","floor":1,"turns":4},{"damage":0,"enemies":"Cultist","floor":2,"turns":4},{"damage":0,"enemies":"2 Louse","floor":4,"turns":2},{"damage":24,"enemies":"Gremlin Nob","floor":6,"turns":4},{"damage":7,"enemies":"3 Sentries","floor":8,"turns":5},{"damage":12,"enemies":"2 Fungi Beasts","floor":13,"turns":3},{"damage":18,"enemies":"Lagavulin","floor":14,"turns":5},{"damage":32,"enemies":"Slime Boss","floor":16,"turns":10},{"damage":10,"enemies":"Chosen","floor":18,"turns":5},{"damage":25,"enemies":"3 Byrds","floor":20,"turns":3},{"damage":28,"enemies":"Snecko","floor":21,"turns":5},{"damage":3,"enemies":"3 Cultists","floor":22,"turns":5},{"damage":31,"enemies":"Gremlin Leader","floor":24,"turns":8},{"damage":37,"enemies":"Slavers","floor":28,"turns":3},{"damage":23,"enemies":"Book of Stabbing","floor":31,"turns":5},{"damage":23,"enemies":"Champ","floor":33,"turns":11},{"damage":16,"enemies":"3 Shapes","floor":35,"turns":6},{"damage":47,"enemies":"3 Darklings","floor":38,"turns":7},{"damage":36,"enemies":"Sphere and 2 Shapes","floor":40,"turns":9},{"damage":56,"enemies":"Reptomancer","floor":42,"turns":2}],"seed_played":"-3152066099434262920","potions_obtained":[{"floor":4,"key":"Fire Potion"},{"floor":16,"key":"Explosive Potion"},{"floor":22,"key":"Fire Potion"},{"floor":24,"key":"SteroidPotion"},{"floor":28,"key":"FocusPotion"},{"floor":31,"key":"LiquidBronze"},{"floor":40,"key":"PowerPotion"}],"is_trial":false,"path_per_floor":["M","M","?","M","?","E","?","E","T","R","$","?","M","E","R","B",null,"M","?","M","M","M","R","E","R","T","$","E","?","R","E","R","B",null,"M","?","?","M","?","M","R","E"],"character_chosen":"DEFECT","items_purchased":["Strawberry","Boot","Omamori","Dramatic Entrance"],"campfire_rested":7,"item_purchase_floors":[11,11,27,27],"current_hp_per_floor":[64,64,64,64,69,45,45,38,38,62,69,69,57,39,65,33,74,64,64,39,11,8,46,15,56,56,56,19,19,52,37,60,49,57,45,45,45,36,36,18,54,0],"gold":342,"neow_bonus":"THREE_RARE_CARDS","is_prod":false,"is_daily":false,"chose_seed":false,"campfire_upgraded":0,"win_rate":0,"timestamp":1558861989,"path_taken":["M","M","?","?","?","E","?","E","T","R","$","?","M","E","R","BOSS","M","?","M","M","M","R","E","R","T","$","E","?","R","E","R","BOSS","M","?","?","M","?","?","R","E"],"build_version":"2019-01-23","purchased_purges":0,"victory":false,"max_hp_per_floor":[75,75,75,75,80,80,80,80,80,80,87,87,87,87,87,87,87,87,87,87,87,87,87,87,87,87,87,87,60,60,60,60,60,60,60,60,60,60,60,60,60,60],"card_choices":[{"not_picked":["Buffer","Fission"],"picked":"Echo Form","floor":0},{"not_picked":["Rebound","Fusion"],"picked":"Chill","floor":1},{"not_picked":["Auto Shields","Stack"],"picked":"Streamline","floor":2},{"not_picked":["Hologram","Beam Cell"],"picked":"Ball Lightning","floor":4},{"not_picked":["Scrape","Steam Power","Fusion"],"picked":"SKIP","floor":6},{"not_picked":["Rebound","Leap"],"picked":"Rip and Tear","floor":8},{"not_picked":["Rebound","Redo"],"picked":"Rainbow","floor":13},{"not_picked":["Gash","Rebound"],"picked":"Blizzard","floor":14},{"not_picked":["Rainbow","Thunder Strike"],"picked":"Buffer","floor":16},{"not_picked":["Force Field","Sunder"],"picked":"Doom and Gloom","floor":18},{"not_picked":["Steam","Genetic Algorithm"],"picked":"Conserve Battery","floor":20},{"not_picked":["Turbo","Redo"],"picked":"Defragment","floor":21},{"not_picked":["Meteor Strike","Darkness"],"picked":"Auto Shields","floor":22},{"not_picked":["Beam Cell+1","Skim"],"picked":"Coolheaded","floor":24},{"not_picked":["Streamline","Reprogram+1"],"picked":"Auto Shields","floor":28},{"not_picked":["Hello World","Consume"],"picked":"Lockon","floor":31},{"not_picked":["Reboot","Rainbow"],"picked":"Seek","floor":33},{"not_picked":["Storm","Coolheaded"],"picked":"Defragment","floor":35},{"not_picked":["Madness","Deep Breath"],"picked":"Discovery","floor":37},{"not_picked":["Sweeping Beam","Beam Cell","Stack"],"picked":"SKIP","floor":38},{"not_picked":["Compile Driver","Conserve Battery"],"picked":"White Noise+1","floor":40}],"player_experience":546331,"relics_obtained":[{"floor":6,"key":"Old Coin"},{"floor":8,"key":"Dodecahedron"},{"floor":9,"key":"Bottled Tornado"},{"floor":14,"key":"Nunchaku"},{"floor":24,"key":"Cables"},{"floor":26,"key":"Ornamental Fan"},{"floor":28,"key":"Happy Flower"},{"floor":31,"key":"Orichalcum"}],"event_choices":[{"damage_healed":0,"gold_gain":0,"cards_transformed":["Strike_B"],"player_choice":"Transformed","damage_taken":0,"max_hp_gain":0,"max_hp_loss":0,"event_name":"Transmorgrifier","floor":3,"gold_loss":0,"cards_obtained":["Lockon"]},{"damage_healed":0,"gold_gain":0,"player_choice":"Donut","damage_taken":0,"max_hp_gain":5,"max_hp_loss":0,"event_name":"Big Fish","floor":5,"gold_loss":0},{"damage_healed":0,"gold_gain":71,"player_choice":"Gained Gold","damage_taken":0,"max_hp_gain":0,"max_hp_loss":0,"event_name":"Golden Wing","floor":7,"gold_loss":0},{"damage_healed":0,"gold_gain":0,"player_choice":"1 cards matched","damage_taken":0,"max_hp_gain":0,"max_hp_loss":0,"event_name":"Match and Keep!","floor":12,"gold_loss":0,"cards_obtained":["Seek"]},{"damage_healed":0,"gold_gain":0,"player_choice":"Ignored","damage_taken":0,"max_hp_gain":0,"max_hp_loss":0,"event_name":"Ghosts","floor":19,"gold_loss":0},{"damage_healed":0,"gold_gain":0,"player_choice":"Became a vampire","damage_taken":0,"max_hp_gain":0,"max_hp_loss":27,"event_name":"Vampires","floor":29,"gold_loss":0,"cards_obtained":["Bite","Bite","Bite","Bite","Bite"]},{"damage_healed":0,"gold_gain":0,"player_choice":"Ignored","damage_taken":0,"max_hp_gain":0,"max_hp_loss":0,"event_name":"Tomb of Lord Red Mask","floor":36,"gold_loss":0},{"damage_healed":0,"gold_gain":0,"player_choice":"Memory 1","damage_taken":0,"max_hp_gain":0,"max_hp_loss":0,"event_name":"SensoryStone","floor":37,"gold_loss":0},{"damage_healed":0,"gold_gain":0,"player_choice":"Ignored","damage_taken":0,"max_hp_gain":0,"max_hp_loss":0,"event_name":"Mysterious Sphere","floor":39,"gold_loss":0}],"is_beta":false,"boss_relics":[{"not_picked":["White Beast Statue","Snecko Eye"],"picked":"Eternal Feather"},{"not_picked":["Runic Pyramid","Philosopher\u0027s Stone"],"picked":"Lizard Tail"}],"items_purged_floors":[],"is_endless":false,"potions_floor_spawned":[4,16,22,24,28,31,40],"killed_by":"Reptomancer","ascension_level":13}