{"gold_per_floor":[117,134,114,125,49,76,76,90,113,113,28,28,57,71,71,150,150,166,47,60,3,13,13,13],"floor_reached":24,"playtime":2622,"items_purged":["Strike_G"],"score":412,"play_id":"a4fb8b1c-e787-4c2c-b124-dfb1ac5bbbaa","local_time":"20190524221126","is_ascension_mode":true,"campfire_choices":[{"floor":7.0,"key":"REST"},{"data":"Neutralize","floor":10.0,"key":"SMITH"},{"data":"Dagger Spray","floor":12.0,"key":"SMITH"},{"data":"Well Laid Plans","floor":15.0,"key":"SMITH"},{"floor":23,"key":"REST"}],"neow_cost":"NONE","seed_source_timestamp":30285391621900,"circlet_count":0,"master_deck":["AscendersBane","Defend_G","Defend_G","Defend_G","Defend_G","Defend_G","Strike_G","Strike_G","Strike_G","Strike_G","Survivor","Neutralize+1","Well Laid Plans+1","Bouncing Flask","Flying Knee","Quick Slash","Terror","Cloak And Dagger","Backflip","Dagger Spray+1","Bouncing Flask","After Image","Caltrops","Infinite Blades","Leg Sweep"],"special_seed":0,"relics":["Ring of the Snake","Oddly Smooth Stone","Vajra","Lantern","Snecko Eye"],"potions_floor_usage":[22],"damage_taken":[{"damage":1.0,"enemies":"2 Louse","floor":1.0,"turns":4.0},{"damage":3.0,"enemies":"Cultist","floor":2.0,"turns":4.0},{"damage":4.0,"enemies":"Small Slimes","floor":4.0,"turns":4.0},{"damage":30.0,"enemies":"Lagavulin","floor":6.0,"turns":5.0},{"damage":25.0,"enemies":"Gremlin Gang","floor":8.0,"turns":5.0},{"damage":11.0,"enemies":"3 Sentries","floor":13.0,"turns":4.0},{"damage":0.0,"enemies":"2 Fungi Beasts","floor":14.0,"turns":2.0},{"damage":9.0,"enemies":"The Guardian","floor":16.0,"turns":9.0},{"damage":16.0,"enemies":"Shell Parasite","floor":18.0,"turns":4.0},{"damage":8.0,"enemies":"Chosen","floor":20.0,"turns":4.0},{"damage":7,"enemies":"Centurion and Healer","floor":22,"turns":6},{"damage":43,"enemies":"Slavers","floor":24,"turns":3}],"seed_played":"-4156358299529895719","potions_obtained":[{"floor":2.0,"key":"FearPotion"},{"floor":3.0,"key":"SteroidPotion"},{"floor":4.0,"key":"PowerPotion"},{"floor":6.0,"key":"Regen Potion"},{"floor":14.0,"key":"FearPotion"},{"floor":18.0,"key":"FearPotion"}],"is_trial":false,"path_per_floor":["M","M","?","M","$","E","R","M","T","R","$","R","E","M","R","B",null,"M","$","M","$","M","R","E"],"character_chosen":"THE_SILENT","items_purchased":["Terror","Dagger Spray","SteroidPotion","Infinite Blades","Fire Potion"],"campfire_rested":2,"item_purchase_floors":[5,11,11,19,21],"current_hp_per_floor":[58,55,55,51,51,21,40,30,30,30,30,30,19,19,19,10,52,36,36,28,28,21,40,0],"gold":13,"neow_bonus":"THREE_CARDS","is_prod":false,"is_daily":false,"chose_seed":false,"campfire_upgraded":3,"win_rate":0,"timestamp":1558761086,"path_taken":["M","M","?","M","$","E","R","M","T","R","$","R","E","?","R","BOSS","M","$","M","?","M","R","E"],"build_version":"2019-01-23","purchased_purges":1,"victory":false,"max_hp_per_floor":[66,66,66,66,66,66,66,66,66,66,66,66,66,66,66,66,66,66,66,66,66,66,66,66],"card_choices":[{"not_picked":["Leg Sweep","Slice"],"picked":"Well Laid Plans","floor":0.0},{"not_picked":["Underhanded Strike","Sucker Punch"],"picked":"Bouncing Flask","floor":1.0},{"not_picked":["Slice","Tactician"],"picked":"Flying Knee","floor":2.0},{"not_picked":["Prepared","Deflect"],"picked":"Quick Slash","floor":4.0},{"not_picked":["Escape Plan","Outmaneuver"],"picked":"Cloak And Dagger","floor":6.0},{"not_picked":["Flying Knee","Outmaneuver"],"picked":"Backflip","floor":8.0},{"not_picked":["Choke","Tactician","Dagger Throw"],"picked":"SKIP","floor":13.0},{"not_picked":["Deflect","Underhanded Strike"],"picked":"Bouncing Flask","floor":14.0},{"not_picked":["Storm of Steel","Venomology"],"picked":"After Image","floor":16.0},{"not_picked":["Dagger Spray+1","Endless Agony"],"picked":"Caltrops","floor":18.0},{"not_picked":["Prepared","Cloak And Dagger"],"picked":"Leg Sweep","floor":20.0},{"not_picked":["Flying Knee","Dagger Throw","Tactician"],"picked":"SKIP","floor":22}],"player_experience":1445906,"relics_obtained":[{"floor":6.0,"key":"Oddly Smooth Stone"},{"floor":9.0,"key":"Vajra"},{"floor":13.0,"key":"Lantern"}],"event_choices":[{"damage_healed":0.0,"max_hp_gain":0.0,"max_hp_loss":0.0,"gold_gain":0.0,"event_name":"The Woman in Blue","player_choice":"Bought 1 Potion","floor":3.0,"gold_loss":0.0,"damage_taken":0.0}],"is_beta":false,"boss_relics":[{"not_picked":["Black Star","Ring of the Serpent"],"picked":"Snecko Eye"}],"items_purged_floors":[19],"is_endless":false,"potions_floor_spawned":[2,4,6,14,18],"killed_by":"Slavers","ascension_level":20}