{"path_per_floor":["M","?","M","?","T","R","?","M","T","R","M","$","R","?","R","B",null,"M","$","M","M","$","E","R","M","T","?","T","M","?"],"character_chosen":"THE_SILENT","items_purchased":["Noxious Fumes","Dagger Spray","Terror","Apotheosis","Footwork","Deadly Poison","Cloak And Dagger"],"gold_per_floor":[111,111,125,225,281,281,281,294,321,321,331,159,159,221,221,322,322,335,11,25,36,11,36,36,55,355,355,355,366,366],"floor_reached":31,"campfire_rested":1,"playtime":1674,"current_hp_per_floor":[69,74,74,74,74,74,74,74,74,74,74,74,74,63,63,29,75,55,55,55,40,40,17,39,10,10,10,10,2,2],"items_purged":[],"gold":366,"score":243,"play_id":"a3addc8d-56b9-47e3-b996-fac9d8c09ecc","is_prod":false,"is_daily":false,"is_ascension_mode":false,"campfire_upgraded":4,"path_taken":["M","?","M","?","?","R","?","?","T","R","M","$","R","?","R","BOSS","M","$","M","?","$","E","R","M","T","?","?","M","?","M"],"build_version":"2018-02-22-PROD2","purchased_purges":0,"victory":false,"master_deck":["Defend_G+1","Defend_G+1","Defend_G+1","Defend_G+1","Defend_G+1","Strike_G+1","Strike_G+1","Strike_G+1","Strike_G+1","Strike_G+1","Survivor","Neutralize+1","Dagger Spray+1","Poisoned Stab","Prepared","Backflip+1","Noxious Fumes+1","Dagger Spray","Terror","Poisoned Stab","Adrenaline","Quick Slash","Apotheosis+1","Footwork","Deadly Poison","Deadly Poison","Deadly Poison+1","Cloak And Dagger","Backflip","Escape Plan+1","Flying Knee+1"],"max_hp_per_floor":[70,75,75,75,75,75,75,75,75,75,75,75,75,75,75,75,75,75,75,75,75,75,75,75,75,75,75,75,75,75],"relics":["Ring of the Snake","Omamori","Tiny Chest","Orichalcum","Kunai","Lizard Tail","Darkstone Periapt","Old Coin","Thread and Needle"],"card_choices":[{"not_picked":["Finisher","Blade Dance"],"picked":"Dagger Spray"},{"not_picked":["All Out Attack","Dagger Spray"],"picked":"Poisoned Stab"},{"not_picked":["Concentrate","PiercingWail"],"picked":"Prepared"},{"not_picked":["All Out Attack","Choke"],"picked":"Backflip"},{"not_picked":["Acrobatics","Reflex"],"picked":"Poisoned Stab"},{"not_picked":["Night Terror","Venomology"],"picked":"Adrenaline"},{"not_picked":["Outmaneuver","Flying Knee"],"picked":"Quick Slash"},{"not_picked":["Tactician","Outmaneuver"],"picked":"Deadly Poison"},{"not_picked":["Calculated Gamble","Dagger Throw"],"picked":"Deadly Poison"},{"not_picked":["Riddle With Holes","Dodge and Roll"],"picked":"Backflip"},{"not_picked":["Predator","Flechettes"],"picked":"Escape Plan"},{"not_picked":["Dodge and Roll","Masterful Stab"],"picked":"Flying Knee"}],"player_experience":114077,"potions_floor_usage":[14,16,20,21,23,31],"damage_taken":[{"damage":1,"enemies":"Cultist","floor":1,"turns":4},{"damage":0,"enemies":"Small Slimes","floor":3,"turns":4},{"damage":0,"enemies":"Jaw Worm","floor":8,"turns":4},{"damage":0,"enemies":"3 Louse","floor":11,"turns":2},{"damage":11,"enemies":"3 Sentries","floor":14,"turns":4},{"damage":34,"enemies":"Slime Boss","floor":16,"turns":10},{"damage":20,"enemies":"Spheric Guardian","floor":18,"turns":6},{"damage":0,"enemies":"3 Byrds","floor":20,"turns":4},{"damage":15,"enemies":"3 Cultists","floor":21,"turns":4},{"damage":63,"enemies":"Slavers","floor":23,"turns":6},{"damage":29,"enemies":"Slaver and Parasite","floor":25,"turns":7},{"damage":8,"enemies":"Snake Plant","floor":29,"turns":4},{"damage":7,"enemies":"Centurion and Healer","floor":31,"turns":1}],"event_choices":[{"event_name":"Big Fish","player_choice":"Donut","floor":2,"damage_taken":0},{"event_name":"Golden Shrine","player_choice":"Pray","floor":4,"damage_taken":0},{"event_name":"Golden Wing","player_choice":"Ignored","floor":7,"damage_taken":0},{"event_name":"Dead Adventurer","player_choice":"Searched \u00271\u0027 times","floor":14,"damage_taken":0},{"event_name":"Back to Basics","player_choice":"Simplicity","floor":27,"damage_taken":0},{"event_name":"Upgrade Shrine","player_choice":"Upgraded","floor":30,"damage_taken":0}],"boss_relics":[{"not_picked":["Cursed Key","Orrery"],"picked":"Lizard Tail"}],"potions_floor_spawned":[1,3,16,20,21,29],"seed_played":"4628063692889571397","killed_by":"Centurion and Healer","ascension_level":0,"is_trial":false}