{"gold_per_floor":[99,112,64,64,64,94,94,111,111,111,141,151,23,40,40,140,140,150,150,139,154,354,354],"floor_reached":23,"playtime":1043,"items_purged":[],"score":211,"play_id":"4f64199d-1f3d-4526-b73b-72b9bca50758","local_time":"20180629170131","is_ascension_mode":true,"campfire_choices":[{"floor":7,"key":"REST"},{"floor":15,"key":"DIG"}],"neow_cost":"","seed_source_timestamp":2064115286901,"circlet_count":0,"master_deck":["Strike_R","Strike_R","Strike_R","Strike_R","Strike_R","Defend_R","Defend_R","Defend_R","Defend_R","Bash","Cleave","Ghostly Armor","Armaments","Bash","Iron Wave","True Grit","Flex","Uppercut","Impervious","Juggernaut+1","Juggernaut+1","Feel No Pain+1","Heavy Blade","Armaments","Iron Wave","Uppercut","Limit Break","Writhe","Combust+1","Shrug It Off"],"relics":["Burning Blood","Frozen Egg 2","Ancient Tea Set","The Courier","Shovel","Lantern","Orrery","Kunai"],"potions_floor_usage":[6,11,16,16,18,21,23],"damage_taken":[{"damage":7,"enemies":"Small Slimes","floor":1,"turns":4},{"damage":6,"enemies":"Cultist","floor":2,"turns":3},{"damage":33,"enemies":"Lagavulin","floor":6,"turns":8},{"damage":1,"enemies":"Jaw Worm","floor":8,"turns":2},{"damage":23,"enemies":"Gremlin Nob","floor":11,"turns":5},{"damage":8,"enemies":"Red Slaver","floor":12,"turns":3},{"damage":4,"enemies":"Exordium Wildlife","floor":14,"turns":4},{"damage":53,"enemies":"Slime Boss","floor":16,"turns":13},{"damage":15,"enemies":"Chosen","floor":18,"turns":6},{"damage":14,"enemies":"2 Thieves","floor":20,"turns":4},{"damage":51,"enemies":"Sentry and Sphere","floor":21,"turns":9},{"damage":29,"enemies":"Slavers","floor":23,"turns":2}],"seed_played":"368733471966905524","potions_obtained":[{"floor":2,"key":"LiquidBronze"},{"floor":8,"key":"LiquidBronze"},{"floor":11,"key":"Weak Potion"},{"floor":12,"key":"SpeedPotion"},{"floor":16,"key":"AttackPotion"},{"floor":18,"key":"Explosive Potion"},{"floor":21,"key":"Strength Potion"}],"is_trial":false,"path_per_floor":["M","M","$","?","?","E","R","M","T","?","E","M","$","M","R","B",null,"M","?","M","M","?"],"character_chosen":"IRONCLAD","items_purchased":["Armaments","Impervious"],"campfire_rested":1,"item_purchase_floors":[3,13],"current_hp_per_floor":[79,79,79,72,72,45,69,74,74,80,63,61,61,63,63,16,80,71,71,63,18,18,0],"gold":354,"neow_bonus":"","is_prod":false,"is_daily":false,"chose_seed":false,"campfire_upgraded":0,"win_rate":0,"timestamp":1530284491,"path_taken":["M","M","$","?","?","E","R","M","T","?","E","M","$","?","R","BOSS","M","?","M","M","?","E"],"build_version":"2018-06-28","purchased_purges":0,"victory":false,"max_hp_per_floor":[80,80,80,80,80,80,80,80,80,80,80,80,80,80,80,80,80,80,80,80,80,80,80],"card_choices":[{"not_picked":["Body Slam","Clash"],"picked":"Cleave","floor":1},{"not_picked":["Perfected Strike","Armaments"],"picked":"Ghostly Armor","floor":2},{"not_picked":["Wild Strike","Evolve+1"],"picked":"True Grit","floor":6},{"not_picked":["Blood for Blood","Burning Pact"],"picked":"Rupture+1","floor":8},{"not_picked":["Body Slam","Pommel Strike"],"picked":"Flex","floor":11},{"not_picked":["Thunderclap","True Grit"],"picked":"Uppercut","floor":12},{"not_picked":["Bloodletting","Wild Strike"],"picked":"Juggernaut+1","floor":14},{"not_picked":["Bludgeon","Double Tap"],"picked":"Juggernaut+1","floor":16},{"not_picked":["Cleave","Headbutt"],"picked":"Feel No Pain+1","floor":17},{"not_picked":["Body Slam","Cleave"],"picked":"Heavy Blade","floor":17},{"not_picked":["Whirlwind","True Grit"],"picked":"Armaments","floor":17},{"not_picked":["Dual Wield","Searing Blow"],"picked":"Iron Wave","floor":17},{"not_picked":["Pummel","Armaments"],"picked":"Uppercut","floor":17},{"not_picked":["Heavy Blade","Cleave"],"picked":"Limit Break","floor":18},{"not_picked":["True Grit","Anger"],"picked":"Combust+1","floor":20},{"not_picked":["Power Through","Twin Strike"],"picked":"Shrug It Off","floor":21}],"player_experience":132102,"relics_obtained":[{"floor":6,"key":"Ancient Tea Set"},{"floor":9,"key":"The Courier"},{"floor":11,"key":"Shovel"},{"floor":15,"key":"Lantern"}],"event_choices":[{"event_name":"Scrap Ooze","player_choice":"success","floor":4,"damage_taken":7},{"event_name":"Match and Keep!","player_choice":"2 cards matched","floor":5,"damage_taken":0},{"event_name":"Bonfire Elementals","player_choice":"UNCOMMON","floor":10,"damage_taken":0},{"event_name":"The Mausoleum","player_choice":"Yes","floor":19,"damage_taken":0},{"event_name":"The Joust","player_choice":"Bet on Owner","floor":22,"damage_taken":0}],"boss_relics":[{"not_picked":["Lizard Tail","Ectoplasm"],"picked":"Orrery"}],"items_purged_floors":[],"is_endless":false,"potions_floor_spawned":[2,8,11,12,16,18,21],"killed_by":"Slavers","ascension_level":1}