{"gold_per_floor":[111,15,34,51,51,51,51,51,133,133,113,131,145,169,169,289,289,303,276,320,320,340,340,361,385,385,385,385,429,447,468,468,594,594,618,637,184,208,231,231,231,231,231,256,156,176,509,539,539,539],"floor_reached":51,"playtime":2717,"items_purged":["Strike_R","Strike_R"],"score":818,"play_id":"6f17d041-e6d2-48ae-88e7-a06c4f61bb05","local_time":"20181102193531","is_ascension_mode":true,"campfire_choices":[{"data":"Iron Wave","floor":6,"key":"SMITH"},{"data":"Shrug It Off","floor":8,"key":"SMITH"},{"data":"Bash","floor":10,"key":"SMITH"},{"data":"Iron Wave","floor":15,"key":"SMITH"},{"data":"Rage","floor":23,"key":"SMITH"},{"floor":28,"key":"REST"},{"floor":32,"key":"REST"},{"data":"Body Slam","floor":40,"key":"SMITH"},{"data":"Pommel Strike","floor":42,"key":"SMITH"},{"data":"Defend_R","floor":49,"key":"SMITH"}],"neow_cost":"NONE","seed_source_timestamp":776849090101025,"circlet_count":0,"master_deck":["Strike_R","Strike_R","Strike_R","Defend_R","Defend_R","Defend_R+1","Defend_R+1","Bash+1","Clash","Pommel Strike+1","Iron Wave+1","Shrug It Off+1","Pommel Strike+1","Iron Wave+1","Clash","Entrench+1","Sever Soul+1","Rage+1","Trip","Bloodletting+1","Armaments+1","Warcry+1","Double Tap+1","Ghostly Armor+1","True Grit+1","Offering+1","Violence+1","Body Slam+1","Havoc+1","True Grit+1","Clash+1","Headbutt+1"],"relics":["Burning Blood","NeowsBlessing","Mercury Hourglass","Lizard Tail","Red Mask","Shuriken","Toxic Egg 2","Cursed Key","Bronze Scales"],"potions_floor_usage":[19,20,22,33,50,50,50],"damage_taken":[{"damage":0,"enemies":"Cultist","floor":1,"turns":1},{"damage":0,"enemies":"Jaw Worm","floor":3,"turns":1},{"damage":0,"enemies":"Small Slimes","floor":4,"turns":1},{"damage":0,"enemies":"3 Louse","floor":12,"turns":2},{"damage":8,"enemies":"Exordium Thugs","floor":13,"turns":4},{"damage":0,"enemies":"2 Fungi Beasts","floor":14,"turns":2},{"damage":11,"enemies":"Slime Boss","floor":16,"turns":10},{"damage":9,"enemies":"Shell Parasite","floor":18,"turns":5},{"damage":15,"enemies":"2 Thieves","floor":19,"turns":5},{"damage":15,"enemies":"Masked Bandits","floor":20,"turns":4},{"damage":25,"enemies":"Snake Plant","floor":22,"turns":6},{"damage":13,"enemies":"Shelled Parasite and Fungi","floor":24,"turns":5},{"damage":26,"enemies":"Cultist and Chosen","floor":25,"turns":5},{"damage":21,"enemies":"Book of Stabbing","floor":29,"turns":5},{"damage":22,"enemies":"Sentry and Sphere","floor":30,"turns":5},{"damage":11,"enemies":"Snake Plant","floor":31,"turns":4},{"damage":36,"enemies":"Automaton","floor":33,"turns":11},{"damage":0,"enemies":"3 Shapes","floor":35,"turns":4},{"damage":12,"enemies":"3 Darklings","floor":36,"turns":6},{"damage":4,"enemies":"Sphere and 2 Shapes","floor":38,"turns":5},{"damage":13,"enemies":"Transient","floor":39,"turns":5},{"damage":11,"enemies":"Spire Growth","floor":44,"turns":4},{"damage":6,"enemies":"Jaw Worm Horde","floor":46,"turns":4},{"damage":6,"enemies":"Reptomancer","floor":48,"turns":2},{"damage":91,"enemies":"Time Eater","floor":50,"turns":12}],"seed_played":"-4610529497403423536","potions_obtained":[{"floor":4,"key":"SteroidPotion"},{"floor":11,"key":"SmokeBomb"},{"floor":14,"key":"BloodPotion"},{"floor":19,"key":"Fruit Juice"},{"floor":25,"key":"SteroidPotion"},{"floor":31,"key":"Dexterity Potion"},{"floor":33,"key":"Block Potion"},{"floor":36,"key":"SteroidPotion"},{"floor":38,"key":"AttackPotion"}],"is_trial":false,"path_per_floor":["M","$","M","M","?","R","?","R","T","R","?","M","M","M","R","B",null,"M","M","?","?","M","R","M","M","T","?","R","E","M","M","R","B",null,"M","M","$","M","M","R","?","R","T","M","$","M","?","E","R","B",null],"character_chosen":"IRONCLAD","items_purchased":["Pommel Strike","PowerPotion","True Grit+1","AttackPotion","Offering+1","Violence+1"],"campfire_rested":2,"item_purchase_floors":[2,2,37,37,37,37],"current_hp_per_floor":[80,80,80,80,60,60,44,44,44,44,44,50,48,54,54,49,80,77,73,64,64,53,53,46,26,26,26,51,36,20,15,40,10,85,85,79,79,81,74,74,85,85,85,80,80,80,80,80,80,48],"gold":539,"neow_bonus":"THREE_ENEMY_KILL","is_prod":false,"is_daily":false,"chose_seed":false,"campfire_upgraded":8,"win_rate":0,"timestamp":1541212531,"path_taken":["M","$","?","M","?","R","?","R","T","R","?","M","M","M","R","BOSS","M","M","?","?","M","R","M","?","T","?","R","E","M","M","R","BOSS","M","M","$","M","M","R","?","R","T","?","$","M","?","E","R","BOSS"],"build_version":"2018-11-01","purchased_purges":2,"victory":true,"max_hp_per_floor":[80,80,80,80,80,80,80,80,80,80,80,80,80,80,80,80,80,80,85,85,85,85,85,85,85,85,85,85,85,85,85,85,85,85,85,85,85,85,85,85,85,85,85,85,85,85,85,85,85,85],"card_choices":[{"not_picked":["Anger","Twin Strike"],"picked":"Clash","floor":1},{"not_picked":["Corruption","Warcry"],"picked":"Iron Wave","floor":3},{"not_picked":["Second Wind","Heavy Blade"],"picked":"Shrug It Off","floor":4},{"not_picked":["Havoc","Hemokinesis"],"picked":"Pommel Strike","floor":12},{"not_picked":["Shrug It Off","Hemokinesis"],"picked":"Iron Wave","floor":13},{"not_picked":["Evolve","Iron Wave"],"picked":"Clash","floor":14},{"not_picked":["Clothesline+1","Pommel Strike"],"picked":"Entrench","floor":18},{"not_picked":["Infernal Blade","Blood for Blood","Clothesline"],"picked":"SKIP","floor":19},{"not_picked":["Anger","Twin Strike"],"picked":"Sever Soul+1","floor":20},{"not_picked":["Power Through","Dropkick"],"picked":"Rage","floor":22},{"not_picked":["Infernal Blade","Warcry","Clothesline"],"picked":"SKIP","floor":24},{"not_picked":["Flex","Rupture","Sever Soul"],"picked":"SKIP","floor":25},{"not_picked":["Feel No Pain+1","Warcry"],"picked":"Bloodletting","floor":29},{"not_picked":["Uppercut","Evolve"],"picked":"Armaments+1","floor":30},{"not_picked":["Feel No Pain","Rampage"],"picked":"Warcry+1","floor":31},{"not_picked":["Impervious+1","Feed"],"picked":"Double Tap+1","floor":33},{"not_picked":["Fire Breathing","Headbutt+1"],"picked":"Ghostly Armor+1","floor":35},{"not_picked":["Warcry+1","Wild Strike+1","Feel No Pain+1"],"picked":"SKIP","floor":36},{"not_picked":["Havoc+1","Perfected Strike"],"picked":"Body Slam","floor":38},{"not_picked":["Rage+1","Pommel Strike"],"picked":"Havoc+1","floor":39},{"not_picked":["Armaments+1","Perfected Strike"],"picked":"True Grit+1","floor":44},{"not_picked":["Armaments+1","Inflame+1"],"picked":"Clash+1","floor":46},{"not_picked":["Twin Strike+1","Whirlwind"],"picked":"Headbutt+1","floor":48}],"player_experience":159422,"relics_obtained":[{"floor":9,"key":"Mercury Hourglass"},{"floor":20,"key":"Red Mask"},{"floor":26,"key":"Shuriken"},{"floor":29,"key":"Toxic Egg 2"},{"floor":48,"key":"Bronze Scales"}],"event_choices":[{"damage_healed":0,"gold_gain":0,"player_choice":"Take Damage","damage_taken":20,"relics_obtained":["Golden Idol"],"max_hp_gain":0,"max_hp_loss":0,"event_name":"Golden Idol","floor":5,"gold_loss":0},{"damage_healed":0,"gold_gain":0,"player_choice":"Entered Light","damage_taken":16,"max_hp_gain":0,"max_hp_loss":0,"event_name":"Shining Light","floor":7,"gold_loss":0,"cards_upgraded":["Pommel Strike","Defend_R"]},{"damage_healed":0,"gold_gain":0,"player_choice":"Bought 1 Potion","damage_taken":0,"max_hp_gain":0,"max_hp_loss":0,"event_name":"The Woman in Blue","floor":11,"gold_loss":0},{"damage_healed":0,"gold_gain":0,"player_choice":"Fought Bandits","damage_taken":0,"max_hp_gain":0,"max_hp_loss":0,"event_name":"Masked Bandits","floor":20,"gold_loss":0},{"damage_healed":0,"gold_gain":0,"player_choice":"Forge","damage_taken":0,"max_hp_gain":0,"max_hp_loss":0,"event_name":"Accursed Blacksmith","floor":21,"gold_loss":0,"cards_upgraded":["Entrench"]},{"damage_healed":0,"gold_gain":0,"player_choice":"1 cards matched","damage_taken":0,"max_hp_gain":0,"max_hp_loss":0,"event_name":"Match and Keep!","floor":27,"gold_loss":0,"cards_obtained":["Trip"]},{"damage_healed":11,"gold_gain":0,"player_choice":"Full Heal","damage_taken":0,"max_hp_gain":0,"max_hp_loss":0,"event_name":"Wheel of Change","floor":41,"gold_loss":0},{"damage_healed":0,"gold_gain":333,"player_choice":"Gave Idol","damage_taken":0,"max_hp_gain":0,"max_hp_loss":0,"event_name":"The Moai Head","floor":47,"relics_lost":["Golden Idol"],"gold_loss":0}],"is_beta":false,"boss_relics":[{"not_picked":["White Beast Statue","Runic Dome"],"picked":"Lizard Tail"},{"not_picked":["Black Star","Runic Pyramid"],"picked":"Cursed Key"}],"items_purged_floors":[37,45],"is_endless":false,"potions_floor_spawned":[4,14,19,25,31,33,36,38,39,48],"ascension_level":3}