{"gold_per_floor":[109,109,109,184,184,223,223,237,237,280,305,62,162,175,175,175],"floor_reached":16,"playtime":547,"items_purged":[],"score":124,"play_id":"e5135cc0-d00e-4e14-955a-0679d364366d","local_time":"20181123222609","is_ascension_mode":true,"campfire_choices":[{"floor":7,"key":"REST"},{"floor":15,"key":"REST"}],"neow_cost":"CURSE","seed_source_timestamp":756925276800,"circlet_count":0,"master_deck":["Strike_B","Strike_B","Strike_B","Strike_B","Defend_B","Defend_B","Defend_B","Defend_B","Zap","Dualcast","Jack Of All Trades","Mind Blast","Decay","Streamline","Capacitor","Storm","Glacier","Coolheaded","Seek"],"relics":["Cracked Core","Golden Idol","Dodecahedron","Blood Vial","Juzu Bracelet","Oddly Smooth Stone","Mercury Hourglass"],"potions_floor_usage":[10,16,16],"damage_taken":[{"damage":16,"enemies":"Jaw Worm","floor":1,"turns":3},{"damage":39,"enemies":"Lagavulin","floor":6,"turns":6},{"damage":2,"enemies":"2 Louse","floor":8,"turns":2},{"damage":28,"enemies":"Gremlin Nob","floor":10,"turns":4},{"damage":2,"enemies":"Small Slimes","floor":11,"turns":3},{"damage":0,"enemies":"2 Fungi Beasts","floor":14,"turns":3},{"damage":36,"enemies":"Hexaghost","floor":16,"turns":11}],"seed_played":"8727513411175040809","potions_obtained":[{"floor":6,"key":"SteroidPotion"},{"floor":11,"key":"Poison Potion"},{"floor":14,"key":"Ancient Potion"}],"is_trial":false,"path_per_floor":["M","?","?","?","?","E","R","M","T","E","M","$","?","M","R","B"],"character_chosen":"DEFECT","items_purchased":["Mercury Hourglass"],"campfire_rested":2,"item_purchase_floors":[12],"current_hp_per_floor":[59,41,38,27,52,13,35,35,35,9,9,9,9,11,33,0],"gold":175,"neow_bonus":"RANDOM_COLORLESS_2","is_prod":false,"is_daily":false,"chose_seed":false,"campfire_upgraded":0,"win_rate":0,"timestamp":1543008369,"path_taken":["M","?","?","?","?","E","R","M","T","E","M","$","?","M","R","BOSS"],"build_version":"2018-11-15","purchased_purges":0,"victory":false,"max_hp_per_floor":[75,75,75,75,75,75,75,75,75,75,75,75,75,75,75,75],"card_choices":[{"not_picked":["Steam Power","Redo"],"picked":"Streamline","floor":1},{"not_picked":["Redo","Hello World"],"picked":"Capacitor","floor":6},{"not_picked":["Stack","Rebound"],"picked":"Storm","floor":8},{"not_picked":["Ball Lightning","Blizzard"],"picked":"Glacier","floor":10},{"not_picked":["Static Discharge","Compile Driver"],"picked":"Coolheaded","floor":11},{"not_picked":["Skim","Coolheaded"],"picked":"Seek","floor":14}],"player_experience":256767,"relics_obtained":[{"floor":6,"key":"Blood Vial"},{"floor":9,"key":"Juzu Bracelet"},{"floor":10,"key":"Oddly Smooth Stone"}],"event_choices":[{"damage_healed":0,"gold_gain":0,"player_choice":"Take Damage","damage_taken":18,"relics_obtained":["Golden Idol"],"max_hp_gain":0,"max_hp_loss":0,"event_name":"Golden Idol","floor":2,"gold_loss":0},{"damage_healed":0,"gold_gain":0,"player_choice":"Success","damage_taken":3,"relics_obtained":["Dodecahedron"],"max_hp_gain":0,"max_hp_loss":0,"event_name":"Scrap Ooze","floor":3,"gold_loss":0},{"damage_healed":0,"gold_gain":75,"player_choice":"Gather Gold","damage_taken":11,"max_hp_gain":0,"max_hp_loss":0,"event_name":"World of Goop","floor":4,"gold_loss":0},{"damage_healed":25,"gold_gain":0,"player_choice":"Banana","damage_taken":0,"max_hp_gain":0,"max_hp_loss":0,"event_name":"Big Fish","floor":5,"gold_loss":0},{"damage_healed":0,"gold_gain":100,"player_choice":"Gold","damage_taken":0,"max_hp_gain":0,"max_hp_loss":0,"event_name":"Wheel of Change","floor":13,"gold_loss":0}],"is_beta":false,"boss_relics":[],"items_purged_floors":[],"is_endless":false,"potions_floor_spawned":[6,11,14],"killed_by":"Hexaghost","ascension_level":3}