{"gold_per_floor":[116,116,116,129,144,183,143,143,220,244,244,244],"floor_reached":12,"playtime":328,"items_purged":[],"score":152,"play_id":"4aa9761f-282e-410c-9a71-3a20e805ceb1","local_time":"20190207225458","is_ascension_mode":true,"campfire_choices":[{"floor":11,"key":"REST"}],"neow_cost":"NONE","seed_source_timestamp":1456109478412960,"circlet_count":0,"master_deck":["AscendersBane","Strike_R","Strike_R","Strike_R","Strike_R","Defend_R","Defend_R","Defend_R","Defend_R","Bash","Sword Boomerang","Clothesline","Injury","Iron Wave","Seeing Red","Sentinel","Seeing Red"],"relics":["Burning Blood","NeowsBlessing","Golden Idol","Blue Candle","Kunai","Tiny Chest"],"potions_floor_usage":[6],"damage_taken":[{"damage":0,"enemies":"Small Slimes","floor":1,"turns":1},{"damage":0,"enemies":"Jaw Worm","floor":4,"turns":1},{"damage":0,"enemies":"2 Louse","floor":5,"turns":2},{"damage":45,"enemies":"Gremlin Nob","floor":6,"turns":5},{"damage":6,"enemies":"Looter","floor":10,"turns":3},{"damage":68,"enemies":"Lagavulin","floor":12,"turns":9}],"seed_played":"628226484509647542","potions_obtained":[{"floor":5,"key":"Swift Potion"}],"is_trial":false,"path_per_floor":["M","?","?","M","M","E","?","T","T","M","R","E"],"character_chosen":"IRONCLAD","items_purchased":[],"campfire_rested":1,"item_purchase_floors":[],"current_hp_per_floor":[74,74,74,75,75,36,36,36,36,36,58,0],"gold":244,"neow_bonus":"THREE_ENEMY_KILL","is_prod":false,"is_daily":false,"chose_seed":false,"campfire_upgraded":0,"win_rate":0,"timestamp":1549572898,"path_taken":["M","?","?","M","M","E","?","?","T","M","R","E"],"build_version":"2019-02-06","purchased_purges":0,"victory":false,"max_hp_per_floor":[75,75,75,75,75,75,75,75,75,75,75,75],"card_choices":[{"not_picked":["Havoc","Flex"],"picked":"Sword Boomerang","floor":1},{"not_picked":["Evolve","Spot Weakness"],"picked":"Iron Wave","floor":4},{"not_picked":["Pommel Strike","Sword Boomerang"],"picked":"Seeing Red","floor":5},{"not_picked":["Heavy Blade","Armaments"],"picked":"Sentinel","floor":6},{"not_picked":["Thunderclap","Evolve"],"picked":"Seeing Red","floor":10}],"player_experience":435899,"relics_obtained":[{"floor":6,"key":"Blue Candle"},{"floor":8,"key":"Kunai"},{"floor":9,"key":"Tiny Chest"}],"event_choices":[{"damage_healed":0,"gold_gain":0,"cards_transformed":["Strike_R"],"player_choice":"Change","damage_taken":0,"max_hp_gain":0,"max_hp_loss":0,"event_name":"Living Wall","floor":2,"gold_loss":0,"cards_obtained":["Clothesline"]},{"damage_healed":0,"gold_gain":0,"player_choice":"Take Wound","damage_taken":0,"relics_obtained":["Golden Idol"],"max_hp_gain":0,"max_hp_loss":0,"event_name":"Golden Idol","floor":3,"gold_loss":0,"cards_obtained":["Injury"]},{"damage_healed":0,"gold_gain":0,"player_choice":"Left Gold","damage_taken":0,"max_hp_gain":0,"max_hp_loss":0,"event_name":"World of Goop","floor":7,"gold_loss":40}],"is_beta":true,"boss_relics":[],"items_purged_floors":[],"is_endless":false,"potions_floor_spawned":[5],"killed_by":"Lagavulin","ascension_level":19}