{"path_per_floor":["M","?","M","?","T","R","?","?","T","?","$","M","M","M","R"],"character_chosen":"THE_SILENT","items_purchased":["Well Laid Plans","Flying Knee","Leg Sweep","Mind Blast","Dagger Spray"],"gold_per_floor":[111,111,127,127,177,177,177,252,275,343,34,34,52,70,70,70],"floor_reached":16,"campfire_rested":1,"playtime":1370,"item_purchase_floors":[11,11,11,11,11],"current_hp_per_floor":[64,64,64,64,64,64,50,39,39,39,39,39,35,35,56,0],"items_purged":[],"gold":70,"score":90,"play_id":"ce430649-286f-4595-a007-19041719e9b7","local_time":"20180602231939","is_prod":false,"is_daily":false,"chose_seed":false,"is_ascension_mode":false,"campfire_upgraded":1,"win_rate":0.0,"timestamp":1527974379,"campfire_choices":[{"data":"PiercingWail","floor":6,"key":"SMITH"},{"floor":15,"key":"REST"}],"path_taken":["M","?","M","?","?","R","?","?","T","?","$","M","M","M","R","BOSS"],"build_version":"2018-05-31","seed_source_timestamp":27290576754306,"purchased_purges":0,"victory":false,"master_deck":["Defend_G","Defend_G+1","Defend_G+1","Defend_G","Defend_G","Strike_G","Strike_G","Strike_G","Strike_G","Strike_G","Survivor","Neutralize+1","PiercingWail+1","Predator","Swift Strike","Dagger Spray","Well Laid Plans","Flying Knee","Leg Sweep","Mind Blast","Dagger Spray","Underhanded Strike","Crippling Poison"],"max_hp_per_floor":[70,70,70,70,70,70,70,70,70,70,70,70,70,70,70,70],"relics":["Ring of the Snake","Juzu Bracelet","Potion Belt"],"card_choices":[{"not_picked":["Dagger Spray","Quick Slash"],"picked":"PiercingWail","floor":1},{"not_picked":["Underhanded Strike","Deadly Poison"],"picked":"Dagger Spray","floor":3},{"not_picked":["PiercingWail","Backflip","Poisoned Stab"],"picked":"SKIP","floor":12},{"not_picked":["Expertise","Wraith Form v2"],"picked":"Underhanded Strike","floor":13},{"not_picked":["Leg Sweep","Flying Knee"],"picked":"Crippling Poison","floor":14}],"player_experience":22782,"potions_floor_usage":[16],"damage_taken":[{"damage":6,"enemies":"Jaw Worm","floor":1,"turns":4},{"damage":0,"enemies":"Cultist","floor":3,"turns":3},{"damage":0,"enemies":"Small Slimes","floor":12,"turns":1},{"damage":4,"enemies":"Looter","floor":13,"turns":3},{"damage":0,"enemies":"Large Slime","floor":14,"turns":3},{"damage":56,"enemies":"Hexaghost","floor":16,"turns":14}],"relics_obtained":[{"floor":5,"key":"Juzu Bracelet"},{"floor":9,"key":"Potion Belt"}],"event_choices":[{"event_name":"Match and Keep!","player_choice":"2 cards matched","floor":2,"damage_taken":0},{"event_name":"The Cleric","player_choice":"Leave","floor":4,"damage_taken":0},{"event_name":"Shining Light","player_choice":"Entered Light","floor":7,"damage_taken":0},{"event_name":"World of Goop","player_choice":"Gather Gold","floor":8,"damage_taken":0},{"event_name":"Golden Wing","player_choice":"Gained Gold","floor":10,"damage_taken":0}],"boss_relics":[],"items_purged_floors":[],"potions_floor_spawned":[14],"seed_played":"-9124836110086985960","killed_by":"Hexaghost","ascension_level":0,"potions_obtained":[{"floor":14,"key":"Ancient Potion"}],"is_trial":false}