{"gold_per_floor":[110,285,210,224,224,249,249,267,291,291,319,319,339,358,358,463,463,478,478,658,143,170,170],"floor_reached":23,"playtime":1207,"items_purged":["Doubt","Normality"],"score":227,"play_id":"19bbe0e1-18f9-4d0e-82c2-32305e208b13","local_time":"20180915192359","is_ascension_mode":true,"campfire_choices":[{"floor":7,"key":"REST"},{"data":"Chill","floor":10,"key":"SMITH"},{"floor":12,"key":"REST"},{"data":"Consume","floor":15,"key":"SMITH"}],"neow_cost":"NONE","seed_source_timestamp":10835694214900,"circlet_count":0,"master_deck":["Strike_B","Strike_B","Strike_B","Defend_B","Defend_B","Defend_B","Defend_B","Zap","Dualcast","Chill+1","Ball Lightning","Beam Cell","Consume+1","Machine Learning","Self Repair","Undo","Cold Snap","Ball Lightning","Creative AI","Doubt","Pain","Melter+1","RitualDagger","Secret Weapon","Defragment","Cold Snap"],"relics":["Cracked Core","Dream Catcher","Potion Belt","Art of War","Calling Bell","Regal Pillow","Ornamental Fan","WingedGreaves","Bag of Preparation","Red Mask"],"potions_floor_usage":[11,11,16,18,18,18,18,22,22,22],"damage_taken":[{"damage":1,"enemies":"Cultist","floor":1,"turns":3},{"damage":0,"enemies":"Small Slimes","floor":4,"turns":2},{"damage":30,"enemies":"Gremlin Nob","floor":6,"turns":4},{"damage":9,"enemies":"Jaw Worm","floor":8,"turns":4},{"damage":21,"enemies":"Lagavulin","floor":11,"turns":6},{"damage":6,"enemies":"Lots of Slimes","floor":13,"turns":5},{"damage":10,"enemies":"Blue Slaver","floor":14,"turns":3},{"damage":41,"enemies":"Hexaghost","floor":16,"turns":11},{"damage":14,"enemies":"Chosen","floor":18,"turns":6},{"damage":22,"enemies":"Masked Bandits","floor":22,"turns":5},{"damage":46,"enemies":"Slavers","floor":23,"turns":6}],"seed_played":"7356408945149509836","potions_obtained":[{"floor":6,"key":"FocusPotion"},{"floor":8,"key":"Explosive Potion"},{"floor":14,"key":"Swift Potion"},{"floor":16,"key":"EntropicBrew"},{"floor":18,"key":"Explosive Potion"},{"floor":22,"key":"Swift Potion"}],"is_trial":false,"path_per_floor":["M","?","$","M","?","E","R","M","T","R","E","R","M","M","R","B",null,"M","?","?","$","?"],"character_chosen":"DEFECT","items_purchased":["Secret Weapon","Defragment","Bag of Preparation"],"campfire_rested":2,"item_purchase_floors":[21,21,21],"current_hp_per_floor":[74,74,74,74,75,45,67,58,58,58,37,59,60,57,57,23,75,73,67,46,46,45,0],"gold":170,"neow_bonus":"TRANSFORM_CARD","is_prod":false,"is_daily":false,"chose_seed":false,"campfire_upgraded":2,"win_rate":0,"timestamp":1537032239,"path_taken":["M","?","$","?","?","E","R","M","T","R","E","R","M","M","R","BOSS","M","?","?","$","?","E"],"build_version":"2018-09-06","purchased_purges":2,"victory":false,"max_hp_per_floor":[75,75,75,75,75,75,75,75,75,75,75,75,75,75,75,75,75,75,75,75,75,75,75],"card_choices":[{"not_picked":["Conserve Battery","Aggregate"],"picked":"Chill","floor":1},{"not_picked":["Rebound","Turbo"],"picked":"Ball Lightning","floor":4},{"not_picked":["Aggregate","Conserve Battery"],"picked":"Beam Cell","floor":6},{"not_picked":["Steam","BootSequence"],"picked":"Consume","floor":7},{"not_picked":["Redo","Chaos"],"picked":"Machine Learning","floor":8},{"not_picked":["Hello World","Turbo"],"picked":"Self Repair","floor":11},{"not_picked":["Stack","Chill"],"picked":"Undo","floor":12},{"not_picked":["Sunder","Conserve Battery"],"picked":"Cold Snap","floor":13},{"not_picked":["Steam","Stack"],"picked":"Ball Lightning","floor":14},{"not_picked":["Amplify","All For One"],"picked":"Creative AI","floor":16},{"not_picked":["Force Field","Hello World"],"picked":"Melter+1","floor":18},{"not_picked":["Recycle","Barrage"],"picked":"Cold Snap","floor":22}],"player_experience":218368,"relics_obtained":[{"floor":6,"key":"Dream Catcher"},{"floor":9,"key":"Potion Belt"},{"floor":11,"key":"Art of War"},{"floor":17,"key":"Regal Pillow"},{"floor":17,"key":"Ornamental Fan"},{"floor":17,"key":"WingedGreaves"},{"floor":22,"key":"Red Mask"}],"event_choices":[{"event_name":"Liars Game","player_choice":"agreed","floor":2,"damage_taken":0},{"event_name":"Bonfire Elementals","player_choice":"UNCOMMON","floor":5,"damage_taken":0},{"event_name":"Nest","player_choice":"Joined the Cult","floor":19,"damage_taken":0},{"event_name":"Knowing Skull","player_choice":"GOLD GOLD ","floor":20,"damage_taken":0},{"event_name":"Masked Bandits","player_choice":"Fought Bandits","floor":22,"damage_taken":0}],"is_beta":false,"boss_relics":[{"not_picked":["Orrery","Philosopher\u0027s Stone"],"picked":"Calling Bell"}],"items_purged_floors":[3,21],"is_endless":false,"potions_floor_spawned":[6,8,14,16,18,22],"killed_by":"Slavers","ascension_level":3}