{"gold_per_floor":[117,192,192,192,212,242,254,281,293,104,104,124,49,89,89,219,219,243,263,263,263,287,330,345,365,365,365],"floor_reached":27,"playtime":1473,"items_purged":["Injury"],"score":280,"play_id":"de87f850-70be-4187-bd9a-bed948fd14ab","local_time":"20181101000857","is_ascension_mode":true,"campfire_choices":[{"floor":7,"key":"REST"},{"floor":15,"key":"REST"}],"neow_cost":"NONE","seed_source_timestamp":9479016517300,"circlet_count":0,"master_deck":["Defend_G","Defend_G","Defend_G","Defend_G","Defend_G","Strike_G","Strike_G","Strike_G","Strike_G","Strike_G","Survivor","Neutralize","Storm of Steel","Backflip","Blade Dance","Cloak And Dagger","Backflip","Masterful Stab+1","Dagger Spray+1","Corpse Explosion","Dash+1","Flying Knee+1","Backstab+1","Pain","Acrobatics","Dash+1","Malaise","Slice+1"],"relics":["Ring of the Serpent","Molten Egg 2","MawBank","Darkstone Periapt","Toolbox","Golden Idol","Pear","WarpedTongs","Vajra","Letter Opener"],"potions_floor_usage":[6,14,14,14,22,23,23,24,27],"damage_taken":[{"damage":10,"enemies":"Small Slimes","floor":1,"turns":5},{"damage":3,"enemies":"2 Louse","floor":5,"turns":2},{"damage":36,"enemies":"Gremlin Nob","floor":6,"turns":4},{"damage":0,"enemies":"Cultist","floor":8,"turns":5},{"damage":0,"enemies":"Exordium Wildlife","floor":12,"turns":1},{"damage":12,"enemies":"3 Sentries","floor":14,"turns":8},{"damage":60,"enemies":"Slime Boss","floor":16,"turns":16},{"damage":9,"enemies":"Shell Parasite","floor":18,"turns":4},{"damage":4,"enemies":"Chosen","floor":19,"turns":4},{"damage":12,"enemies":"Snake Plant","floor":22,"turns":5},{"damage":8,"enemies":"Slavers","floor":23,"turns":3},{"damage":7,"enemies":"3 Cultists","floor":24,"turns":4},{"damage":28,"enemies":"Cultist and Chosen","floor":25,"turns":6},{"damage":54,"enemies":"Gremlin Leader","floor":27,"turns":8}],"seed_played":"7883879025727204171","potions_obtained":[{"floor":5,"key":"LiquidBronze"},{"floor":8,"key":"GhostInAJar"},{"floor":12,"key":"EntropicBrew"},{"floor":19,"key":"Regen Potion"},{"floor":23,"key":"Explosive Potion"},{"floor":25,"key":"Regen Potion"}],"is_trial":false,"path_per_floor":["M","?","?","?","M","E","R","M","T","$","?","M","$","E","R","B",null,"M","M","?","?","M","E","M","M","T"],"character_chosen":"THE_SILENT","items_purchased":["Toolbox"],"campfire_rested":2,"item_purchase_floors":[10],"current_hp_per_floor":[60,49,46,46,43,7,28,28,28,28,34,34,34,47,72,12,86,77,73,73,79,67,68,61,33,33,0],"gold":365,"neow_bonus":"ONE_RANDOM_RARE_CARD","is_prod":false,"is_daily":false,"chose_seed":false,"campfire_upgraded":0,"win_rate":0,"timestamp":1541027337,"path_taken":["M","?","?","?","?","E","R","M","T","$","?","M","?","E","R","BOSS","M","M","?","?","M","E","M","?","T","E"],"build_version":"2018-10-25v2","purchased_purges":1,"victory":false,"max_hp_per_floor":[70,70,70,70,70,70,70,70,70,70,76,76,76,86,86,86,86,86,86,86,92,92,92,92,92,92,92],"card_choices":[{"not_picked":["Dodge and Roll","Dagger Spray"],"picked":"Backflip","floor":1},{"not_picked":["Catalyst","Prepared"],"picked":"Blade Dance","floor":5},{"not_picked":["Footwork","PiercingWail"],"picked":"Cloak And Dagger","floor":6},{"not_picked":["Bullet Time","Expertise"],"picked":"Backflip","floor":8},{"not_picked":["Underhanded Strike+1","Flying Knee+1"],"picked":"Masterful Stab+1","floor":12},{"not_picked":["Crippling Poison","Noxious Fumes"],"picked":"Dagger Spray+1","floor":14},{"not_picked":["Doppelganger","Night Terror"],"picked":"Corpse Explosion","floor":16},{"not_picked":["Bane+1","Underhanded Strike+1"],"picked":"Dash+1","floor":18},{"not_picked":["Catalyst","Heel Hook+1"],"picked":"Flying Knee+1","floor":19},{"not_picked":["Bane+1","Crippling Poison"],"picked":"Acrobatics","floor":22},{"not_picked":["Concentrate","Slice+1"],"picked":"Dash+1","floor":23},{"not_picked":["Sucker Punch+1","Flying Knee+1"],"picked":"Malaise","floor":24},{"not_picked":["Footwork","Prepared"],"picked":"Slice+1","floor":25}],"player_experience":254079,"relics_obtained":[{"floor":6,"key":"MawBank"},{"floor":9,"key":"Darkstone Periapt"},{"floor":14,"key":"Pear"},{"floor":23,"key":"Vajra"},{"floor":26,"key":"Letter Opener"}],"event_choices":[{"damage_healed":0,"gold_gain":75,"player_choice":"Gather Gold","damage_taken":11,"max_hp_gain":0,"max_hp_loss":0,"event_name":"World of Goop","floor":2,"gold_loss":0},{"damage_healed":0,"gold_gain":0,"player_choice":"Success","damage_taken":3,"relics_obtained":["Molten Egg 2"],"max_hp_gain":0,"max_hp_loss":0,"event_name":"Scrap Ooze","floor":3,"gold_loss":0},{"damage_healed":0,"gold_gain":0,"player_choice":"Ignored","damage_taken":0,"max_hp_gain":0,"max_hp_loss":0,"event_name":"Golden Wing","floor":4,"gold_loss":0},{"damage_healed":0,"gold_gain":0,"player_choice":"Take Wound","damage_taken":0,"relics_obtained":["Golden Idol"],"max_hp_gain":0,"max_hp_loss":0,"event_name":"Golden Idol","floor":11,"gold_loss":0,"cards_obtained":["Injury"]},{"damage_healed":0,"gold_gain":0,"player_choice":"Read","damage_taken":0,"max_hp_gain":0,"max_hp_loss":0,"event_name":"The Library","floor":20,"gold_loss":0,"cards_obtained":["Backstab"]},{"damage_healed":0,"gold_gain":0,"player_choice":"Rummage","damage_taken":0,"relics_obtained":["WarpedTongs"],"max_hp_gain":0,"max_hp_loss":0,"event_name":"Accursed Blacksmith","floor":21,"gold_loss":0,"cards_obtained":["Pain"]}],"is_beta":false,"boss_relics":[{"not_picked":["Astrolabe","Busted Crown"],"picked":"Ring of the Serpent"}],"items_purged_floors":[13],"is_endless":false,"potions_floor_spawned":[5,8,12,19,23,25],"killed_by":"Gremlin Leader","ascension_level":1}