{"path_per_floor":["M","M","M","?","M","R","M","M","T","?","M","?","M","?","R"],"character_chosen":"THE_SILENT","items_purchased":[],"gold_per_floor":[20,34,49,49,66,66,80,100,100,100,111,111,129,129,129,129],"floor_reached":16,"campfire_rested":1,"playtime":1349,"item_purchase_floors":[],"current_hp_per_floor":[70,70,64,64,56,56,56,56,56,42,25,25,19,19,40,0],"items_purged":[],"gold":129,"score":96,"play_id":"b6ef013d-8fff-479c-830c-33eac0c1652f","local_time":"20180618231941","is_prod":false,"is_daily":false,"chose_seed":false,"is_ascension_mode":false,"campfire_upgraded":1,"win_rate":0,"timestamp":1529356781,"campfire_choices":[{"data":"Die Die Die","floor":6,"key":"SMITH"},{"floor":15,"key":"REST"}],"path_taken":["M","M","M","?","M","R","M","M","T","?","M","?","M","?","R","BOSS"],"build_version":"2018-06-14v2","seed_source_timestamp":16488938945181,"purchased_purges":0,"victory":false,"master_deck":["Defend_G","Defend_G","Defend_G","Defend_G","Strike_G","Strike_G","Strike_G","Strike_G","Strike_G","Survivor","Neutralize","Die Die Die+1","Well Laid Plans+1","Deflect","Dagger Spray","Burst+1","Dagger Throw","Outmaneuver","Footwork","Neutralize","Reflex"],"max_hp_per_floor":[70,70,70,70,70,70,70,70,70,70,70,70,70,70,70,70],"relics":["Ring of the Snake","Bottled Lightning"],"card_choices":[{"not_picked":["Wraith Form v2","Tools of the Trade"],"picked":"Die Die Die","floor":0},{"not_picked":["Underhanded Strike","Dagger Throw"],"picked":"Well Laid Plans","floor":1},{"not_picked":["Acrobatics","Backflip"],"picked":"Deflect","floor":2},{"not_picked":["Flying Knee","Expertise"],"picked":"Dagger Spray","floor":3},{"not_picked":["Expertise","Outmaneuver"],"picked":"Burst","floor":5},{"not_picked":["Bane","Dagger Spray"],"picked":"Dagger Throw","floor":7},{"not_picked":["Masterful Stab","Deadly Poison"],"picked":"Outmaneuver","floor":8},{"not_picked":["Blur","Accuracy"],"picked":"Footwork","floor":11},{"not_picked":["Prepared","Well Laid Plans"],"picked":"Reflex","floor":13}],"player_experience":102294,"potions_floor_usage":[3,11,16],"damage_taken":[{"damage":0,"enemies":"Small Slimes","floor":1,"turns":2},{"damage":0,"enemies":"Cultist","floor":2,"turns":4},{"damage":6,"enemies":"2 Louse","floor":3,"turns":2},{"damage":8,"enemies":"Blue Slaver","floor":5,"turns":3},{"damage":0,"enemies":"2 Fungi Beasts","floor":7,"turns":2},{"damage":0,"enemies":"3 Louse","floor":8,"turns":2},{"damage":17,"enemies":"Large Slime","floor":11,"turns":6},{"damage":6,"enemies":"Red Slaver","floor":13,"turns":5},{"damage":45,"enemies":"Hexaghost","floor":16,"turns":14}],"relics_obtained":[{"floor":9,"key":"Bottled Lightning"}],"event_choices":[{"event_name":"Purifier","player_choice":"One Purge","floor":4,"damage_taken":0},{"event_name":"Shining Light","player_choice":"Entered Light","floor":10,"damage_taken":0},{"event_name":"Match and Keep!","player_choice":"1 cards matched","floor":12,"damage_taken":0},{"event_name":"Liars Game","player_choice":"disagreed","floor":14,"damage_taken":0}],"boss_relics":[],"items_purged_floors":[],"is_endless":false,"potions_floor_spawned":[2,3,13],"seed_played":"-282941822620445830","killed_by":"Hexaghost","ascension_level":0,"potions_obtained":[{"floor":2,"key":"AttackPotion"},{"floor":3,"key":"Poison Potion"},{"floor":13,"key":"Ancient Potion"}],"is_trial":false}