{"gold_per_floor":[116,116,64,139,139,139,89,89,168,178,178,178,188,188,188,288,288,300,160,177,191,106,133,133],"floor_reached":24,"playtime":2853,"items_purged":[],"score":202,"play_id":"ac1d143a-a74f-42e4-bd5f-39223dcc092d","local_time":"20190522194443","is_ascension_mode":false,"campfire_choices":[{"data":"Quick Slash","floor":6.0,"key":"SMITH"},{"data":"Survivor","floor":12.0,"key":"SMITH"},{"data":"Infinite Blades","floor":15.0,"key":"SMITH"}],"neow_cost":"NONE","seed_source_timestamp":0,"circlet_count":0,"master_deck":["Defend_G","Defend_G","Defend_G","Defend_G","Strike_G","Strike_G","Strike_G","Survivor+1","Neutralize+1","Quick Slash+1","Deadly Poison+1","Poisoned Stab+1","Infinite Blades+1","Phantasmal Killer","Eviscerate+1","Blade Dance+1","Tools of the Trade+1","Flying Knee+1","Flash of Steel+1","Outmaneuver","Slice+1","Slice+1","Leg Sweep"],"special_seed":0,"relics":["Ring of the Snake","Molten Egg 2","Pantograph","Bottled Lightning","Astrolabe","Kunai","PreservedInsect"],"potions_floor_usage":[21,23,24,24],"damage_taken":[{"damage":7.0,"enemies":"Jaw Worm","floor":1.0,"turns":6.0},{"damage":0.0,"enemies":"2 Louse","floor":10.0,"turns":2.0},{"damage":0.0,"enemies":"Small Slimes","floor":13.0,"turns":2.0},{"damage":23.0,"enemies":"Hexaghost","floor":16.0,"turns":9.0},{"damage":10.0,"enemies":"Shell Parasite","floor":18.0,"turns":4.0},{"damage":10.0,"enemies":"3 Byrds","floor":20.0,"turns":5.0},{"damage":15,"enemies":"Snake Plant","floor":21,"turns":4},{"damage":20,"enemies":"Gremlin Leader","floor":23,"turns":9},{"damage":18,"enemies":"Colosseum Slavers","floor":24,"turns":5},{"damage":16,"enemies":"Colosseum Nobs","floor":24,"turns":3}],"seed_played":"-833300565212627331","potions_obtained":[{"floor":13.0,"key":"Regen Potion"},{"floor":16.0,"key":"Poison Potion"},{"floor":18.0,"key":"SpeedPotion"},{"floor":23,"key":"GhostInAJar"}],"is_trial":false,"path_per_floor":["M","?","$","?","?","R","?","?","T","M","T","R","M","?","R","B",null,"M","$","M","M","?","E","?"],"character_chosen":"THE_SILENT","items_purchased":["Deadly Poison","Flash of Steel+1","Outmaneuver"],"campfire_rested":0,"item_purchase_floors":[3,19,19],"current_hp_per_floor":[70,70,70,59,59,59,59,59,59,59,59,59,59,59,59,54,77,67,67,57,51,51,31,0],"gold":133,"neow_bonus":"TEN_PERCENT_HP_BONUS","is_prod":false,"is_daily":false,"chose_seed":false,"campfire_upgraded":3,"win_rate":0.0,"timestamp":1558579483,"path_taken":["M","?","$","?","?","R","?","?","T","?","?","R","M","?","R","BOSS","M","$","M","M","?","E","?"],"build_version":"2019-01-23","purchased_purges":0,"victory":false,"max_hp_per_floor":[77,77,77,77,77,77,77,77,77,77,77,77,77,77,77,77,77,77,77,77,77,77,77,77],"card_choices":[{"not_picked":["Dagger Spray","All Out Attack"],"picked":"Quick Slash","floor":1.0},{"not_picked":["Finisher+1","Acrobatics"],"picked":"Poisoned Stab+1","floor":10.0},{"not_picked":["Backflip","Sucker Punch+1"],"picked":"Infinite Blades","floor":13.0},{"not_picked":["Malaise","Night Terror"],"picked":"Phantasmal Killer","floor":16.0},{"not_picked":["Poisoned Stab+1","Deflect"],"picked":"Flying Knee+1","floor":18.0},{"not_picked":["Dodge and Roll","Eviscerate+1"],"picked":"Slice+1","floor":20},{"not_picked":["Acrobatics","Quick Slash+1"],"picked":"Slice+1","floor":21},{"not_picked":["Dagger Throw+1","Envenom"],"picked":"Leg Sweep","floor":23}],"player_experience":7847,"relics_obtained":[{"floor":9.0,"key":"Pantograph"},{"floor":11.0,"key":"Bottled Lightning"},{"floor":23,"key":"PreservedInsect"}],"event_choices":[{"damage_healed":0.0,"max_hp_gain":0.0,"max_hp_loss":0.0,"gold_gain":0.0,"event_name":"Big Fish","player_choice":"Box","floor":2.0,"gold_loss":0.0,"damage_taken":0.0,"relics_obtained":["Molten Egg 2"],"cards_obtained":["Regret"]},{"damage_healed":0.0,"max_hp_gain":0.0,"max_hp_loss":0.0,"gold_gain":75.0,"event_name":"World of Goop","player_choice":"Gather Gold","floor":4.0,"gold_loss":0.0,"damage_taken":11.0},{"damage_healed":0.0,"max_hp_gain":0.0,"max_hp_loss":0.0,"gold_gain":0.0,"event_name":"Living Wall","player_choice":"Grow","floor":5.0,"gold_loss":0.0,"damage_taken":0.0,"cards_upgraded":["Neutralize"]},{"cards_removed":["Regret"],"damage_healed":0.0,"max_hp_gain":0.0,"max_hp_loss":0.0,"gold_gain":0.0,"event_name":"The Cleric","player_choice":"Card Removal","floor":7.0,"gold_loss":50.0,"damage_taken":0.0},{"damage_healed":0.0,"max_hp_gain":0.0,"max_hp_loss":0.0,"gold_gain":0.0,"event_name":"Accursed Blacksmith","player_choice":"Forge","floor":8.0,"gold_loss":0.0,"damage_taken":0.0,"cards_upgraded":["Deadly Poison"]},{"damage_healed":0.0,"max_hp_gain":0.0,"max_hp_loss":0.0,"gold_gain":0.0,"event_name":"Liars Game","player_choice":"Ignored","floor":14.0,"gold_loss":0.0,"damage_taken":0.0},{"damage_healed":0,"gold_gain":0,"player_choice":"Obtained Relic","damage_taken":0,"relics_obtained":["Kunai"],"max_hp_gain":0,"max_hp_loss":0,"event_name":"Addict","floor":22,"gold_loss":85},{"damage_healed":0,"gold_gain":0,"player_choice":"Fight","damage_taken":0,"max_hp_gain":0,"max_hp_loss":0,"event_name":"Colosseum","floor":24,"gold_loss":0},{"damage_healed":0,"gold_gain":0,"player_choice":"Fought Nobs","damage_taken":0,"max_hp_gain":0,"max_hp_loss":0,"event_name":"Colosseum","floor":24,"gold_loss":0}],"is_beta":false,"boss_relics":[{"not_picked":["Tiny House","White Beast Statue"],"picked":"Astrolabe"}],"items_purged_floors":[],"is_endless":false,"potions_floor_spawned":[13,16,18,23],"killed_by":"Colosseum Nobs","ascension_level":0}