{"gold_per_floor":[119,119,119,119,169,185,185,195,195,195,209,209,219,235,235,309,309,321,331,331,107,125,125,158,182,182,182,198,198],"floor_reached":29,"playtime":638,"items_purged":[],"score":423,"play_id":"366c889f-6bbe-4e5c-95cf-87b666ca50e2","local_time":"20190525231409","is_ascension_mode":true,"campfire_choices":[{"data":"Defragment","floor":7,"key":"SMITH"},{"data":"Sunder","floor":10,"key":"SMITH"},{"data":"Zap","floor":12,"key":"SMITH"},{"floor":15,"key":"REST"},{"floor":23,"key":"REST"}],"neow_cost":"NONE","seed_source_timestamp":815124334927556,"circlet_count":0,"master_deck":["AscendersBane","Strike_B","Strike_B","Strike_B","Defend_B","Defend_B","Defend_B","Zap+1","Dualcast+1","Coolheaded","Defragment+1","Sunder+1","Defragment","Buffer","Cold Snap","Coolheaded+1","Go for the Eyes","Defragment","FTL"],"relics":["Cracked Core","Vajra","Nuclear Battery","Runic Capacitor","Boot","Strawberry","Art of War"],"potions_floor_usage":[16,16,19,24],"damage_taken":[{"damage":5,"enemies":"Small Slimes","floor":1,"turns":3},{"damage":1,"enemies":"2 Louse","floor":6,"turns":2},{"damage":2,"enemies":"Cultist","floor":8,"turns":4},{"damage":0,"enemies":"Blue Slaver","floor":11,"turns":1},{"damage":8,"enemies":"Lots of Slimes","floor":13,"turns":4},{"damage":3,"enemies":"Exordium Thugs","floor":14,"turns":3},{"damage":45,"enemies":"Hexaghost","floor":16,"turns":7},{"damage":29,"enemies":"3 Byrds","floor":18,"turns":5},{"damage":7,"enemies":"Chosen","floor":19,"turns":4},{"damage":9,"enemies":"Shelled Parasite and Fungi","floor":22,"turns":6},{"damage":16,"enemies":"Book of Stabbing","floor":24,"turns":5},{"damage":14,"enemies":"Centurion and Healer","floor":28,"turns":7},{"damage":27,"enemies":"Snake Plant","floor":29,"turns":2}],"seed_played":"-8014684502518978702","potions_obtained":[{"floor":1,"key":"FocusPotion"},{"floor":8,"key":"EssenceOfSteel"},{"floor":16,"key":"Regen Potion"},{"floor":18,"key":"LiquidBronze"}],"is_trial":false,"path_per_floor":["M","?","$","?","?","M","R","M","T","R","M","R","M","M","R","B",null,"M","M","?","$","M","R","E","T","T","?","M","M"],"character_chosen":"DEFECT","items_purchased":["Runic Capacitor"],"campfire_rested":2,"item_purchase_floors":[21],"current_hp_per_floor":[59,59,59,59,59,58,58,56,56,56,56,56,48,45,66,21,59,30,35,35,35,26,47,31,38,38,38,24,0],"gold":198,"neow_bonus":"UPGRADE_CARD","is_prod":false,"is_daily":false,"chose_seed":false,"campfire_upgraded":3,"win_rate":0,"timestamp":1558797249,"path_taken":["M","?","$","?","?","M","R","M","T","R","M","R","M","M","R","BOSS","M","?","?","$","?","R","E","?","T","?","M","M"],"build_version":"2019-01-23","purchased_purges":0,"victory":false,"max_hp_per_floor":[71,71,71,71,71,71,71,71,71,71,71,71,71,71,71,71,71,71,71,71,71,71,71,71,78,78,78,78,78],"card_choices":[{"not_picked":["Darkness","Barrage"],"picked":"Coolheaded","floor":1},{"not_picked":["Aggregate","Cold Snap"],"picked":"Defragment","floor":6},{"not_picked":["Compile Driver","Barrage"],"picked":"Sunder","floor":8},{"not_picked":["Hologram","Darkness","Undo"],"picked":"SKIP","floor":11},{"not_picked":["Sunder","Doom and Gloom","Rip and Tear"],"picked":"SKIP","floor":13},{"not_picked":["Go for the Eyes","Coolheaded"],"picked":"Defragment","floor":14},{"not_picked":["Thunder Strike","Machine Learning"],"picked":"Buffer","floor":16},{"not_picked":["Sweeping Beam","Consume"],"picked":"Cold Snap","floor":18},{"not_picked":["Go for the Eyes","Gash"],"picked":"Coolheaded+1","floor":19},{"not_picked":["Turbo","Streamline"],"picked":"Defragment","floor":22},{"not_picked":["Double Energy","Sweeping Beam"],"picked":"FTL","floor":24},{"not_picked":["Ball Lightning","Stack","Coolheaded"],"picked":"SKIP","floor":28}],"player_experience":599119,"relics_obtained":[{"floor":9,"key":"Vajra"},{"floor":24,"key":"Boot"},{"floor":25,"key":"Strawberry"},{"floor":26,"key":"Art of War"}],"event_choices":[{"cards_removed":["Strike_B"],"damage_healed":0,"gold_gain":0,"player_choice":"Forget","damage_taken":0,"max_hp_gain":0,"max_hp_loss":0,"event_name":"Living Wall","floor":2,"gold_loss":0},{"damage_healed":0,"gold_gain":0,"player_choice":"Ignored","damage_taken":0,"max_hp_gain":0,"max_hp_loss":0,"event_name":"Liars Game","floor":4,"gold_loss":0},{"damage_healed":0,"gold_gain":50,"player_choice":"Pray","damage_taken":0,"max_hp_gain":0,"max_hp_loss":0,"event_name":"Golden Shrine","floor":5,"gold_loss":0},{"damage_healed":0,"gold_gain":0,"cards_transformed":["Defend_B"],"player_choice":"Transformed","damage_taken":0,"max_hp_gain":0,"max_hp_loss":0,"event_name":"Transmorgrifier","floor":20,"gold_loss":0,"cards_obtained":["Go for the Eyes"]},{"damage_healed":0,"gold_gain":0,"player_choice":"Ignored","damage_taken":0,"max_hp_gain":0,"max_hp_loss":0,"event_name":"Cursed Tome","floor":27,"gold_loss":0}],"is_beta":false,"boss_relics":[{"not_picked":["Tiny House","Philosopher\u0027s Stone"],"picked":"Nuclear Battery"}],"items_purged_floors":[],"is_endless":false,"potions_floor_spawned":[1,8,13,14,16,18],"killed_by":"Snake Plant","ascension_level":16}