{"path_per_floor":["M","?","M","?","M","M","M","M","T","M","$","T","R","M","R","B",null,"M","$","M","M"],"character_chosen":"THE_SILENT","items_purchased":["Question Card","Quick Slash","Dagger Spray"],"gold_per_floor":[119,194,210,210,223,238,256,270,297,312,32,32,32,50,50,150,150,120,72,87,97,97],"floor_reached":22,"campfire_rested":1,"playtime":2883,"item_purchase_floors":[11,11,19],"current_hp_per_floor":[69,58,56,61,61,57,52,39,39,38,38,38,60,60,60,14,75,54,54,44,16,0],"items_purged":[],"gold":97,"score":182,"play_id":"777c7aa5-76a2-49b4-aed6-817a76fe0f13","local_time":"20180607235749","is_prod":false,"is_daily":false,"chose_seed":false,"is_ascension_mode":false,"campfire_upgraded":1,"win_rate":0.0,"timestamp":1528408669,"campfire_choices":[{"floor":13,"key":"REST"},{"data":"Infinite Blades","floor":15,"key":"SMITH"}],"path_taken":["M","?","M","?","M","M","M","?","T","M","$","?","R","M","R","BOSS","M","$","M","M","M"],"build_version":"2018-05-31","seed_source_timestamp":940543810459,"purchased_purges":0,"victory":false,"master_deck":["Defend_G+1","Defend_G","Defend_G","Defend_G","Defend_G+1","Strike_G","Strike_G","Strike_G","Strike_G","Strike_G","Survivor","Neutralize","Distraction","Backstab","Crippling Poison","Infinite Blades+1","Noxious Fumes","Dash","Deflect","Quick Slash","Slice","Tools of the Trade","Prepared","Dagger Spray","Slice+1","PiercingWail"],"max_hp_per_floor":[70,70,70,75,75,75,75,75,75,75,75,75,75,75,75,75,75,75,75,75,75,75],"relics":["Ring of the Snake","War Paint","Question Card","Ancient Tea Set","Black Star"],"card_choices":[{"not_picked":["Finisher","Dodge and Roll"],"picked":"Distraction","floor":1},{"not_picked":["Cloak And Dagger","Deflect"],"picked":"Backstab","floor":3},{"not_picked":["Expertise","Acrobatics"],"picked":"Crippling Poison","floor":5},{"not_picked":["Skewer","Dagger Throw"],"picked":"Infinite Blades","floor":6},{"not_picked":["Dagger Spray","Underhanded Strike"],"picked":"Noxious Fumes","floor":7},{"not_picked":["Outmaneuver","Bane"],"picked":"Dash","floor":8},{"not_picked":["Leg Sweep","Catalyst"],"picked":"Deflect","floor":10},{"not_picked":["Distraction","Caltrops","Prepared"],"picked":"Slice","floor":14},{"not_picked":["A Thousand Cuts","Glass Knife","Burst"],"picked":"Tools of the Trade","floor":16},{"not_picked":["Quick Slash","Acrobatics","Flechettes"],"picked":"Prepared","floor":18},{"not_picked":["Blade Dance","Quick Slash","Deadly Poison"],"picked":"Slice+1","floor":20},{"not_picked":["Acrobatics+1","Burst","Calculated Gamble+1"],"picked":"PiercingWail","floor":21}],"player_experience":79517,"potions_floor_usage":[10,16,16,20,21,22],"damage_taken":[{"damage":1,"enemies":"Jaw Worm","floor":1,"turns":5},{"damage":2,"enemies":"Cultist","floor":3,"turns":5},{"damage":0,"enemies":"2 Louse","floor":5,"turns":2},{"damage":4,"enemies":"2 Fungi Beasts","floor":6,"turns":4},{"damage":5,"enemies":"Lots of Slimes","floor":7,"turns":4},{"damage":13,"enemies":"Red Slaver","floor":8,"turns":4},{"damage":1,"enemies":"2 Fungi Beasts","floor":10,"turns":4},{"damage":0,"enemies":"3 Louse","floor":14,"turns":2},{"damage":46,"enemies":"The Guardian","floor":16,"turns":9},{"damage":21,"enemies":"2 Thieves","floor":18,"turns":5},{"damage":10,"enemies":"Spheric Guardian","floor":20,"turns":7},{"damage":28,"enemies":"Snake Plant","floor":21,"turns":7},{"damage":16,"enemies":"Sentry and Sphere","floor":22,"turns":4}],"relics_obtained":[{"floor":9,"key":"War Paint"},{"floor":12,"key":"Ancient Tea Set"}],"event_choices":[{"event_name":"World of Goop","player_choice":"Gather Gold","floor":2,"damage_taken":0},{"event_name":"Big Fish","player_choice":"Donut","floor":4,"damage_taken":0}],"boss_relics":[{"not_picked":["Runic Dome","Cursed Key"],"picked":"Black Star"}],"items_purged_floors":[],"potions_floor_spawned":[1,6,8,10,18,21],"seed_played":"-8874885713766940880","killed_by":"Sentry and Sphere","ascension_level":0,"potions_obtained":[{"floor":1,"key":"SpeedPotion"},{"floor":6,"key":"SteroidPotion"},{"floor":8,"key":"Ancient Potion"},{"floor":10,"key":"Explosive Potion"},{"floor":18,"key":"Ancient Potion"},{"floor":21,"key":"Swift Potion"}],"is_trial":false}