{"gold_per_floor":[367,367,3,3,20,38,0,0,0,19,35,47,47,75,75,75],"floor_reached":16,"playtime":573,"items_purged":["Strike_R"],"score":168,"play_id":"06dd1ba4-f777-4fae-b885-c5b38a07a789","local_time":"20190512113022","is_ascension_mode":true,"campfire_choices":[{"data":"Armaments","floor":8,"key":"SMITH"},{"floor":13,"key":"REST"},{"data":"Whirlwind","floor":15,"key":"SMITH"}],"neow_cost":"PERCENT_DAMAGE","seed_source_timestamp":1275292529735334,"circlet_count":0,"master_deck":["AscendersBane","Strike_R","Strike_R","Strike_R","Strike_R","Defend_R","Defend_R","Defend_R","Defend_R","Bash","Body Slam","Entrench","Armaments+1","Whirlwind+1","Ghostly Armor","Seeing Red"],"relics":["Burning Blood","Charon\u0027s Ashes","NlothsMask","Bronze Scales"],"potions_floor_usage":[14],"damage_taken":[{"damage":6,"enemies":"Jaw Worm","floor":1,"turns":5},{"damage":1,"enemies":"Cultist","floor":5,"turns":4},{"damage":16,"enemies":"Small Slimes","floor":6,"turns":7},{"damage":7,"enemies":"Looter","floor":7,"turns":5},{"damage":6,"enemies":"Exordium Thugs","floor":10,"turns":4},{"damage":10,"enemies":"Lots of Slimes","floor":11,"turns":4},{"damage":2,"enemies":"Large Slime","floor":12,"turns":6},{"damage":32,"enemies":"Gremlin Nob","floor":14,"turns":5},{"damage":24,"enemies":"Hexaghost","floor":16,"turns":3}],"seed_played":"-3112856966651427872","potions_obtained":[{"floor":1,"key":"EssenceOfSteel"},{"floor":10,"key":"Explosive Potion"},{"floor":12,"key":"Block Potion"}],"is_trial":false,"path_per_floor":["M","?","$","?","M","M","M","R","T","M","M","M","R","E","R","B"],"character_chosen":"IRONCLAD","items_purchased":["Charon\u0027s Ashes"],"campfire_rested":1,"item_purchase_floors":[3],"current_hp_per_floor":[51,51,51,51,56,46,45,45,45,45,41,45,69,43,43,19],"gold":75,"neow_bonus":"TWO_FIFTY_GOLD","is_prod":false,"is_daily":false,"chose_seed":false,"campfire_upgraded":2,"win_rate":0,"timestamp":1557685822,"path_taken":["M","?","$","?","?","M","M","R","T","M","M","M","R","E","R","BOSS"],"build_version":"2019-01-23","purchased_purges":1,"victory":false,"max_hp_per_floor":[80,80,80,80,80,80,80,80,80,80,80,80,80,80,80,80],"card_choices":[{"not_picked":["Ghostly Armor","Wild Strike"],"picked":"Body Slam","floor":1},{"not_picked":["Metallicize","Anger"],"picked":"Entrench","floor":5},{"not_picked":["Flex","Intimidate"],"picked":"Armaments","floor":6},{"not_picked":["Clothesline","Limit Break"],"picked":"Whirlwind","floor":7},{"not_picked":["Havoc","Sword Boomerang"],"picked":"Ghostly Armor","floor":10},{"not_picked":["Power Through","Fire Breathing"],"picked":"Seeing Red","floor":11},{"not_picked":["Armaments","Cleave","Thunderclap"],"picked":"SKIP","floor":12},{"not_picked":["Flex","Wild Strike","Sword Boomerang"],"picked":"SKIP","floor":14}],"player_experience":379069,"relics_obtained":[{"floor":14,"key":"Bronze Scales"}],"event_choices":[{"damage_healed":0,"gold_gain":0,"player_choice":"Bought 0 Potions","damage_taken":0,"max_hp_gain":0,"max_hp_loss":0,"event_name":"The Woman in Blue","floor":2,"gold_loss":0},{"damage_healed":0,"gold_gain":0,"player_choice":"Trade","damage_taken":0,"relics_obtained":["NlothsMask"],"max_hp_gain":0,"max_hp_loss":0,"event_name":"FaceTrader","floor":4,"gold_loss":0}],"is_beta":false,"boss_relics":[],"items_purged_floors":[3],"is_endless":false,"potions_floor_spawned":[1,10,11,12],"killed_by":"Hexaghost","ascension_level":13}