{"path_per_floor":["M","M","?","?","?","E","M","M","T","M","M","T","$","M","R"],"character_chosen":"THE_SILENT","items_purchased":["Pen Nib","Corpse Explosion"],"gold_per_floor":[143,159,234,234,234,259,279,297,297,315,335,335,49,64,64],"floor_reached":16,"campfire_rested":1,"playtime":975,"current_hp_per_floor":[75,74,63,48,48,44,44,44,44,38,38,38,38,37,59],"items_purged":[],"gold":64,"play_id":"6bcaa885-28d6-40b0-9ac3-da9ed56140aa","is_prod":false,"is_daily":false,"is_ascension_mode":false,"campfire_upgraded":0,"path_taken":["M","M","?","?","?","E","?","M","T","M","M","?","$","M","R","BOSS"],"build_version":"2018-02-02-BETA1","purchased_purges":0,"victory":false,"master_deck":["Defend_G","Defend_G","Defend_G","Defend_G","Strike_G","Strike_G+1","Strike_G","Strike_G","Strike_G","Survivor","Neutralize","Poisoned Stab","Dagger Spray+1","Dodge and Roll+1","Deadly Poison+1","Underhanded Strike","Noxious Fumes","Prepared","Night Terror","Distraction","Corpse Explosion","Noxious Fumes"],"max_hp_per_floor":[75,75,75,75,75,75,75,75,75,75,75,75,75,75,75],"relics":["Tiny House","War Paint","Ice Cream","Girya","Pen Nib"],"card_choices":[{"not_picked":["Deadly Poison","Flying Knee"],"picked":"Poisoned Stab"},{"not_picked":["Sucker Punch","Terror"],"picked":"Dagger Spray"},{"not_picked":["Doppelganger","Terror"],"picked":"Dodge and Roll"},{"not_picked":["Backstab","Outmaneuver"],"picked":"Underhanded Strike"},{"not_picked":["Footwork","Outmaneuver"],"picked":"Noxious Fumes"},{"not_picked":["Backflip","Eviscerate"],"picked":"Prepared"},{"not_picked":["Slice","Caltrops"],"picked":"Night Terror"},{"not_picked":["Expertise","Acrobatics"],"picked":"Distraction"},{"not_picked":["Slice","Deadly Poison"],"picked":"Noxious Fumes"}],"player_experience":27791,"potions_floor_usage":[6,16,16,16,16],"damage_taken":[{"damage":0,"enemies":"Blue Slaver","floor":1,"turns":5},{"damage":1,"enemies":"Cultist","floor":2,"turns":4},{"damage":16,"enemies":"3 Sentries","floor":6,"turns":5},{"damage":0,"enemies":"Jaw Worm","floor":7,"turns":3},{"damage":0,"enemies":"Exordium Wildlife","floor":8,"turns":2},{"damage":6,"enemies":"3 Louse","floor":10,"turns":3},{"damage":0,"enemies":"2 Fungi Beasts","floor":11,"turns":3},{"damage":1,"enemies":"Lots of Slimes","floor":14,"turns":2},{"damage":59,"enemies":"Slime Boss","floor":16,"turns":7}],"event_choices":[{"event_name":"World of Goop","player_choice":"Gather Gold","floor":3,"damage_taken":0},{"event_name":"Shining Light","player_choice":"Entered Light","floor":4,"damage_taken":0},{"event_name":"Living Wall","player_choice":"Change","floor":5,"damage_taken":0}],"boss_relics":[],"potions_floor_spawned":[7,8,10,14],"seed_played":"7196110917521195344","killed_by":"Slime Boss","ascension_level":0,"is_trial":false}