{"path_per_floor":["M","$","?","M","M","E","?","R","T","E","?","E","M","M","R","B",null,"M","$","?","?","?","?","E","M","T","R","M","$","R","M","R","B",null,"M","?","?"],"character_chosen":"DEFECT","items_purchased":["Storm","Frozen Egg 2","Hello World","Regen Potion"],"gold_per_floor":[112,41,41,65,84,128,93,93,120,160,160,198,218,231,231,360,360,381,57,57,57,57,57,88,99,177,177,190,39,39,54,54,155,185,202,202,202,202],"floor_reached":38,"campfire_rested":5,"playtime":2735,"item_purchase_floors":[2,19,19,29],"current_hp_per_floor":[81,81,61,58,53,35,57,83,83,51,51,25,17,3,29,40,89,66,66,66,66,66,66,23,20,20,46,39,39,65,39,65,53,94,92,92,92,0],"items_purged":["Normality"],"gold":202,"score":517,"play_id":"5257c61f-7ae5-4e0d-bf4d-978bec2e0443","local_time":"20180526205508","is_prod":false,"is_daily":false,"chose_seed":false,"is_ascension_mode":true,"campfire_upgraded":0,"win_rate":0,"timestamp":1527357308,"campfire_choices":[{"floor":8,"key":"REST"},{"floor":15,"key":"REST"},{"floor":27,"key":"REST"},{"floor":30,"key":"REST"},{"floor":32,"key":"REST"}],"path_taken":["M","$","?","M","M","E","?","R","T","E","?","E","M","M","R","BOSS","M","$","?","?","?","?","E","M","T","R","M","?","R","?","R","BOSS","M","?","?","BOSS"],"build_version":"2018-05-25","seed_source_timestamp":767761274786211,"purchased_purges":1,"victory":false,"master_deck":["Strike_B","Strike_B","Strike_B","Strike_B","Defend_B","Defend_B","Defend_B","Defend_B","Zap","Dualcast","Rebound","Storm","Defragment","Static Discharge","Loop","Machine Learning+1","Stack","Cold Snap","Echo Form","Lockon","Hello World+1","Writhe","Zap+1","Rainbow+1","Storm+1","Hello World+1","Stack+1","Seek+1","Steam+1","Double Energy+1"],"max_hp_per_floor":[82,82,82,82,82,89,89,89,89,89,89,89,89,89,89,89,89,89,89,89,89,89,89,89,89,89,89,89,89,89,89,89,89,94,94,94,94,94],"relics":["Cracked Core","Strawberry","Anchor","Vajra","Pantograph","Cursed Key","Frozen Egg 2","Nloth\u0027s Gift","Toxic Egg 2","Mercury Hourglass","Darkstone Periapt","Tiny House"],"card_choices":[{"not_picked":["Redo","Conserve Battery"],"picked":"Rebound","floor":1},{"not_picked":["Beam Cell","Barrage"],"picked":"Defragment","floor":4},{"not_picked":["Redo","Auto Shields"],"picked":"Static Discharge","floor":5},{"not_picked":["Chill","Rebound"],"picked":"Loop","floor":6},{"not_picked":["Barrage","Rebound"],"picked":"Machine Learning","floor":10},{"not_picked":["Streamline","Beam Cell"],"picked":"Stack","floor":12},{"not_picked":["Turbo","Barrage"],"picked":"Cold Snap","floor":13},{"not_picked":["Barrage","Hologram","Multi-Cast"],"picked":"SKIP","floor":14},{"not_picked":["Rainbow","Fission"],"picked":"Echo Form","floor":16},{"not_picked":["Streamline","Genetic Algorithm"],"picked":"Lockon","floor":18},{"not_picked":["All For One","Echo Form+1"],"picked":"Rainbow+1","floor":24},{"not_picked":["Redo+1","Recycle+1"],"picked":"Storm+1","floor":25},{"not_picked":["Steam+1","Consume+1"],"picked":"Hello World+1","floor":28},{"not_picked":["Barrage+1","Compile Driver"],"picked":"Stack+1","floor":31},{"not_picked":["Rainbow+1","Reboot+1"],"picked":"Seek+1","floor":33},{"not_picked":["Rebound+1","Stack+1"],"picked":"Steam+1","floor":34},{"not_picked":["Go for the Eyes","Steam+1"],"picked":"Double Energy+1","floor":35}],"player_experience":234254,"potions_floor_usage":[10,12,14,24,28,38,38],"damage_taken":[{"damage":1,"enemies":"Cultist","floor":1,"turns":3},{"damage":3,"enemies":"2 Louse","floor":4,"turns":2},{"damage":5,"enemies":"Small Slimes","floor":5,"turns":3},{"damage":25,"enemies":"Lagavulin","floor":6,"turns":6},{"damage":32,"enemies":"Gremlin Nob","floor":10,"turns":4},{"damage":26,"enemies":"Lagavulin","floor":12,"turns":6},{"damage":8,"enemies":"3 Louse","floor":13,"turns":3},{"damage":14,"enemies":"Exordium Thugs","floor":14,"turns":4},{"damage":14,"enemies":"Slime Boss","floor":16,"turns":8},{"damage":23,"enemies":"Spheric Guardian","floor":18,"turns":4},{"damage":43,"enemies":"Gremlin Leader","floor":24,"turns":8},{"damage":3,"enemies":"Shell Parasite","floor":25,"turns":3},{"damage":7,"enemies":"3 Cultists","floor":28,"turns":3},{"damage":26,"enemies":"Slaver and Parasite","floor":31,"turns":4},{"damage":36,"enemies":"Collector","floor":33,"turns":6},{"damage":2,"enemies":"3 Shapes","floor":35,"turns":4},{"damage":109,"enemies":"Time Eater","floor":38,"turns":11}],"relics_obtained":[{"floor":6,"key":"Strawberry"},{"floor":9,"key":"Anchor"},{"floor":10,"key":"Vajra"},{"floor":12,"key":"Pantograph"},{"floor":24,"key":"Mercury Hourglass"},{"floor":26,"key":"Darkstone Periapt"}],"event_choices":[{"event_name":"Golden Idol","player_choice":"Take Damage","floor":3,"damage_taken":0},{"event_name":"The Cleric","player_choice":"Healed","floor":7,"damage_taken":0},{"event_name":"Golden Wing","player_choice":"Ignored","floor":11,"damage_taken":0},{"event_name":"Vampires","player_choice":"Ignored","floor":20,"damage_taken":0},{"event_name":"N\u0027loth","player_choice":"Traded a Golden Idol","floor":21,"damage_taken":0},{"event_name":"The Mausoleum","player_choice":"Yes","floor":22,"damage_taken":0},{"event_name":"Match and Keep!","player_choice":"1 cards matched","floor":23,"damage_taken":0},{"event_name":"Tomb of Lord Red Mask","player_choice":"Ignored","floor":36,"damage_taken":0},{"event_name":"SecretPortal","player_choice":"Took Portal.","floor":37,"damage_taken":0}],"boss_relics":[{"not_picked":["Astrolabe","Ectoplasm"],"picked":"Cursed Key"},{"not_picked":["Orrery","Pandora\u0027s Box"],"picked":"Tiny House"}],"items_purged_floors":[29],"potions_floor_spawned":[4,5,6,18,24],"seed_played":"-6084543885791152743","killed_by":"Time Eater","ascension_level":4,"potions_obtained":[{"floor":4,"key":"LiquidBronze"},{"floor":5,"key":"GamblersBrew"},{"floor":6,"key":"Dexterity Potion"},{"floor":18,"key":"Poison Potion"},{"floor":24,"key":"Fire Potion"},{"floor":34,"key":"Energy Potion"}],"is_trial":false}