{"path_per_floor":["M","?","?","?","M","R","M","E","T","$","R","$","M","?","R","B",null,"M","?","?","?","M"],"character_chosen":"THE_SILENT","items_purchased":["Terror"],"gold_per_floor":[118,118,118,118,135,135,146,173,173,98,98,24,44,44,44,145,175,188,188,188,188,203],"floor_reached":23,"campfire_rested":0,"playtime":1879,"current_hp_per_floor":[68,68,68,68,68,68,68,65,65,65,65,65,65,70,70,47,75,70,70,61,61,56],"items_purged":["Defend_G"],"gold":203,"play_id":"aae36b99-497d-4cf7-8bbb-3b3f09a94b47","is_prod":false,"is_daily":false,"is_ascension_mode":false,"campfire_upgraded":3,"path_taken":["M","?","?","?","?","R","M","E","T","$","R","$","M","?","R","BOSS","M","?","?","?","?","E"],"build_version":"2018-02-01-PROD3","purchased_purges":1,"victory":false,"master_deck":["Defend_G","Defend_G","Defend_G","Strike_G","Strike_G","Strike_G","Strike_G","Strike_G","Survivor","Neutralize","Leg Sweep+1","Backstab","Choke+1","Blade Dance+1","Terror","Phantasmal Killer","Slice","Phantasmal Killer","Outmaneuver","Slice"],"max_hp_per_floor":[70,70,70,70,70,70,70,70,70,70,70,70,70,70,70,70,75,75,75,80,80,80],"relics":["Runic Pyramid","Gremlin Horn","Meat on the Bone","Tiny House","Happy Flower"],"card_choices":[{"not_picked":["Sucker Punch","Bane"],"picked":"Leg Sweep"},{"not_picked":["All Out Attack","Crippling Poison"],"picked":"Blade Dance"},{"not_picked":["All Out Attack","PiercingWail"],"picked":"Choke"},{"not_picked":["Dodge and Roll","Backflip"],"picked":"Blade Dance"},{"not_picked":["Burst","Doppelganger"],"picked":"Phantasmal Killer"},{"not_picked":["Malaise","Sucker Punch"],"picked":"Slice"},{"not_picked":["Dodge and Roll","Reflex"],"picked":"Phantasmal Killer"},{"not_picked":["Sucker Punch","Acrobatics"],"picked":"Slice"}],"player_experience":59608,"potions_floor_usage":[8,23,23,23],"damage_taken":[{"damage":2,"enemies":"Blue Slaver","floor":1,"turns":5},{"damage":0,"enemies":"Jaw Worm","floor":5,"turns":5},{"damage":0,"enemies":"Small Slimes","floor":7,"turns":4},{"damage":3,"enemies":"Lagavulin","floor":8,"turns":8},{"damage":0,"enemies":"Exordium Wildlife","floor":13,"turns":3},{"damage":23,"enemies":"Slime Boss","floor":16,"turns":11},{"damage":5,"enemies":"Shell Parasite","floor":18,"turns":3},{"damage":5,"enemies":"Chosen","floor":22,"turns":3},{"damage":67,"enemies":"Gremlin Leader","floor":23,"turns":6}],"event_choices":[{"event_name":"Living Wall","player_choice":"Grow","floor":2,"damage_taken":0},{"event_name":"The Lab","player_choice":"Got Potions","floor":3,"damage_taken":0},{"event_name":"Transmorgrifier","player_choice":"Transform","floor":4,"damage_taken":0},{"event_name":"Bonfire Elementals","player_choice":"UNCOMMON","floor":14,"damage_taken":0},{"event_name":"Wheel of Change","player_choice":"Relic","floor":19,"damage_taken":0},{"event_name":"Forgotten Altar","player_choice":"Shed Blood","floor":20,"damage_taken":0},{"event_name":"The Library","player_choice":"Read","floor":21,"damage_taken":0}],"boss_relics":[{"not_picked":["Runic Dome","White Beast Statue"],"picked":"Tiny House"}],"potions_floor_spawned":[8,13,16,18],"seed_played":"-6843928649778375564","killed_by":"Gremlin Leader","ascension_level":0,"is_trial":false}