{"gold_per_floor":[114,62,137,148,148,175,175,207,286,304,316,328,503,503,503,503],"floor_reached":16,"playtime":866,"items_purged":[],"score":182,"play_id":"5edc19b4-07e1-46b7-abe4-2f2a59c99cba","local_time":"20190122005945","is_ascension_mode":true,"campfire_choices":[{"floor":7,"key":"REST"},{"floor":15,"key":"REST"}],"neow_cost":"NONE","seed_source_timestamp":393782768639671,"circlet_count":0,"master_deck":["AscendersBane","Strike_R","Strike_R","Strike_R","Strike_R","Strike_R+1","Defend_R+1","Defend_R","Defend_R","Defend_R","Bash","Double Tap","Battle Trance","Heavy Blade","Feed","Dropkick","Infernal Blade","Ghostly Armor","Clash","Doubt"],"relics":["Burning Blood","Regal Pillow","Nunchaku","Juzu Bracelet","Mercury Hourglass"],"potions_floor_usage":[6,11,16],"damage_taken":[{"damage":4,"enemies":"Small Slimes","floor":1,"turns":4},{"damage":6,"enemies":"Cultist","floor":4,"turns":3},{"damage":35,"enemies":"Lagavulin","floor":6,"turns":5},{"damage":30,"enemies":"3 Sentries","floor":8,"turns":9},{"damage":7,"enemies":"Jaw Worm","floor":10,"turns":3},{"damage":34,"enemies":"Exordium Thugs","floor":11,"turns":3},{"damage":3,"enemies":"Large Slime","floor":12,"turns":4},{"damage":54,"enemies":"The Guardian","floor":16,"turns":8}],"seed_played":"-3393698713159372236","potions_obtained":[{"floor":1,"key":"Strength Potion"},{"floor":6,"key":"GamblersBrew"},{"floor":12,"key":"Explosive Potion"}],"is_trial":false,"path_per_floor":["?","?","?","?"],"character_chosen":"IRONCLAD","items_purchased":["PowerPotion"],"campfire_rested":2,"item_purchase_floors":[2],"current_hp_per_floor":[74,74,63,63,63,34,73,49,49,51,23,29,29,12,52,0],"gold":503,"neow_bonus":"ONE_RANDOM_RARE_CARD","is_prod":false,"is_daily":false,"chose_seed":false,"campfire_upgraded":0,"win_rate":0,"timestamp":1548111585,"path_taken":["M","$","?","M","?","E","R","E","T","M","M","M","?","?","R","BOSS"],"build_version":"2019-01-20","purchased_purges":0,"victory":false,"max_hp_per_floor":[80,80,80,80,80,80,80,80,80,83,83,86,86,86,86,86],"card_choices":[{"not_picked":["True Grit","Sword Boomerang"],"picked":"Battle Trance","floor":1},{"not_picked":["Bloodletting","Body Slam"],"picked":"Heavy Blade","floor":4},{"not_picked":["Reaper","Hemokinesis"],"picked":"Feed","floor":6},{"not_picked":["Evolve","Warcry"],"picked":"Dropkick","floor":8},{"not_picked":["Clash","Evolve"],"picked":"Infernal Blade","floor":10},{"not_picked":["True Grit","Fire Breathing"],"picked":"Ghostly Armor","floor":11},{"not_picked":["Corruption","Body Slam"],"picked":"Clash","floor":12}],"player_experience":385468,"relics_obtained":[{"floor":6,"key":"Nunchaku"},{"floor":8,"key":"Juzu Bracelet"},{"floor":9,"key":"Mercury Hourglass"}],"event_choices":[{"damage_healed":0,"gold_gain":75,"player_choice":"Gather Gold","damage_taken":11,"max_hp_gain":0,"max_hp_loss":0,"event_name":"World of Goop","floor":3,"gold_loss":0},{"damage_healed":0,"gold_gain":0,"player_choice":"Gave Potion","damage_taken":0,"relics_obtained":["Regal Pillow"],"max_hp_gain":0,"max_hp_loss":0,"event_name":"WeMeetAgain","floor":5,"gold_loss":0},{"damage_healed":0,"gold_gain":175,"player_choice":"AGREE","damage_taken":0,"max_hp_gain":0,"max_hp_loss":0,"event_name":"Liars Game","floor":13,"gold_loss":0,"cards_obtained":["Doubt"]},{"damage_healed":0,"gold_gain":0,"player_choice":"Entered Light","damage_taken":17,"max_hp_gain":0,"max_hp_loss":0,"event_name":"Shining Light","floor":14,"gold_loss":0,"cards_upgraded":["Strike_R","Defend_R"]}],"is_beta":true,"boss_relics":[],"items_purged_floors":[],"is_endless":false,"potions_floor_spawned":[1,6,12],"killed_by":"The Guardian","ascension_level":13}