{"gold_per_floor":[115,127,127,137,312,312,340,340,393,240,265,279,290,290,290,395,395,413,413,373,373,391,424,424,424,424,223,235,54,86,101,101,198,198,215,25,43,43,57,57,111,154,166,208,240,252,274,300,312,324],"floor_reached":50,"playtime":3826,"items_purged":["Doubt"],"score":705,"play_id":"e168d26c-fa65-4a62-87d3-421f17ab6912","local_time":"20180828173036","is_ascension_mode":true,"campfire_choices":[{"data":"Footwork","floor":6,"key":"SMITH"},{"data":"Cloak And Dagger","floor":8,"key":"SMITH"},{"floor":15,"key":"REST"},{"floor":25,"key":"REST"},{"floor":32,"key":"REST"},{"data":"Cloak And Dagger","floor":49,"key":"SMITH"}],"neow_cost":"NONE","seed_source_timestamp":1586210329500,"circlet_count":0,"master_deck":["Survivor+1","Neutralize+1","Dash+1","Dagger Throw+1","Footwork+1","Cloak And Dagger+1","Caltrops+1","Storm of Steel+1","Deflect+1","Sucker Punch+1","Burst+1","Noxious Fumes+1","Deflect+1","Poisoned Stab+1","Dagger Spray+1","Sucker Punch+1","Quick Slash+1","Cloak And Dagger+1","Sucker Punch+1","Blade Dance+1","Finisher+1","Backflip+1","Cloak And Dagger+1","Infinite Blades+1","Cloak And Dagger+1","Enlightenment+1","PiercingWail+1","Panache+1","Setup+1","Blade Dance+1","Die Die Die+1","Leg Sweep+1","Accuracy+1","PiercingWail+1","Catalyst+1","Well Laid Plans","PiercingWail","Cloak And Dagger+1","Writhe","Accuracy+1","Acrobatics"],"relics":["Ring of the Snake","Bag of Marbles","Ancient Tea Set","Tiny Chest","Dead Branch","Pandora\u0027s Box","Bottled Lightning","Boot","Gremlin Horn","Pantograph","Anchor","WristBlade","Mark of the Bloom","MawBank","Bottled Tornado","Ninja Scroll","Lantern"],"potions_floor_usage":[7,7,16,18,22,23,31,37,42,42,47,48,50,50],"damage_taken":[{"damage":5,"enemies":"2 Louse","floor":1,"turns":3},{"damage":0,"enemies":"Small Slimes","floor":2,"turns":2},{"damage":0,"enemies":"Jaw Worm","floor":4,"turns":3},{"damage":6,"enemies":"Gremlin Nob","floor":7,"turns":4},{"damage":13,"enemies":"Lagavulin","floor":11,"turns":7},{"damage":5,"enemies":"2 Fungi Beasts","floor":12,"turns":3},{"damage":0,"enemies":"Large Slime","floor":13,"turns":5},{"damage":2,"enemies":"Hexaghost","floor":16,"turns":12},{"damage":22,"enemies":"2 Thieves","floor":18,"turns":3},{"damage":4,"enemies":"3 Byrds","floor":22,"turns":5},{"damage":19,"enemies":"Book of Stabbing","floor":23,"turns":6},{"damage":9,"enemies":"Centurion and Healer","floor":28,"turns":3},{"damage":0,"enemies":"Gremlin Leader","floor":30,"turns":5},{"damage":2,"enemies":"Cultist and Chosen","floor":31,"turns":3},{"damage":33,"enemies":"Collector","floor":33,"turns":10},{"damage":16,"enemies":"Flame Bruiser 1 Orb","floor":35,"turns":3},{"damage":13,"enemies":"Orb Walker","floor":37,"turns":3},{"damage":0,"enemies":"Maw","floor":39,"turns":6},{"damage":2,"enemies":"2 Orb Walkers","floor":42,"turns":4},{"damage":1,"enemies":"Nemesis","floor":44,"turns":3},{"damage":0,"enemies":"Sphere and 2 Shapes","floor":45,"turns":1},{"damage":0,"enemies":"3 Darklings","floor":47,"turns":1},{"damage":32,"enemies":"Transient","floor":48,"turns":5},{"damage":14,"enemies":"Donu and Deca","floor":50,"turns":4}],"seed_played":"3408868811624699747","potions_obtained":[{"floor":1,"key":"PowerPotion"},{"floor":4,"key":"Strength Potion"},{"floor":13,"key":"Ancient Potion"},{"floor":16,"key":"SkillPotion"},{"floor":18,"key":"AttackPotion"},{"floor":22,"key":"Dexterity Potion"},{"floor":30,"key":"Fire Potion"},{"floor":31,"key":"Swift Potion"},{"floor":44,"key":"FearPotion"},{"floor":45,"key":"SteroidPotion"},{"floor":48,"key":"SteroidPotion"}],"is_trial":false,"path_per_floor":["M","M","?","M","?","R","E","R","T","$","E","M","M","?","R","B",null,"M","T","?","T","M","E","?","R","T","$","M","$","E","M","R","B",null,"M","$","M","?","M","?","T","E","T","E","M","?","M","M","R"],"character_chosen":"THE_SILENT","items_purchased":["Caltrops","Infinite Blades","Cloak And Dagger","Enlightenment","Panache","Accuracy","GhostInAJar","EssenceOfSteel"],"campfire_rested":3,"item_purchase_floors":[10,27,27,27,29,36,36,36],"current_hp_per_floor":[65,65,51,51,51,51,45,45,45,45,32,27,27,27,48,46,70,48,48,48,48,44,25,25,46,46,46,37,37,37,35,56,37,70,54,54,41,41,41,41,41,39,39,38,38,38,38,6,6,0],"gold":324,"neow_bonus":"RANDOM_COMMON_RELIC","is_prod":false,"is_daily":false,"chose_seed":false,"campfire_upgraded":3,"win_rate":0,"timestamp":1535470236,"path_taken":["M","M","?","M","?","R","E","R","T","$","E","M","?","?","R","BOSS","M","?","?","?","M","E","?","R","T","$","?","$","E","M","R","BOSS","M","$","M","?","M","?","?","E","T","E","?","?","M","M","R","BOSS"],"build_version":"2018-08-23v2","purchased_purges":1,"victory":false,"max_hp_per_floor":[70,70,70,70,70,70,70,70,70,70,70,70,70,70,70,70,70,70,70,70,70,70,70,70,70,70,70,70,70,70,70,70,70,70,70,70,70,70,70,70,70,70,70,70,70,70,70,70,70,70],"card_choices":[{"not_picked":["Prepared","Tactician"],"picked":"Dash","floor":1},{"not_picked":["Riddle With Holes","Deflect"],"picked":"Dagger Throw","floor":2},{"not_picked":["Bane","Flechettes"],"picked":"Footwork","floor":4},{"not_picked":["Outmaneuver","Dash"],"picked":"Cloak And Dagger","floor":7},{"not_picked":["Expertise","Dodge and Roll"],"picked":"Storm of Steel","floor":11},{"not_picked":["Dodge and Roll","Caltrops"],"picked":"Deflect","floor":12},{"not_picked":["Flying Knee","Dagger Throw"],"picked":"Sucker Punch","floor":13},{"not_picked":["Night Terror","Bullet Time"],"picked":"Burst","floor":16},{"not_picked":["Bane","Flying Knee"],"picked":"Blade Dance","floor":18},{"not_picked":["Deadly Poison","Masterful Stab"],"picked":"Finisher","floor":22},{"not_picked":["Dagger Spray","Deflect"],"picked":"Backflip","floor":23},{"not_picked":["Blade Dance+1","Caltrops+1"],"picked":"PiercingWail","floor":28},{"not_picked":["Eviscerate","Endless Agony"],"picked":"Setup+1","floor":30},{"not_picked":["Terror","Predator"],"picked":"Blade Dance","floor":31},{"not_picked":["Storm of Steel","Doppelganger"],"picked":"Die Die Die","floor":33},{"not_picked":["Bane","Poisoned Stab+1"],"picked":"Leg Sweep","floor":35},{"not_picked":["Flying Knee","Prepared"],"picked":"PiercingWail+1","floor":37},{"not_picked":["Poisoned Stab","Dodge and Roll"],"picked":"Catalyst+1","floor":39},{"not_picked":["Quick Slash+1","Dodge and Roll"],"picked":"Well Laid Plans","floor":42},{"not_picked":["Malaise","Prepared"],"picked":"PiercingWail","floor":44},{"not_picked":["PiercingWail","Sucker Punch+1"],"picked":"Cloak And Dagger","floor":45},{"not_picked":["Deflect+1","Flying Knee+1"],"picked":"Accuracy+1","floor":47},{"not_picked":["Backstab","Doppelganger"],"picked":"Acrobatics","floor":48}],"player_experience":199986,"relics_obtained":[{"floor":7,"key":"Ancient Tea Set"},{"floor":9,"key":"Tiny Chest"},{"floor":11,"key":"Dead Branch"},{"floor":19,"key":"Bottled Lightning"},{"floor":21,"key":"Boot"},{"floor":23,"key":"Gremlin Horn"},{"floor":26,"key":"Pantograph"},{"floor":30,"key":"Anchor"},{"floor":41,"key":"MawBank"},{"floor":42,"key":"Bottled Tornado"},{"floor":43,"key":"Ninja Scroll"},{"floor":44,"key":"Lantern"}],"event_choices":[{"event_name":"Shining Light","player_choice":"Entered Light","floor":3,"damage_taken":0},{"event_name":"Liars Game","player_choice":"agreed","floor":5,"damage_taken":0},{"event_name":"Purifier","player_choice":"One Purge","floor":14,"damage_taken":0},{"event_name":"Designer","player_choice":"Upgrade Card","floor":20,"damage_taken":0},{"event_name":"Duplicator","player_choice":"One dupe","floor":24,"damage_taken":0},{"event_name":"MindBloom","player_choice":"Upgrade","floor":38,"damage_taken":0},{"event_name":"Falling","player_choice":"Removed Attack","floor":40,"damage_taken":0},{"event_name":"Winding Halls","player_choice":"Writhe","floor":46,"damage_taken":0}],"is_beta":false,"boss_relics":[{"not_picked":["Tiny House","Orrery"],"picked":"Pandora\u0027s Box"},{"not_picked":["Sozu","Astrolabe"],"picked":"WristBlade"}],"items_purged_floors":[10],"is_endless":false,"potions_floor_spawned":[1,4,13,16,18,22,30,31,44,45,48],"killed_by":"Donu and Deca","ascension_level":1}