{"gold_per_floor":[118,136,150,150,177,177,212,229,229,245,245,245,262,276,276,373,373,390,31,31,31,48,79,90,108,163,194,194],"floor_reached":28,"playtime":1274,"items_purged":[],"score":380,"play_id":"64d8c6f0-030a-4564-a922-fdf980b665e5","local_time":"20181031111701","is_ascension_mode":true,"campfire_choices":[{"data":"Neutralize","floor":6,"key":"SMITH"},{"floor":11,"key":"REST"},{"floor":15,"key":"REST"}],"neow_cost":"NONE","seed_source_timestamp":1055866958144853,"circlet_count":0,"master_deck":["Defend_G","Defend_G","Defend_G","Defend_G","Defend_G","Strike_G","Strike_G","Strike_G","Strike_G","Strike_G","Survivor","Neutralize+1","Distraction","Deadly Poison+1","Poisoned Stab","Clumsy","Bane","Quick Slash","Normality","Bouncing Flask","Blur","PiercingWail","Deadly Poison","Envenom","Underhanded Strike+1","Shame","Choke+1","Corpse Explosion","Bane","Regret","Unload"],"relics":["Cursed Key","Oddly Smooth Stone","PreservedInsect","Question Card","Busted Crown","Blood Vial","Sling","Juzu Bracelet","MutagenicStrength","Bottled Flame","Tiny Chest","Shuriken"],"potions_floor_usage":[13,16,16,16,24],"damage_taken":[{"damage":0,"enemies":"Cultist","floor":1,"turns":4},{"damage":7,"enemies":"Jaw Worm","floor":2,"turns":4},{"damage":0,"enemies":"Small Slimes","floor":3,"turns":3},{"damage":14,"enemies":"Lagavulin","floor":7,"turns":6},{"damage":5,"enemies":"2 Fungi Beasts","floor":8,"turns":4},{"damage":19,"enemies":"Large Slime","floor":10,"turns":6},{"damage":0,"enemies":"Blue Slaver","floor":13,"turns":3},{"damage":6,"enemies":"2 Fungi Beasts","floor":14,"turns":3},{"damage":27,"enemies":"The Guardian","floor":16,"turns":8},{"damage":6,"enemies":"3 Byrds","floor":18,"turns":6},{"damage":7,"enemies":"Spheric Guardian","floor":22,"turns":3},{"damage":24,"enemies":"Slavers","floor":23,"turns":4},{"damage":0,"enemies":"Snecko","floor":24,"turns":2},{"damage":4,"enemies":"3 Cultists","floor":25,"turns":5},{"damage":26,"enemies":"Book of Stabbing","floor":27,"turns":4},{"damage":9,"enemies":"Shelled Parasite and Fungi","floor":28,"turns":2}],"seed_played":"8014157421129942545","potions_obtained":[{"floor":1,"key":"SteroidPotion"},{"floor":2,"key":"PowerPotion"},{"floor":10,"key":"EssenceOfSteel"},{"floor":14,"key":"Block Potion"},{"floor":18,"key":"FearPotion"}],"is_trial":false,"path_per_floor":["M","M","M","?","T","R","E","M","T","M","R","?","M","M","R","B",null,"M","$","?","?","M","E","M","M","T","E","M"],"character_chosen":"THE_SILENT","items_purchased":["Blood Vial","Sling"],"campfire_rested":2,"item_purchase_floors":[19,19],"current_hp_per_floor":[63,56,56,56,56,56,42,37,37,18,39,39,39,33,54,27,59,53,53,53,53,48,26,28,26,26,2,0],"gold":194,"neow_bonus":"BOSS_RELIC","is_prod":false,"is_daily":false,"chose_seed":false,"campfire_upgraded":1,"win_rate":0,"timestamp":1540977421,"path_taken":["M","M","?","?","?","R","E","M","T","M","R","?","M","M","R","BOSS","M","$","?","?","M","E","M","M","T","E","M"],"build_version":"2018-10-30","purchased_purges":0,"victory":false,"max_hp_per_floor":[70,70,70,70,70,70,70,70,70,70,70,70,70,70,70,70,70,70,70,70,70,70,70,70,70,70,70,70],"card_choices":[{"not_picked":["Endless Agony","Reflex"],"picked":"Distraction","floor":1},{"not_picked":["PiercingWail","Flying Knee"],"picked":"Deadly Poison","floor":2},{"not_picked":["PiercingWail","Backstab"],"picked":"Poisoned Stab","floor":3},{"not_picked":["Slice","Cloak And Dagger"],"picked":"Bane","floor":7},{"not_picked":["Outmaneuver","Sucker Punch"],"picked":"Quick Slash","floor":8},{"not_picked":["Catalyst","Deflect","Cloak And Dagger"],"picked":"Bouncing Flask","floor":10},{"not_picked":["Glass Knife","Blade Dance","Outmaneuver"],"picked":"PiercingWail","floor":13},{"not_picked":["Flying Knee","Bane","Tactician"],"picked":"Deadly Poison","floor":14},{"not_picked":["Die Die Die","Malaise","A Thousand Cuts"],"picked":"Envenom","floor":16},{"not_picked":["Prepared"],"picked":"Underhanded Strike+1","floor":18},{"not_picked":["Dash"],"picked":"Choke+1","floor":22},{"not_picked":["Quick Slash+1"],"picked":"Corpse Explosion","floor":23},{"not_picked":["Flying Knee"],"picked":"Bane","floor":24},{"not_picked":["Dodge and Roll","Underhanded Strike"],"picked":"SKIP","floor":25},{"not_picked":["Underhanded Strike"],"picked":"Unload","floor":27}],"player_experience":265173,"relics_obtained":[{"floor":5,"key":"Oddly Smooth Stone"},{"floor":7,"key":"PreservedInsect"},{"floor":9,"key":"Question Card"},{"floor":23,"key":"Bottled Flame"},{"floor":26,"key":"Tiny Chest"},{"floor":27,"key":"Shuriken"}],"event_choices":[{"damage_healed":0,"gold_gain":0,"player_choice":"Grow","damage_taken":0,"max_hp_gain":0,"max_hp_loss":0,"event_name":"Living Wall","floor":4,"gold_loss":0,"cards_upgraded":["Deadly Poison"]},{"damage_healed":0,"gold_gain":0,"player_choice":"1 cards matched","damage_taken":0,"max_hp_gain":0,"max_hp_loss":0,"event_name":"Match and Keep!","floor":12,"gold_loss":0,"cards_obtained":["Blur"]},{"damage_healed":0,"gold_gain":0,"player_choice":"Stole Relic","damage_taken":0,"relics_obtained":["Juzu Bracelet"],"max_hp_gain":0,"max_hp_loss":0,"event_name":"Addict","floor":20,"gold_loss":0,"cards_obtained":["Shame"]},{"damage_healed":0,"gold_gain":0,"player_choice":"Inject Mutagens","damage_taken":0,"relics_obtained":["MutagenicStrength"],"max_hp_gain":0,"max_hp_loss":0,"event_name":"Drug Dealer","floor":21,"gold_loss":0}],"is_beta":true,"boss_relics":[{"not_picked":["Pandora\u0027s Box","Orrery"],"picked":"Busted Crown"}],"items_purged_floors":[],"is_endless":false,"potions_floor_spawned":[1,2,10,14,18],"killed_by":"Shelled Parasite and Fungi","ascension_level":9}