{"gold_per_floor":[116,135,135,85,109,109,142,142,142,142,142,72,32,70,70,190,190,215,215,33,49,49,49,49,49,49,59,74,86,100,112,112,215,215,233,11,11,11,30,30,64,64,134,150,167,267,285,297,297,297],"floor_reached":51,"playtime":3063,"items_purged":["Strike_G"],"score":942,"play_id":"62b03046-f3f0-4c3f-b50d-dceefb7ad4bd","local_time":"20190505172341","is_ascension_mode":true,"campfire_choices":[{"data":"Neutralize","floor":6.0,"key":"SMITH"},{"floor":8,"key":"REST"},{"data":"Cloak And Dagger","floor":11,"key":"SMITH"},{"data":"Noxious Fumes","floor":15,"key":"SMITH"},{"floor":23,"key":"REST"},{"data":"Cloak And Dagger","floor":25,"key":"SMITH"},{"data":"Envenom","floor":32,"key":"SMITH"},{"data":"Apotheosis","floor":40,"key":"SMITH"},{"floor":42,"key":"REST"},{"floor":49,"key":"REST"}],"neow_cost":"NONE","seed_source_timestamp":0,"circlet_count":0,"master_deck":["Defend_G","Defend_G","Defend_G","Defend_G","Defend_G","Strike_G","Strike_G","Strike_G","Survivor","Neutralize+1","Backstab","After Image","Cloak And Dagger+1","Noxious Fumes+1","After Image","Dash+1","Good Instincts","Bane+1","Cloak And Dagger+1","Deflect+1","Envenom+1","Deflect","Doppelganger","Adrenaline","Infinite Blades+1","Crippling Poison+1","Apotheosis+1","Infinite Blades","Madness","Madness","Blur","Cloak And Dagger","Deflect+1","Leg Sweep+1"],"special_seed":0,"relics":["Ring of the Snake","Ancient Tea Set","Bloody Idol","Pear","Bottled Lightning","Molten Egg 2","Singing Bowl","Philosopher\u0027s Stone","Enchiridion","Sundial","Orrery","Mercury Hourglass","Kunai"],"potions_floor_usage":[7,7,16,16,16,33,41,50],"damage_taken":[{"damage":0.0,"enemies":"2 Louse","floor":1.0,"turns":4.0},{"damage":0.0,"enemies":"Small Slimes","floor":2.0,"turns":4.0},{"damage":0.0,"enemies":"Jaw Worm","floor":5.0,"turns":5.0},{"damage":17,"enemies":"Gremlin Nob","floor":7,"turns":4},{"damage":6,"enemies":"3 Sentries","floor":14,"turns":9},{"damage":24,"enemies":"Slime Boss","floor":16,"turns":12},{"damage":17,"enemies":"Spheric Guardian","floor":18,"turns":8},{"damage":0,"enemies":"3 Byrds","floor":21,"turns":6},{"damage":27,"enemies":"Snake Plant","floor":27,"turns":5},{"damage":0,"enemies":"Centurion and Healer","floor":28,"turns":8},{"damage":4,"enemies":"Chosen and Byrds","floor":29,"turns":5},{"damage":0,"enemies":"Cultist and Chosen","floor":30,"turns":6},{"damage":0,"enemies":"Centurion and Healer","floor":31,"turns":5},{"damage":52,"enemies":"Collector","floor":33,"turns":11},{"damage":3,"enemies":"3 Shapes","floor":35,"turns":4},{"damage":0,"enemies":"Orb Walker","floor":39,"turns":3},{"damage":18,"enemies":"Giant Head","floor":41,"turns":10},{"damage":36,"enemies":"Jaw Worm Horde","floor":44,"turns":4},{"damage":35,"enemies":"Writhing Mass","floor":45,"turns":6},{"damage":0,"enemies":"4 Shapes","floor":47,"turns":6},{"damage":15,"enemies":"Sphere and 2 Shapes","floor":48,"turns":6},{"damage":35,"enemies":"Awakened One","floor":50,"turns":27}],"seed_played":"5827971168356459600","potions_obtained":[{"floor":1.0,"key":"Poison Potion"},{"floor":2.0,"key":"Strength Potion"},{"floor":13,"key":"Swift Potion"},{"floor":13,"key":"Swift Potion"},{"floor":13,"key":"Ancient Potion"},{"floor":28,"key":"FairyPotion"},{"floor":29,"key":"SneckoOil"},{"floor":30,"key":"Dexterity Potion"},{"floor":33,"key":"Poison Potion"},{"floor":39,"key":"FearPotion"},{"floor":47,"key":"Dexterity Potion"}],"is_trial":false,"path_per_floor":["M","M","?","?","M","R","E","R","T","T","R","$","?","E","R","B",null,"M","?","$","M","?","R","?","R","T","M","M","M","M","M","R","B",null,"M","$","?","?","M","R","E","R","T","M","M","?","M","M","R","B",null],"character_chosen":"THE_SILENT","items_purchased":["Noxious Fumes","Good Instincts","Bane+1","Apotheosis","Infinite Blades"],"campfire_rested":4,"item_purchase_floors":[12,20,20,36,36],"current_hp_per_floor":[63,63,46,46,46,46,39,63,63,63,63,63,63,59,59,35,70,53,37,37,37,37,61,61,61,61,39,44,47,52,57,57,10,74,76,76,76,64,69,69,58,86,91,60,30,35,40,32,60,25],"gold":297,"neow_bonus":"RANDOM_COMMON_RELIC","is_prod":false,"is_daily":false,"chose_seed":false,"campfire_upgraded":6,"win_rate":0,"timestamp":1557102221,"path_taken":["M","M","?","?","M","R","E","R","T","?","R","$","?","E","R","BOSS","M","?","$","M","?","R","?","R","T","?","M","M","M","M","R","BOSS","M","$","?","?","M","R","E","R","T","M","M","?","M","?","R","BOSS"],"build_version":"2019-01-23","purchased_purges":1,"victory":true,"max_hp_per_floor":[70,70,70,70,70,70,80,80,80,80,80,80,80,82,82,82,82,82,82,82,82,82,82,82,82,82,82,82,84,84,84,84,84,92,92,92,92,92,92,92,94,94,94,94,94,94,94,96,96,96],"card_choices":[{"not_picked":["Deflect","Dagger Spray"],"picked":"Backstab","floor":1.0},{"not_picked":["Finisher","Blade Dance","Poisoned Stab"],"picked":"SKIP","floor":2.0},{"not_picked":["Underhanded Strike","Well Laid Plans"],"picked":"After Image","floor":5.0},{"not_picked":["Dodge and Roll","PiercingWail"],"picked":"Cloak And Dagger","floor":7},{"not_picked":["Finisher+1","Noxious Fumes","Outmaneuver"],"picked":"Singing Bowl","floor":14},{"not_picked":["Glass Knife+1","Malaise"],"picked":"After Image","floor":16},{"not_picked":["Dodge and Roll+1","Outmaneuver"],"picked":"Dash+1","floor":18},{"not_picked":["Escape Plan","Sucker Punch+1"],"picked":"Cloak And Dagger","floor":21},{"not_picked":["Dagger Spray+1","Sucker Punch+1"],"picked":"Deflect+1","floor":27},{"not_picked":["Slice+1","Dodge and Roll"],"picked":"Envenom","floor":28},{"not_picked":["Bane+1","Predator+1","Flying Knee+1"],"picked":"Singing Bowl","floor":29},{"not_picked":["Reflex","Bouncing Flask"],"picked":"Deflect","floor":30},{"not_picked":["Slice+1","Underhanded Strike+1"],"picked":"Doppelganger","floor":31},{"not_picked":["Night Terror","Venomology"],"picked":"Adrenaline","floor":33},{"not_picked":["Outmaneuver","Acrobatics"],"picked":"Infinite Blades+1","floor":34},{"not_picked":["Bane+1","Distraction","Expertise+1"],"picked":"Singing Bowl","floor":34},{"not_picked":["Dagger Throw+1","Underhanded Strike+1","Prepared"],"picked":"Singing Bowl","floor":34},{"not_picked":["Bane+1","Underhanded Strike+1","Distraction"],"picked":"Singing Bowl","floor":34},{"not_picked":["Underhanded Strike+1","Phantasmal Killer","Noxious Fumes+1"],"picked":"Singing Bowl","floor":34},{"not_picked":["Sucker Punch+1","Flying Knee+1"],"picked":"Crippling Poison+1","floor":35},{"not_picked":["PiercingWail","Slice+1"],"picked":"Blur","floor":39},{"not_picked":["Crippling Poison","Noxious Fumes+1","Finisher+1"],"picked":"Singing Bowl","floor":41},{"not_picked":["Deadly Poison+1","Finisher+1"],"picked":"Cloak And Dagger","floor":44},{"not_picked":["Dodge and Roll+1","PiercingWail+1"],"picked":"Deflect+1","floor":45},{"not_picked":["Caltrops+1","Dodge and Roll"],"picked":"Leg Sweep+1","floor":47},{"not_picked":["Slice+1","Eviscerate+1","Dagger Throw+1"],"picked":"Singing Bowl","floor":48}],"player_experience":328831,"relics_obtained":[{"floor":7,"key":"Pear"},{"floor":9,"key":"Bottled Lightning"},{"floor":10,"key":"Molten Egg 2"},{"floor":14,"key":"Singing Bowl"},{"floor":19,"key":"Enchiridion"},{"floor":26,"key":"Sundial"},{"floor":41,"key":"Mercury Hourglass"},{"floor":43,"key":"Kunai"}],"event_choices":[{"damage_healed":0.0,"max_hp_gain":0.0,"max_hp_loss":0.0,"gold_gain":0.0,"event_name":"Golden Idol","player_choice":"Take Damage","floor":3.0,"gold_loss":0.0,"damage_taken":17.0,"relics_obtained":["Golden Idol"]},{"cards_removed":["Strike_G"],"damage_healed":0.0,"max_hp_gain":0.0,"max_hp_loss":0.0,"gold_gain":0.0,"event_name":"The Cleric","player_choice":"Card Removal","floor":4.0,"gold_loss":50.0,"damage_taken":0.0},{"damage_healed":0,"gold_gain":0,"player_choice":"Bought 3 Potions","damage_taken":0,"max_hp_gain":0,"max_hp_loss":0,"event_name":"The Woman in Blue","floor":13,"gold_loss":0},{"damage_healed":0,"gold_gain":0,"player_choice":"Obtained Book","damage_taken":16,"max_hp_gain":0,"max_hp_loss":0,"event_name":"Cursed Tome","floor":19,"gold_loss":0},{"damage_healed":0,"gold_gain":0,"player_choice":"Ignored","damage_taken":0,"max_hp_gain":0,"max_hp_loss":0,"event_name":"Ghosts","floor":22,"gold_loss":0},{"damage_healed":0,"gold_gain":0,"player_choice":"Gave Idol","damage_taken":0,"relics_obtained":["Bloody Idol"],"max_hp_gain":0,"max_hp_loss":0,"event_name":"Forgotten Altar","floor":24,"relics_lost":["Golden Idol"],"gold_loss":0},{"damage_healed":0,"gold_gain":0,"player_choice":"Ignored","damage_taken":0,"max_hp_gain":0,"max_hp_loss":0,"event_name":"Mysterious Sphere","floor":37,"gold_loss":0},{"damage_healed":0,"gold_gain":0,"player_choice":"Embrace Madness","damage_taken":12,"max_hp_gain":0,"max_hp_loss":0,"event_name":"Winding Halls","floor":38,"gold_loss":0,"cards_obtained":["Madness","Madness"]},{"damage_healed":0,"gold_gain":100,"player_choice":"Pray","damage_taken":0,"max_hp_gain":0,"max_hp_loss":0,"event_name":"Golden Shrine","floor":46,"gold_loss":0}],"is_beta":false,"boss_relics":[{"not_picked":["HoveringKite","Tiny House"],"picked":"Philosopher\u0027s Stone"},{"not_picked":["Black Star","Eternal Feather"],"picked":"Orrery"}],"items_purged_floors":[20],"is_endless":false,"potions_floor_spawned":[1,2,28,29,30,33,39,47,48],"ascension_level":8}