{"path_per_floor":["M","M","?","?","M","R","E","M","T","T","$","E","M","?","R","B",null,"M","?","M","?","$","E","M","E","T","R","$","E","M","?","R","B",null,"M","?","M","$","?","E","M","E","T","?","M","R","M","$","R"],"character_chosen":"IRONCLAD","items_purchased":["Whetstone","Seeing Red","Panache","Self Forming Clay","Berserk"],"gold_per_floor":[117,134,134,94,112,112,145,163,163,163,88,115,133,133,133,237,267,278,308,324,274,28,61,77,102,128,128,50,75,92,92,92,190,190,209,209,228,38,38,66,76,110,192,414,434,434,453,59,59],"floor_reached":50,"campfire_rested":4,"playtime":5129,"current_hp_per_floor":[81,85,85,85,88,88,68,68,68,68,68,49,53,35,61,40,93,90,71,77,77,77,54,46,26,26,53,53,56,45,45,72,29,93,93,83,89,89,89,85,91,66,66,66,30,30,36,36,78],"items_purged":["Defend_R","Defend_R"],"gold":59,"play_id":"8c493015-8b75-46e1-a15a-7b3c3eda62d6","is_prod":false,"is_daily":false,"is_ascension_mode":false,"campfire_upgraded":2,"path_taken":["M","?","?","?","M","R","E","M","T","?","$","E","M","?","R","BOSS","M","?","M","?","$","E","M","E","T","R","$","E","?","?","R","BOSS","M","?","M","$","?","E","M","E","T","?","M","R","M","$","R","BOSS"],"build_version":"2018-02-02-BETA1","purchased_purges":2,"victory":false,"master_deck":["Strike_R","Strike_R","Strike_R+1","Defend_R","Defend_R","Bash","Flex","Infernal Blade+1","Headbutt+1","Metallicize","Flex","Flex+1","Flame Barrier","Demon Form","Second Wind","Rampage","Anger+1","Metallicize","Fiend Fire","True Grit","Dropkick","Seeing Red","Anger","Headbutt","Clash","Madness","Madness","True Grit+1","Panache+1","Flex","Flex+1","Seeing Red","Doubt","Anger","Berserk+1"],"max_hp_per_floor":[88,88,88,88,88,88,88,88,88,88,88,88,88,88,88,88,93,93,93,93,93,93,93,93,93,93,93,93,93,93,93,93,93,93,93,93,93,93,93,93,93,93,93,93,93,93,93,93,93],"relics":["Burning Blood","Ancient Tea Set","Unceasing Top","Frozen Eye","Thread and Needle","Bag of Marbles","Tiny House","Red Mask","Whetstone","Happy Flower","Frozen Egg 2","Bag of Preparation","Pen Nib","Cursed Key","Oddly Smooth Stone","Regal Pillow","Bottled Flame","Self Forming Clay"],"card_choices":[{"not_picked":["Iron Wave","Reckless Charge"],"picked":"Flex"},{"not_picked":["Iron Wave","Disarm"],"picked":"Infernal Blade"},{"not_picked":["Rage","Armaments"],"picked":"Headbutt"},{"not_picked":["Bludgeon","Sword Boomerang"],"picked":"Metallicize"},{"not_picked":["Cleave","Clash"],"picked":"Flex"},{"not_picked":["Pummel","Reckless Charge"],"picked":"Flex"},{"not_picked":["Pommel Strike","Perfected Strike"],"picked":"Flame Barrier"},{"not_picked":["Brutality","Bludgeon"],"picked":"Demon Form"},{"not_picked":["Iron Wave","Hemokinesis"],"picked":"Second Wind"},{"not_picked":["Reckless Charge","Thunderclap"],"picked":"Rampage"},{"not_picked":["Iron Wave","Shrug It Off"],"picked":"Anger"},{"not_picked":["Flame Barrier","Perfected Strike"],"picked":"Metallicize"},{"not_picked":["Armaments","Sword Boomerang"],"picked":"Fiend Fire"},{"not_picked":["Disarm","Searing Blow"],"picked":"True Grit"},{"not_picked":["Warcry","Burning Pact"],"picked":"Dropkick"},{"not_picked":["Feed","Clothesline"],"picked":"Anger"},{"not_picked":["Clothesline","Iron Wave"],"picked":"Headbutt"},{"not_picked":["Body Slam","Whirlwind"],"picked":"Clash"},{"not_picked":["Cleave","Disarm"],"picked":"True Grit"},{"not_picked":["Clash","Combust"],"picked":"Flex"},{"not_picked":["Rupture","Shockwave"],"picked":"Flex"},{"not_picked":["Pommel Strike","Iron Wave"],"picked":"Seeing Red"},{"not_picked":["Thunderclap","Fiend Fire"],"picked":"Anger"}],"player_experience":2282,"potions_floor_usage":[7,7,16,16,25,33,33,33,45,50,50],"damage_taken":[{"damage":13,"enemies":"Blue Slaver","floor":1,"turns":6},{"damage":2,"enemies":"Small Slimes","floor":2,"turns":4},{"damage":0,"enemies":"2 Louse","floor":5,"turns":1},{"damage":26,"enemies":"Gremlin Nob","floor":7,"turns":5},{"damage":6,"enemies":"Red Slaver","floor":8,"turns":2},{"damage":25,"enemies":"Lagavulin","floor":12,"turns":5},{"damage":2,"enemies":"2 Fungi Beasts","floor":13,"turns":3},{"damage":27,"enemies":"Hexaghost","floor":16,"turns":10},{"damage":9,"enemies":"3 Byrds","floor":18,"turns":5},{"damage":25,"enemies":"Masked Bandits","floor":19,"turns":6},{"damage":0,"enemies":"Chosen","floor":20,"turns":4},{"damage":29,"enemies":"Slavers","floor":23,"turns":7},{"damage":14,"enemies":"Centurion and Healer","floor":24,"turns":6},{"damage":26,"enemies":"Book of Stabbing","floor":25,"turns":6},{"damage":3,"enemies":"Slavers","floor":29,"turns":7},{"damage":17,"enemies":"Cultist and Chosen","floor":30,"turns":6},{"damage":49,"enemies":"Champ","floor":33,"turns":7},{"damage":0,"enemies":"3 Darklings","floor":35,"turns":3},{"damage":0,"enemies":"3 Shapes","floor":37,"turns":2},{"damage":14,"enemies":"Giant Head","floor":40,"turns":6},{"damage":0,"enemies":"3 Darklings","floor":41,"turns":4},{"damage":31,"enemies":"2 Orb Walkers","floor":42,"turns":5},{"damage":42,"enemies":"4 Shapes","floor":45,"turns":6},{"damage":0,"enemies":"Flame Bruiser 2 Orb","floor":47,"turns":3},{"damage":83,"enemies":"Awakened One","floor":50,"turns":8}],"event_choices":[{"event_name":"Bonfire Elementals","player_choice":"BASIC","floor":3,"damage_taken":0},{"event_name":"The Woman in Blue","player_choice":"Bought 3 Potions","floor":4,"damage_taken":0},{"event_name":"Scrap Ooze","player_choice":"success","floor":14,"damage_taken":18},{"event_name":"Masked Bandits","player_choice":"Fought over 278 gold","floor":19,"damage_taken":0},{"event_name":"The Joust","player_choice":"Bet on Murderer","floor":21,"damage_taken":0},{"event_name":"Vampires","player_choice":"Ignored","floor":31,"damage_taken":0},{"event_name":"Winding Halls","player_choice":"Embrace Madness","floor":36,"damage_taken":0},{"event_name":"Tomb of Lord Red Mask","player_choice":"Wore Mask","floor":44,"damage_taken":0}],"boss_relics":[{"not_picked":["Question Card","Runic Dome"],"picked":"Tiny House"},{"not_picked":["Sozu","Runic Cube"],"picked":"Cursed Key"}],"potions_floor_spawned":[5,7,12,16,20,24,25,29,40,41,47],"seed_played":"1073633463140885672","killed_by":"Awakened One","ascension_level":0,"is_trial":false}