{"gold_per_floor":[114,114,132,151,44,70,70,70,70,70,95,107,131,143,155,167],"floor_reached":16,"playtime":635,"items_purged":[],"score":191,"play_id":"8e076c5d-198a-4a9a-85a0-763a7eb9d2d0","local_time":"20190206173343","is_ascension_mode":true,"campfire_choices":[{"floor":7,"key":"REST"},{"floor":10,"key":"REST"},{"data":"Dark Embrace","floor":12,"key":"SMITH"},{"data":"Infernal Blade","floor":15,"key":"SMITH"}],"neow_cost":"NONE","seed_source_timestamp":1350127890227862,"circlet_count":0,"master_deck":["AscendersBane","Strike_R","Strike_R","Strike_R","Strike_R","Strike_R","Defend_R","Defend_R","Defend_R","Bash","Dark Embrace+1","Sentinel","True Grit","Havoc","Perfected Strike","Enlightenment","Sentinel","Infernal Blade+1"],"relics":["Burning Blood","Bottled Flame","Art of War","MawBank"],"potions_floor_usage":[6,13],"damage_taken":[{"damage":8,"enemies":"2 Louse","floor":1,"turns":4},{"damage":11,"enemies":"Cultist","floor":3,"turns":4},{"damage":7,"enemies":"Jaw Worm","floor":4,"turns":3},{"damage":47,"enemies":"Lagavulin","floor":6,"turns":8},{"damage":4,"enemies":"2 Fungi Beasts","floor":13,"turns":3},{"damage":67,"enemies":"Slime Boss","floor":16,"turns":8}],"seed_played":"-954297036557459496","potions_obtained":[{"floor":1,"key":"SteroidPotion"},{"floor":4,"key":"Explosive Potion"}],"is_trial":false,"path_per_floor":["M","?","M","M","$","E","R","?","T","R","T","R","M","$","R","B"],"character_chosen":"IRONCLAD","items_purchased":["Enlightenment"],"campfire_rested":2,"item_purchase_floors":[5],"current_hp_per_floor":[66,66,61,60,60,19,41,41,41,63,63,63,65,65,65,0],"gold":167,"neow_bonus":"ONE_RANDOM_RARE_CARD","is_prod":false,"is_daily":false,"chose_seed":false,"campfire_upgraded":2,"win_rate":0,"timestamp":1549467223,"path_taken":["M","?","?","M","?","E","R","?","T","R","?","R","M","$","R","BOSS"],"build_version":"2019-01-23","purchased_purges":0,"victory":false,"max_hp_per_floor":[75,75,75,75,75,75,75,75,75,75,75,75,75,75,75,75],"card_choices":[{"not_picked":["Combust","Armaments"],"picked":"Sentinel","floor":1},{"not_picked":["Flex","Twin Strike"],"picked":"Havoc","floor":3},{"not_picked":["Body Slam","Twin Strike"],"picked":"Perfected Strike","floor":4},{"not_picked":["Fire Breathing","True Grit"],"picked":"Sentinel","floor":6},{"not_picked":["Combust","Shrug It Off"],"picked":"Infernal Blade","floor":13}],"player_experience":431313,"relics_obtained":[{"floor":6,"key":"Bottled Flame"},{"floor":9,"key":"Art of War"},{"floor":11,"key":"MawBank"}],"event_choices":[{"damage_healed":0,"gold_gain":0,"cards_transformed":["Defend_R"],"player_choice":"Transformed","damage_taken":0,"max_hp_gain":0,"max_hp_loss":0,"event_name":"Transmorgrifier","floor":2,"gold_loss":0,"cards_obtained":["True Grit"]},{"damage_healed":0,"gold_gain":0,"player_choice":"Ignored","damage_taken":0,"max_hp_gain":0,"max_hp_loss":0,"event_name":"Golden Wing","floor":8,"gold_loss":0}],"is_beta":true,"boss_relics":[],"items_purged_floors":[],"is_endless":false,"potions_floor_spawned":[1,4],"killed_by":"Slime Boss","ascension_level":19}