{"path_per_floor":["M","M","$","?","M","E","R","M","T","?","R","M","?","M","R","B",null,"M","?","?","M","$","R","E","R","T","M","M","M","M","?","R"],"character_chosen":"THE_SILENT","items_purchased":["PiercingWail","Gremlin Horn","Caltrops","Distraction"],"gold_per_floor":[117,132,79,79,95,128,128,146,171,246,246,261,261,274,274,376,376,394,394,394,406,8,8,37,37,37,51,63,81,100,100,100,100],"floor_reached":33,"campfire_rested":6,"playtime":2917,"item_purchase_floors":[3,22,22,22],"current_hp_per_floor":[70,68,68,54,52,30,51,47,47,36,57,55,48,42,63,61,70,58,58,58,38,38,59,35,56,56,38,12,5,7,13,35,0],"items_purged":[],"gold":100,"score":294,"play_id":"5bf838a6-3a10-4cfe-9065-f8f7eb79b249","local_time":"20180611214228","is_prod":false,"is_daily":false,"chose_seed":false,"is_ascension_mode":false,"campfire_upgraded":0,"win_rate":0.0,"timestamp":1528746148,"campfire_choices":[{"floor":7,"key":"REST"},{"floor":11,"key":"REST"},{"floor":15,"key":"REST"},{"floor":23,"key":"REST"},{"floor":25,"key":"REST"},{"floor":32,"key":"REST"}],"path_taken":["M","M","$","?","M","E","R","M","T","?","R","M","?","M","R","BOSS","M","?","?","M","$","R","E","R","T","M","M","M","M","?","R","BOSS"],"build_version":"2018-06-07v3","seed_source_timestamp":9970833892755,"purchased_purges":0,"victory":false,"master_deck":["Defend_G","Defend_G+1","Defend_G","Defend_G","Strike_G","Strike_G","Strike_G","Strike_G","Strike_G","Survivor","Neutralize","Sucker Punch+1","Terror","PiercingWail+1","All Out Attack","Caltrops","Dagger Spray","Noxious Fumes","Caltrops","Envenom","Masterful Stab","Defend_G","RitualDagger","All Out Attack","Caltrops","Distraction","Caltrops","Sucker Punch","Deadly Poison","Unload","Dagger Spray+1","Writhe"],"max_hp_per_floor":[70,70,70,70,70,70,70,70,70,70,70,70,70,70,70,70,70,70,70,70,70,70,70,70,70,70,70,70,70,70,76,76,76],"relics":["White Beast Statue","Pen Nib","War Paint","Bronze Scales","Velvet Choker","Gremlin Horn","Darkstone Periapt","Ancient Tea Set","Juzu Bracelet"],"card_choices":[{"not_picked":["Dodge and Roll","Acrobatics"],"picked":"Sucker Punch","floor":1},{"not_picked":["Quick Slash","Predator"],"picked":"Terror","floor":2},{"not_picked":["Flying Knee","Choke"],"picked":"All Out Attack","floor":5},{"not_picked":["Blade Dance","Dodge and Roll"],"picked":"Caltrops","floor":6},{"not_picked":["Dagger Throw","Finisher"],"picked":"Dagger Spray","floor":8},{"not_picked":["Choke","Bane"],"picked":"Noxious Fumes","floor":12},{"not_picked":["Deadly Poison","Prepared"],"picked":"Caltrops","floor":14},{"not_picked":["Adrenaline","Corpse Explosion"],"picked":"Envenom","floor":16},{"not_picked":["Dodge and Roll","Deflect"],"picked":"Masterful Stab","floor":18},{"not_picked":["Prepared","Choke"],"picked":"All Out Attack","floor":21},{"not_picked":["Prepared","Infinite Blades"],"picked":"Caltrops","floor":24},{"not_picked":["Predator","Acrobatics"],"picked":"Sucker Punch","floor":27},{"not_picked":["Prepared+1","Masterful Stab+1"],"picked":"Deadly Poison","floor":28},{"not_picked":["Dagger Throw+1","Deflect"],"picked":"Unload","floor":29},{"not_picked":["Calculated Gamble","Dodge and Roll"],"picked":"Dagger Spray+1","floor":30}],"player_experience":92354,"potions_floor_usage":[5,6,6,12,12,16,18,21,24,27,28,30,30,33],"damage_taken":[{"damage":0,"enemies":"Small Slimes","floor":1,"turns":6},{"damage":2,"enemies":"Jaw Worm","floor":2,"turns":4},{"damage":2,"enemies":"2 Louse","floor":5,"turns":2},{"damage":22,"enemies":"Gremlin Nob","floor":6,"turns":5},{"damage":4,"enemies":"Exordium Wildlife","floor":8,"turns":4},{"damage":2,"enemies":"Large Slime","floor":12,"turns":5},{"damage":6,"enemies":"Blue Slaver","floor":14,"turns":3},{"damage":2,"enemies":"Hexaghost","floor":16,"turns":8},{"damage":12,"enemies":"Spheric Guardian","floor":18,"turns":3},{"damage":20,"enemies":"Chosen","floor":21,"turns":6},{"damage":24,"enemies":"Gremlin Leader","floor":24,"turns":6},{"damage":18,"enemies":"3 Cultists","floor":27,"turns":4},{"damage":41,"enemies":"Centurion and Healer","floor":28,"turns":6},{"damage":7,"enemies":"Snake Plant","floor":29,"turns":3},{"damage":13,"enemies":"3 Cultists","floor":30,"turns":4},{"damage":57,"enemies":"Collector","floor":33,"turns":7}],"relics_obtained":[{"floor":6,"key":"Pen Nib"},{"floor":9,"key":"War Paint"},{"floor":24,"key":"Darkstone Periapt"},{"floor":26,"key":"Ancient Tea Set"}],"event_choices":[{"event_name":"Shining Light","player_choice":"Entered Light","floor":4,"damage_taken":0},{"event_name":"World of Goop","player_choice":"Gather Gold","floor":10,"damage_taken":0},{"event_name":"Scrap Ooze","player_choice":"success","floor":13,"damage_taken":7},{"event_name":"Beggar","player_choice":"Ignored","floor":19,"damage_taken":0},{"event_name":"Nest","player_choice":"Joined the Cult","floor":20,"damage_taken":0},{"event_name":"The Mausoleum","player_choice":"Yes","floor":31,"damage_taken":0}],"boss_relics":[{"not_picked":["Lizard Tail","Ectoplasm"],"picked":"Velvet Choker"}],"items_purged_floors":[],"potions_floor_spawned":[1,2,5,6,8,12,14,16,18,21,24,27,28,29,30],"seed_played":"-4876531619451677331","killed_by":"Collector","ascension_level":0,"potions_obtained":[{"floor":1,"key":"Explosive Potion"},{"floor":2,"key":"Energy Potion"},{"floor":5,"key":"SpeedPotion"},{"floor":6,"key":"PowerPotion"},{"floor":8,"key":"Ancient Potion"},{"floor":12,"key":"GhostInAJar"},{"floor":14,"key":"Swift Potion"},{"floor":16,"key":"Strength Potion"},{"floor":18,"key":"Weak Potion"},{"floor":21,"key":"FairyPotion"},{"floor":24,"key":"SkillPotion"},{"floor":27,"key":"Regen Potion"},{"floor":28,"key":"SteroidPotion"},{"floor":29,"key":"SkillPotion"},{"floor":30,"key":"Dexterity Potion"}],"is_trial":false}