{"path_per_floor":["M","M","?","M","M","R","E","$","T","M","E","M","R","$","R","B",null,"M","?","M","M","M","R","E","M","T","R","?","M","R","M","R"],"character_chosen":"THE_SILENT","items_purchased":["Magnetism","Distraction"],"gold_per_floor":[116,136,215,234,245,245,280,67,67,87,118,130,130,52,52,155,155,165,165,179,195,207,207,234,254,254,254,254,270,270,290,290,290],"floor_reached":33,"campfire_rested":3,"playtime":2440,"item_purchase_floors":[8,14],"current_hp_per_floor":[62,62,62,62,60,60,46,46,46,43,35,33,51,51,51,18,63,63,63,53,43,41,41,33,22,22,40,40,32,50,50,50,0],"items_purged":[],"gold":290,"score":331,"play_id":"0d260325-2d62-4112-a936-795bc192c6ca","local_time":"20180621223014","is_prod":false,"is_daily":false,"chose_seed":false,"is_ascension_mode":false,"campfire_upgraded":1,"win_rate":0,"timestamp":1529613014,"campfire_choices":[{"data":"All Out Attack","floor":6,"key":"SMITH"},{"floor":13,"key":"REST"},{"data":"1","floor":15,"key":"LIFT"},{"data":"2","floor":23,"key":"LIFT"},{"floor":27,"key":"REST"},{"floor":30,"key":"REST"},{"data":"3","floor":32,"key":"LIFT"}],"path_taken":["M","M","?","M","M","R","E","$","T","M","E","?","R","?","R","BOSS","M","?","M","M","M","R","E","M","T","R","?","M","R","?","R","BOSS"],"build_version":"2018-06-14v2","seed_source_timestamp":6045616989143,"purchased_purges":0,"victory":false,"master_deck":["Defend_G","Defend_G","Defend_G","Defend_G","Defend_G","Strike_G","Strike_G","Strike_G","Strike_G","Strike_G","Survivor","Neutralize","Backstab","All Out Attack+1","Dagger Spray","Acrobatics","Dagger Spray","Magnetism","Adrenaline","Calculated Gamble","Noxious Fumes","Distraction","Glass Knife","Writhe","Pain","Clumsy","Bullet Time","Neutralize","Blind","Dash","PiercingWail+1","Eviscerate","Tools of the Trade","Dagger Spray","Choke+1","All Out Attack"],"max_hp_per_floor":[63,63,63,63,63,63,63,63,63,63,63,63,63,63,63,63,63,63,63,63,63,63,63,63,63,63,63,63,63,63,63,63,63],"relics":["Ring of the Snake","Tingsha","Du-Vu Doll","Girya","Incense Burner","Calling Bell","Vajra","Matryoshka","Gambling Chip","Bag of Preparation","Peace Pipe","Bottled Flame"],"card_choices":[{"not_picked":["Prepared","Skewer"],"picked":"Backstab","floor":1},{"not_picked":["Underhanded Strike","Footwork"],"picked":"All Out Attack","floor":2},{"not_picked":["Finisher","Catalyst"],"picked":"Dagger Spray","floor":4},{"not_picked":["Flying Knee","Deadly Poison"],"picked":"Acrobatics","floor":5},{"not_picked":["Expertise","Catalyst"],"picked":"Dagger Spray","floor":7},{"not_picked":["Prepared","Backstab"],"picked":"Adrenaline","floor":10},{"not_picked":["Noxious Fumes","Infinite Blades"],"picked":"Calculated Gamble","floor":11},{"not_picked":["Riddle With Holes","Deadly Poison"],"picked":"Noxious Fumes","floor":12},{"not_picked":["Doppelganger","Wraith Form v2"],"picked":"Glass Knife","floor":16},{"not_picked":["Prepared+1","Underhanded Strike"],"picked":"Bullet Time","floor":18},{"not_picked":["Deadly Poison","Outmaneuver"],"picked":"Dash","floor":20},{"not_picked":["Heel Hook+1","Noxious Fumes"],"picked":"PiercingWail+1","floor":21},{"not_picked":["Bane","Dodge and Roll"],"picked":"Eviscerate","floor":22},{"not_picked":["Expertise","Backflip"],"picked":"Tools of the Trade","floor":24},{"not_picked":["Deadly Poison","Masterful Stab"],"picked":"Dagger Spray","floor":25},{"not_picked":["Bane","Blur"],"picked":"Choke+1","floor":29},{"not_picked":["Cloak And Dagger","Bane"],"picked":"All Out Attack","floor":31}],"player_experience":103643,"potions_floor_usage":[11,16,21,21,29,33,33],"damage_taken":[{"damage":1,"enemies":"Small Slimes","floor":1,"turns":3},{"damage":0,"enemies":"2 Louse","floor":2,"turns":2},{"damage":0,"enemies":"Cultist","floor":4,"turns":3},{"damage":2,"enemies":"Large Slime","floor":5,"turns":4},{"damage":14,"enemies":"3 Sentries","floor":7,"turns":5},{"damage":3,"enemies":"Lots of Slimes","floor":10,"turns":2},{"damage":8,"enemies":"Lagavulin","floor":11,"turns":5},{"damage":2,"enemies":"Exordium Thugs","floor":12,"turns":2},{"damage":33,"enemies":"The Guardian","floor":16,"turns":9},{"damage":0,"enemies":"3 Byrds","floor":18,"turns":2},{"damage":10,"enemies":"2 Thieves","floor":20,"turns":2},{"damage":10,"enemies":"Snake Plant","floor":21,"turns":3},{"damage":2,"enemies":"3 Cultists","floor":22,"turns":3},{"damage":8,"enemies":"Slavers","floor":24,"turns":1},{"damage":11,"enemies":"Sentry and Sphere","floor":25,"turns":3},{"damage":8,"enemies":"Centurion and Healer","floor":29,"turns":3},{"damage":0,"enemies":"Chosen and Byrds","floor":31,"turns":2},{"damage":63,"enemies":"Automaton","floor":33,"turns":6}],"relics_obtained":[{"floor":7,"key":"Du-Vu Doll"},{"floor":9,"key":"Girya"},{"floor":11,"key":"Incense Burner"},{"floor":17,"key":"Vajra"},{"floor":17,"key":"Matryoshka"},{"floor":17,"key":"Gambling Chip"},{"floor":24,"key":"Bag of Preparation"},{"floor":26,"key":"Peace Pipe"},{"floor":26,"key":"Bottled Flame"}],"event_choices":[{"event_name":"Golden Wing","player_choice":"Gained Gold","floor":3,"damage_taken":0},{"event_name":"Match and Keep!","player_choice":"2 cards matched","floor":19,"damage_taken":0},{"event_name":"Ghosts","player_choice":"Ignored","floor":28,"damage_taken":0}],"boss_relics":[{"not_picked":["Fusion Hammer","Black Star"],"picked":"Calling Bell"}],"items_purged_floors":[],"is_endless":false,"potions_floor_spawned":[4,11,16,18,20,24,25,31],"seed_played":"-2891115848128743411","killed_by":"Automaton","ascension_level":0,"potions_obtained":[{"floor":4,"key":"SpeedPotion"},{"floor":11,"key":"FearPotion"},{"floor":16,"key":"Weak Potion"},{"floor":18,"key":"SmokeBomb"},{"floor":20,"key":"Ancient Potion"},{"floor":24,"key":"Dexterity Potion"},{"floor":25,"key":"FearPotion"},{"floor":31,"key":"SteroidPotion"}],"is_trial":false}