{"gold_per_floor":[110,110,128,128,28,53,53,67,67,94,20,33,33,50,50,153,153,164,179,94,15,72,72,72,72,96,11,11,29,29,47,47,47],"floor_reached":33,"playtime":1130,"items_purged":[],"score":266,"play_id":"96783e75-e850-437e-92b5-1f0c740ea829","local_time":"20180702222418","is_ascension_mode":true,"campfire_choices":[{"floor":7,"key":"REST"},{"floor":15,"key":"REST"},{"floor":23,"key":"REST"},{"floor":28,"key":"REST"},{"floor":32,"key":"REST"}],"neow_cost":"NONE","seed_source_timestamp":15135861251700,"circlet_count":0,"master_deck":["Strike_B","Strike_B","Defend_B","Defend_B","Defend_B","Zap","Capacitor","Gash","Static Discharge+1","Streamline","Hello World","Cold Snap","Coolheaded","Loop","Melter","Turbo","Chaos","Creative AI","Redo+1","Storm+1","Melter","Undo","FTL","Cold Snap","Cold Snap"],"relics":["Cracked Core","Smiling Mask","Vajra","Juzu Bracelet","Runic Pyramid","Boot","Tiny Chest","Art of War"],"potions_floor_usage":[8,14,14,18,29,29,33],"damage_taken":[{"damage":5,"enemies":"2 Louse","floor":1,"turns":2},{"damage":1,"enemies":"Cultist","floor":3,"turns":3},{"damage":29,"enemies":"3 Sentries","floor":6,"turns":5},{"damage":11,"enemies":"Jaw Worm","floor":8,"turns":2},{"damage":18,"enemies":"Gremlin Nob","floor":10,"turns":4},{"damage":13,"enemies":"Looter","floor":12,"turns":3},{"damage":4,"enemies":"Large Slime","floor":14,"turns":4},{"damage":32,"enemies":"Slime Boss","floor":16,"turns":8},{"damage":33,"enemies":"2 Thieves","floor":18,"turns":5},{"damage":25,"enemies":"Shell Parasite","floor":19,"turns":4},{"damage":25,"enemies":"3 Cultists","floor":29,"turns":5},{"damage":27,"enemies":"Snake Plant","floor":31,"turns":3},{"damage":39,"enemies":"Collector","floor":33,"turns":3}],"seed_played":"3918300568571760689","potions_obtained":[{"floor":6,"key":"AttackPotion"},{"floor":8,"key":"Energy Potion"},{"floor":10,"key":"GamblersBrew"},{"floor":16,"key":"PowerPotion"},{"floor":19,"key":"SkillPotion"},{"floor":31,"key":"AttackPotion"}],"is_trial":false,"path_per_floor":["M","?","M","?","$","E","R","M","T","E","$","M","?","M","R","B",null,"M","M","?","$","T","R","?","?","T","$","R","M","?","M","R"],"character_chosen":"DEFECT","items_purchased":["Streamline","Hello World","Melter","Melter","FTL","AttackPotion"],"campfire_rested":5,"item_purchase_floors":[5,5,11,21,27,27],"current_hp_per_floor":[70,70,69,69,69,40,62,51,51,33,33,20,20,16,38,6,75,42,17,17,17,17,39,39,39,39,39,61,36,36,9,31,0],"gold":47,"neow_bonus":"TRANSFORM_CARD","is_prod":false,"is_daily":false,"chose_seed":false,"campfire_upgraded":0,"win_rate":0,"timestamp":1530563058,"path_taken":["M","?","M","?","$","E","R","M","T","E","$","M","?","M","R","BOSS","M","M","?","$","?","R","?","?","T","?","R","M","?","M","R","BOSS"],"build_version":"2018-06-28","purchased_purges":0,"victory":false,"max_hp_per_floor":[75,75,75,75,75,75,75,75,75,75,75,75,75,75,75,75,75,75,75,75,75,75,75,75,75,75,75,75,75,75,75,75,75],"card_choices":[{"not_picked":["Stack","Chaos"],"picked":"Gash","floor":1},{"not_picked":["Beam Cell","Double Energy"],"picked":"Static Discharge","floor":3},{"not_picked":["Compile Driver","Rebound"],"picked":"Cold Snap","floor":6},{"not_picked":["Heatsinks","Sweeping Beam"],"picked":"Coolheaded","floor":8},{"not_picked":["Rebound","Chill"],"picked":"Loop","floor":10},{"not_picked":["Cold Snap","Loop"],"picked":"Turbo","floor":12},{"not_picked":["Redo","Streamline"],"picked":"Chaos","floor":14},{"not_picked":["Amplify","Meteor Strike"],"picked":"Creative AI","floor":16},{"not_picked":["Steam","Leap"],"picked":"Redo+1","floor":18},{"not_picked":["Rebound","Streamline"],"picked":"Storm+1","floor":19},{"not_picked":["Steam","Tempest"],"picked":"Cold Snap","floor":29},{"not_picked":["Undo","Heatsinks"],"picked":"Cold Snap","floor":31}],"player_experience":138979,"relics_obtained":[{"floor":6,"key":"Smiling Mask"},{"floor":9,"key":"Vajra"},{"floor":10,"key":"Juzu Bracelet"},{"floor":22,"key":"Tiny Chest"},{"floor":26,"key":"Art of War"}],"event_choices":[{"event_name":"Bonfire Elementals","player_choice":"BASIC","floor":2,"damage_taken":0},{"event_name":"The Cleric","player_choice":"Leave","floor":4,"damage_taken":0},{"event_name":"Living Wall","player_choice":"Grow","floor":13,"damage_taken":0},{"event_name":"Addict","player_choice":"Obtained Relic","floor":20,"damage_taken":0},{"event_name":"Transmorgrifier","player_choice":"Transform","floor":24,"damage_taken":0},{"event_name":"Purifier","player_choice":"One Purge","floor":25,"damage_taken":0},{"event_name":"Drug Dealer","player_choice":"Ignored","floor":30,"damage_taken":0}],"boss_relics":[{"not_picked":["Philosopher\u0027s Stone","Snecko Eye"],"picked":"Runic Pyramid"}],"items_purged_floors":[],"is_endless":false,"potions_floor_spawned":[6,8,10,16,19,31],"killed_by":"Collector","ascension_level":1}