{"gold_per_floor":[117,136,136,211,227,256,273,298,298,473,473,490,490,520,520,520],"floor_reached":16,"playtime":1153,"items_purged":[],"score":171,"play_id":"bd6e6644-f9e1-4714-ac97-e673884926a5","local_time":"20190115203420","is_ascension_mode":true,"campfire_choices":[{"floor":13,"key":"REST"},{"floor":15,"key":"REST"}],"neow_cost":"NONE","seed_source_timestamp":2311886406714754,"circlet_count":0,"master_deck":["AscendersBane","Strike_R","Strike_R","Strike_R","Strike_R","Strike_R","Defend_R","Defend_R","Defend_R","Defend_R","Bash","Perfected Strike","Shrug It Off","Flex","Carnage","Ghostly Armor","Sword Boomerang","Doubt","Regret","Warcry"],"relics":["Burning Blood","NeowsBlessing","Calipers","Shovel","Bottled Lightning","Darkstone Periapt"],"potions_floor_usage":[8,8],"damage_taken":[{"damage":0,"enemies":"Jaw Worm","floor":1,"turns":1},{"damage":0,"enemies":"Small Slimes","floor":2,"turns":1},{"damage":0,"enemies":"2 Louse","floor":5,"turns":1},{"damage":32,"enemies":"Gremlin Nob","floor":6,"turns":4},{"damage":12,"enemies":"Looter","floor":7,"turns":3},{"damage":24,"enemies":"Lagavulin","floor":8,"turns":6},{"damage":30,"enemies":"Large Slime","floor":12,"turns":8},{"damage":57,"enemies":"The Guardian","floor":16,"turns":9}],"seed_played":"714201230447890771","potions_obtained":[{"floor":2,"key":"Weak Potion"},{"floor":5,"key":"Block Potion"}],"is_trial":false,"path_per_floor":["M","M","$","?","M","E","M","E","T","?","?","M","R","?","R","B"],"character_chosen":"IRONCLAD","items_purchased":[],"campfire_rested":2,"item_purchase_floors":[],"current_hp_per_floor":[78,80,80,69,75,49,43,25,25,25,31,7,32,32,57,0],"gold":520,"neow_bonus":"THREE_ENEMY_KILL","is_prod":false,"is_daily":false,"chose_seed":false,"campfire_upgraded":0,"win_rate":0,"timestamp":1547577260,"path_taken":["M","M","$","?","M","E","M","E","T","?","?","?","R","?","R","BOSS"],"build_version":"2019-01-14v2","purchased_purges":0,"victory":false,"max_hp_per_floor":[80,80,80,80,80,80,80,80,80,80,86,86,86,86,86,86],"card_choices":[{"not_picked":["Combust","Twin Strike"],"picked":"Perfected Strike","floor":1},{"not_picked":["Thunderclap","Corruption"],"picked":"Shrug It Off","floor":2},{"not_picked":["Headbutt","Bloodletting"],"picked":"Flex","floor":5},{"not_picked":["Body Slam","Spot Weakness"],"picked":"Carnage","floor":6},{"not_picked":["Bloodletting","Hemokinesis"],"picked":"Ghostly Armor","floor":7},{"not_picked":["Rampage","Combust"],"picked":"Sword Boomerang","floor":8},{"not_picked":["Headbutt","Body Slam"],"picked":"Warcry","floor":12}],"player_experience":371129,"relics_obtained":[{"floor":6,"key":"Calipers"},{"floor":8,"key":"Shovel"},{"floor":9,"key":"Bottled Lightning"}],"event_choices":[{"damage_healed":0,"gold_gain":75,"player_choice":"Gather Gold","damage_taken":11,"max_hp_gain":0,"max_hp_loss":0,"event_name":"World of Goop","floor":4,"gold_loss":0},{"damage_healed":0,"gold_gain":175,"player_choice":"AGREE","damage_taken":0,"max_hp_gain":0,"max_hp_loss":0,"event_name":"Liars Game","floor":10,"gold_loss":0,"cards_obtained":["Doubt"]},{"damage_healed":0,"gold_gain":0,"player_choice":"Box","damage_taken":0,"relics_obtained":["Darkstone Periapt"],"max_hp_gain":0,"max_hp_loss":0,"event_name":"Big Fish","floor":11,"gold_loss":0,"cards_obtained":["Regret"]},{"damage_healed":0,"gold_gain":30,"player_choice":"Searched \u00271\u0027 times","damage_taken":0,"max_hp_gain":0,"max_hp_loss":0,"event_name":"Dead Adventurer","floor":14,"gold_loss":0}],"is_beta":true,"boss_relics":[],"items_purged_floors":[],"is_endless":false,"potions_floor_spawned":[2,5,6,7],"killed_by":"The Guardian","ascension_level":11}