{"gold_per_floor":[10,10,21,32,32,32,45,78,78,91,37,37,37,66,66,171,171,187,202,221,234,249,282,302,302,302,302,319,319,344,344,344,344],"floor_reached":33,"playtime":1575,"items_purged":[],"score":437,"play_id":"98716468-6df3-494c-81ef-44dff7efb4e5","local_time":"20181125181845","is_ascension_mode":true,"campfire_choices":[{"data":"Zap","floor":6.0,"key":"SMITH"},{"data":"Dualcast","floor":15.0,"key":"SMITH"},{"floor":25,"key":"REST"},{"floor":32,"key":"REST"}],"neow_cost":"NO_GOLD","seed_source_timestamp":0,"circlet_count":0,"master_deck":["Strike_B","Strike_B","Strike_B","Defend_B","Defend_B","Defend_B","Defend_B+1","Zap+1","Dualcast+1","Electrodynamics+1","Leap","Cold Snap","Sweeping Beam","Ball Lightning","All For One","Compile Driver","Beam Cell","Steam","Multi-Cast+1","Leap+1","Beam Cell+1","Turbo","Cold Snap","Machine Learning","Stack","Hologram","Redo","Go for the Eyes"],"special_seed":0,"relics":["Cracked Core","Lantern","Pen Nib","Odd Mushroom","Sozu","The Courier","Bottled Lightning","Kunai","MutagenicStrength","War Paint"],"potions_floor_usage":[],"damage_taken":[{"damage":0.0,"enemies":"Small Slimes","floor":1.0,"turns":2.0},{"damage":0.0,"enemies":"Cultist","floor":3.0,"turns":3.0},{"damage":0.0,"enemies":"Jaw Worm","floor":4.0,"turns":3.0},{"damage":4.0,"enemies":"Looter","floor":7.0,"turns":3.0},{"damage":16.0,"enemies":"Lagavulin","floor":8.0,"turns":8.0},{"damage":3.0,"enemies":"3 Louse","floor":10.0,"turns":2.0},{"damage":1.0,"enemies":"The Mushroom Lair","floor":14.0,"turns":2.0},{"damage":0.0,"enemies":"Slime Boss","floor":16.0,"turns":6.0},{"damage":0.0,"enemies":"Spheric Guardian","floor":18.0,"turns":3.0},{"damage":0.0,"enemies":"3 Byrds","floor":19.0,"turns":3.0},{"damage":14.0,"enemies":"Centurion and Healer","floor":20.0,"turns":4.0},{"damage":32.0,"enemies":"Cultist and Chosen","floor":21.0,"turns":6.0},{"damage":8.0,"enemies":"Snecko","floor":22.0,"turns":3.0},{"damage":25.0,"enemies":"Book of Stabbing","floor":23.0,"turns":5.0},{"damage":0.0,"enemies":"3 Cultists","floor":24.0,"turns":2.0},{"damage":0,"enemies":"Sentry and Sphere","floor":28,"turns":3},{"damage":0,"enemies":"Gremlin Leader","floor":30,"turns":4},{"damage":67,"enemies":"Champ","floor":33,"turns":12}],"seed_played":"8848310503261282732","potions_obtained":[{"floor":1.0,"key":"LiquidBronze"},{"floor":4.0,"key":"Ancient Potion"},{"floor":7.0,"key":"Weak Potion"},{"floor":8.0,"key":"Regen Potion"}],"is_trial":false,"path_per_floor":["M","?","M","M","?","R","M","E","T","M","$","?","$","?","R","B",null,"M","M","M","M","M","E","M","R","T","?","M","?","E","?","R","B"],"character_chosen":"DEFECT","items_purchased":["Beam Cell"],"campfire_rested":2,"item_purchase_floors":[11],"current_hp_per_floor":[75,75,75,75,75,75,71,55,55,52,52,57,57,56,56,56,80,80,80,66,34,26,1,1,25,25,25,25,25,25,25,49,0],"gold":344,"neow_bonus":"THREE_RARE_CARDS","is_prod":false,"is_daily":false,"chose_seed":false,"campfire_upgraded":2,"win_rate":0,"timestamp":1543198725,"path_taken":["M","?","M","M","?","R","M","E","T","?","$","?","?","?","R","BOSS","M","M","M","M","M","E","M","R","T","?","M","?","E","?","R","BOSS"],"build_version":"2018-11-15","purchased_purges":0,"victory":false,"max_hp_per_floor":[75,75,75,75,75,75,75,75,75,75,75,80,80,80,80,80,80,80,80,80,80,80,80,80,80,80,80,80,80,80,80,80,80],"card_choices":[{"not_picked":["Seek","Thunder Strike"],"picked":"Electrodynamics","floor":0.0},{"not_picked":["Double Energy","Streamline"],"picked":"Leap","floor":1.0},{"not_picked":["Leap","Recycle"],"picked":"Cold Snap","floor":3.0},{"not_picked":["Steam","Leap"],"picked":"Sweeping Beam","floor":4.0},{"not_picked":["Rebound","Compile Driver"],"picked":"Ball Lightning","floor":7.0},{"not_picked":["Chill","Go for the Eyes"],"picked":"All For One","floor":8.0},{"not_picked":["Steam Power","Sweeping Beam"],"picked":"Compile Driver","floor":10.0},{"not_picked":["Hologram","Rebound"],"picked":"Steam","floor":14.0},{"not_picked":["Reboot","Rainbow"],"picked":"Multi-Cast","floor":16.0},{"not_picked":["Turbo","Barrage+1"],"picked":"Leap+1","floor":18.0},{"not_picked":["Redo","Steam"],"picked":"Beam Cell+1","floor":19.0},{"not_picked":["Reprogram","Barrage+1"],"picked":"Turbo","floor":20.0},{"not_picked":["Rebound","Undo"],"picked":"Cold Snap","floor":21.0},{"not_picked":["Hello World","Force Field"],"picked":"Machine Learning","floor":22.0},{"not_picked":["Turbo","Storm"],"picked":"Stack","floor":23.0},{"not_picked":["Barrage","Sweeping Beam"],"picked":"Hologram","floor":24.0},{"not_picked":["Rip and Tear","Compile Driver","Force Field"],"picked":"SKIP","floor":28},{"not_picked":["Genetic Algorithm+1","Coolheaded"],"picked":"Redo","floor":30}],"player_experience":173143,"relics_obtained":[{"floor":8.0,"key":"Lantern"},{"floor":9.0,"key":"Pen Nib"},{"floor":14.0,"key":"Odd Mushroom"},{"floor":23.0,"key":"The Courier"},{"floor":26,"key":"Bottled Lightning"},{"floor":30,"key":"War Paint"}],"event_choices":[{"damage_healed":0.0,"max_hp_gain":0.0,"max_hp_loss":0.0,"gold_gain":0.0,"event_name":"Living Wall","player_choice":"Grow","floor":2.0,"gold_loss":0.0,"damage_taken":0.0,"cards_upgraded":["Electrodynamics"]},{"cards_removed":["Strike_B"],"damage_healed":0.0,"max_hp_gain":0.0,"max_hp_loss":0.0,"gold_gain":0.0,"event_name":"Purifier","player_choice":"Purged","floor":5.0,"gold_loss":0.0,"damage_taken":0.0},{"damage_healed":0.0,"max_hp_gain":5.0,"max_hp_loss":0.0,"gold_gain":0.0,"event_name":"Big Fish","player_choice":"Donut","floor":12.0,"gold_loss":0.0,"damage_taken":0.0},{"damage_healed":0.0,"max_hp_gain":0.0,"max_hp_loss":0.0,"gold_gain":0.0,"event_name":"Mushrooms","player_choice":"Fought Mushrooms","floor":14.0,"gold_loss":0.0,"damage_taken":0.0},{"damage_healed":0,"gold_gain":0,"player_choice":"Opened","damage_taken":0,"relics_obtained":["Kunai"],"max_hp_gain":0,"max_hp_loss":0,"event_name":"The Mausoleum","floor":27,"gold_loss":0},{"damage_healed":0,"gold_gain":0,"player_choice":"Inject Mutagens","damage_taken":0,"relics_obtained":["MutagenicStrength"],"max_hp_gain":0,"max_hp_loss":0,"event_name":"Drug Dealer","floor":29,"gold_loss":0},{"damage_healed":0,"gold_gain":0,"player_choice":"Read","damage_taken":0,"max_hp_gain":0,"max_hp_loss":0,"event_name":"The Library","floor":31,"gold_loss":0,"cards_obtained":["Go for the Eyes"]}],"is_beta":false,"boss_relics":[{"not_picked":["Ectoplasm","Astrolabe"],"picked":"Sozu"}],"items_purged_floors":[],"is_endless":false,"potions_floor_spawned":[1,4,7,8,10,18,21,24,30],"killed_by":"Champ","ascension_level":4}