{"gold_per_floor":[114,133,15,15,15,46,46,85,85,108,108,133,133,166,166,265,265,285,285,285,20,34,34,63,95,95,95,195,212,227,254,254,331,331,341,359,359,375,385,385,385,411,411,411,411,70,70,83,83,83],"floor_reached":51,"playtime":3938,"items_purged":["Normality","Clash"],"score":1446,"play_id":"64dbd10e-b818-4c02-9111-1493e412e3a2","local_time":"20190209200314","is_ascension_mode":true,"campfire_choices":[{"floor":7.0,"key":"REST"},{"floor":11.0,"key":"REST"},{"floor":13.0,"key":"REST"},{"floor":15.0,"key":"REST"},{"floor":23.0,"key":"REST"},{"floor":27.0,"key":"REST"},{"floor":32.0,"key":"REST"},{"floor":40.0,"key":"REST"},{"floor":45,"key":"REST"},{"floor":47,"key":"REST"},{"floor":49,"key":"REST"}],"neow_cost":"CURSE","seed_source_timestamp":0,"circlet_count":0,"master_deck":["AscendersBane","Strike_R","Strike_R","Strike_R","Strike_R","Strike_R","Defend_R","Defend_R","Defend_R","Bash","Seeing Red","Metallicize","Corruption","Metallicize","Clothesline","Wild Strike","Shrug It Off","Rage","Juggernaut+1","Twin Strike","Disarm+1","Pommel Strike","Rage","Intimidate","Feel No Pain+1","Disarm","Armaments","Bludgeon","Clothesline+1","Flame Barrier","Shrug It Off","Parasite","Ghostly Armor+1","Armaments","Dual Wield+1","Sever Soul","Mayhem+1","Flame Barrier","Shrug It Off"],"special_seed":0,"relics":["Burning Blood","Bloody Idol","WingedGreaves","Torii","Frozen Egg 2","Odd Mushroom","Fusion Hammer","Gremlin Horn","Bag of Preparation","Strawberry","PreservedInsect","Ginger","Matryoshka","Dream Catcher","Sozu","Mercury Hourglass","Pen Nib","Smiling Mask"],"potions_floor_usage":[],"damage_taken":[{"damage":6.0,"enemies":"Small Slimes","floor":1.0,"turns":4.0},{"damage":7.0,"enemies":"Jaw Worm","floor":2.0,"turns":3.0},{"damage":48.0,"enemies":"3 Sentries","floor":6.0,"turns":17.0},{"damage":68.0,"enemies":"Lagavulin","floor":8.0,"turns":12.0},{"damage":0.0,"enemies":"Cultist","floor":10.0,"turns":4.0},{"damage":29.0,"enemies":"3 Louse","floor":12.0,"turns":5.0},{"damage":31.0,"enemies":"The Mushroom Lair","floor":14.0,"turns":6.0},{"damage":20.0,"enemies":"The Guardian","floor":16.0,"turns":18.0},{"damage":13.0,"enemies":"3 Byrds","floor":18.0,"turns":5.0},{"damage":50.0,"enemies":"2 Thieves","floor":22.0,"turns":4.0},{"damage":33.0,"enemies":"Book of Stabbing","floor":24.0,"turns":6.0},{"damage":39.0,"enemies":"Slavers","floor":25.0,"turns":6.0},{"damage":14.0,"enemies":"Colosseum Slavers","floor":28.0,"turns":5.0},{"damage":1.0,"enemies":"Colosseum Nobs","floor":28.0,"turns":3.0},{"damage":19.0,"enemies":"Centurion and Healer","floor":29.0,"turns":8.0},{"damage":13.0,"enemies":"Sentry and Sphere","floor":30.0,"turns":5.0},{"damage":0.0,"enemies":"Gremlin Leader","floor":31.0,"turns":6.0},{"damage":68.0,"enemies":"Collector","floor":33.0,"turns":15.0},{"damage":44.0,"enemies":"3 Shapes","floor":35.0,"turns":5.0},{"damage":29.0,"enemies":"Orb Walker","floor":36.0,"turns":5.0},{"damage":22.0,"enemies":"3 Darklings","floor":38.0,"turns":5.0},{"damage":15.0,"enemies":"Writhing Mass","floor":39.0,"turns":4.0},{"damage":25,"enemies":"Nemesis","floor":42,"turns":9},{"damage":26,"enemies":"Spire Growth","floor":48,"turns":6},{"damage":89,"enemies":"Time Eater","floor":50,"turns":12}],"seed_played":"-4985759225865910513","potions_obtained":[{"floor":1.0,"key":"Poison Potion"},{"floor":2.0,"key":"FearPotion"},{"floor":14.0,"key":"SkillPotion"},{"floor":18.0,"key":"FearPotion"},{"floor":29.0,"key":"Energy Potion"},{"floor":30.0,"key":"Fire Potion"},{"floor":31.0,"key":"Weak Potion"},{"floor":33.0,"key":"EssenceOfSteel"}],"is_trial":false,"path_per_floor":["M","M","$","?","?","E","R","E","T","M","R","M","R","?","R","B",null,"M","?","?","$","M","R","E","E","T","R","?","M","M","E","R","B",null,"M","M","?","M","M","R","?","E","T","?","R","$","R","M","R","B",null],"character_chosen":"IRONCLAD","items_purchased":["Corruption","Gremlin Horn","Mayhem+1","Flame Barrier","Shrug It Off"],"campfire_rested":11,"item_purchase_floors":[3,21,46,46,46],"current_hp_per_floor":[82,81,81,86,86,44,72,10,10,16,44,21,49,24,52,38,80,73,73,73,73,39,67,45,24,24,54,56,48,46,57,87,30,83,50,32,32,21,17,47,47,33,33,33,63,63,93,78,101,18],"gold":83,"neow_bonus":"TWENTY_PERCENT_HP_BONUS","is_prod":false,"is_daily":false,"chose_seed":false,"campfire_upgraded":0,"win_rate":0,"timestamp":1549735394,"path_taken":["M","M","$","?","?","E","R","E","T","?","R","M","R","?","R","BOSS","M","?","?","$","?","R","E","E","T","R","?","M","M","E","R","BOSS","M","M","?","?","M","R","?","E","T","?","R","$","R","M","R","BOSS"],"build_version":"2019-02-06","purchased_purges":2,"victory":true,"max_hp_per_floor":[89,89,89,94,94,94,94,94,94,94,94,94,94,94,94,94,94,94,94,94,94,94,94,94,101,101,101,101,101,101,101,101,101,101,101,101,101,101,101,101,101,101,101,101,101,101,101,101,101,101],"card_choices":[{"not_picked":["Spot Weakness","Flex"],"picked":"Seeing Red","floor":1.0},{"not_picked":["Cleave","Body Slam"],"picked":"Metallicize","floor":2.0},{"not_picked":["Cleave","Blood for Blood"],"picked":"Metallicize","floor":6.0},{"not_picked":["Pummel","Reckless Charge"],"picked":"Clothesline","floor":8.0},{"not_picked":["Sword Boomerang","Flex"],"picked":"Wild Strike","floor":10.0},{"not_picked":["Shockwave","Thunderclap"],"picked":"Shrug It Off","floor":12.0},{"not_picked":["Thunderclap","Body Slam"],"picked":"Rage","floor":14.0},{"not_picked":["Fiend Fire","Berserk+1"],"picked":"Juggernaut+1","floor":16.0},{"not_picked":["Anger","Wild Strike"],"picked":"Twin Strike","floor":18.0},{"not_picked":["Clothesline","Warcry+1"],"picked":"Disarm+1","floor":22.0},{"not_picked":["Warcry","Perfected Strike"],"picked":"Pommel Strike","floor":24.0},{"not_picked":["Shrug It Off","Twin Strike"],"picked":"Rage","floor":25.0},{"not_picked":["Bloodletting","Clash"],"picked":"Intimidate","floor":28.0},{"not_picked":["Sword Boomerang","Fiend Fire"],"picked":"Feel No Pain+1","floor":29.0},{"not_picked":["Cleave","Whirlwind"],"picked":"Disarm","floor":30.0},{"not_picked":["Flex","Twin Strike","Burning Pact"],"picked":"SKIP","floor":31.0},{"not_picked":["Blood for Blood","Wild Strike+1"],"picked":"Armaments","floor":32.0},{"not_picked":["Brutality+1","Immolate"],"picked":"Bludgeon","floor":33.0},{"not_picked":["Havoc","Seeing Red+1"],"picked":"Clothesline+1","floor":35.0},{"not_picked":["Combust+1","Headbutt+1"],"picked":"Flame Barrier","floor":36.0},{"not_picked":["Wild Strike+1","Perfected Strike+1"],"picked":"Shrug It Off","floor":38.0},{"not_picked":["Body Slam","Uppercut"],"picked":"Ghostly Armor+1","floor":39.0},{"not_picked":["Reckless Charge","Heavy Blade"],"picked":"Armaments","floor":40.0},{"not_picked":["Armaments","Offering"],"picked":"Dual Wield+1","floor":42},{"not_picked":["Power Through","Pommel Strike"],"picked":"Sever Soul","floor":45},{"not_picked":["Perfected Strike","Dropkick","Reckless Charge"],"picked":"SKIP","floor":48}],"player_experience":456113,"relics_obtained":[{"floor":6.0,"key":"WingedGreaves"},{"floor":8.0,"key":"Torii"},{"floor":9.0,"key":"Frozen Egg 2"},{"floor":14.0,"key":"Odd Mushroom"},{"floor":24.0,"key":"Bag of Preparation"},{"floor":25.0,"key":"Strawberry"},{"floor":26.0,"key":"PreservedInsect"},{"floor":28.0,"key":"Ginger"},{"floor":28.0,"key":"Matryoshka"},{"floor":31.0,"key":"Dream Catcher"},{"floor":42,"key":"Mercury Hourglass"},{"floor":43,"key":"Pen Nib"},{"floor":43,"key":"Smiling Mask"}],"event_choices":[{"damage_healed":0.0,"max_hp_gain":5.0,"max_hp_loss":0.0,"gold_gain":0.0,"event_name":"Big Fish","player_choice":"Donut","floor":4.0,"gold_loss":0.0,"damage_taken":0.0},{"damage_healed":0.0,"max_hp_gain":0.0,"max_hp_loss":0.0,"gold_gain":0.0,"event_name":"Golden Idol","player_choice":"Take Wound","floor":5.0,"gold_loss":0.0,"damage_taken":0.0,"relics_obtained":["Golden Idol"],"cards_obtained":["Injury"]},{"damage_healed":0.0,"max_hp_gain":0.0,"max_hp_loss":0.0,"gold_gain":0.0,"event_name":"Mushrooms","player_choice":"Fought Mushrooms","floor":14.0,"gold_loss":0.0,"damage_taken":0.0},{"damage_healed":0.0,"max_hp_gain":0.0,"max_hp_loss":0.0,"gold_gain":0.0,"event_name":"Forgotten Altar","player_choice":"Gave Idol","floor":19.0,"relics_lost":["Golden Idol"],"gold_loss":0.0,"damage_taken":0.0,"relics_obtained":["Bloody Idol"]},{"damage_healed":0.0,"max_hp_gain":0.0,"max_hp_loss":0.0,"gold_gain":0.0,"event_name":"Match and Keep!","player_choice":"1 cards matched","floor":20.0,"gold_loss":0.0,"damage_taken":0.0,"cards_obtained":["Clash"]},{"damage_healed":0.0,"max_hp_gain":0.0,"max_hp_loss":0.0,"gold_gain":0.0,"event_name":"Colosseum","player_choice":"Fight","floor":28.0,"gold_loss":0.0,"damage_taken":0.0},{"damage_healed":0.0,"max_hp_gain":0.0,"max_hp_loss":0.0,"gold_gain":0.0,"event_name":"Colosseum","player_choice":"Fought Nobs","floor":28.0,"gold_loss":0.0,"damage_taken":0.0},{"cards_removed":["Injury"],"damage_healed":0.0,"max_hp_gain":0.0,"max_hp_loss":0.0,"gold_gain":0.0,"event_name":"Purifier","player_choice":"Purged","floor":37.0,"gold_loss":0.0,"damage_taken":0.0},{"damage_healed":0,"gold_gain":0,"player_choice":"Ignored","damage_taken":0,"max_hp_gain":0,"max_hp_loss":0,"event_name":"Mysterious Sphere","floor":41,"gold_loss":0},{"cards_removed":["Defend_R"],"damage_healed":0,"gold_gain":0,"player_choice":"Removed Skill","damage_taken":0,"max_hp_gain":0,"max_hp_loss":0,"event_name":"Falling","floor":44,"gold_loss":0}],"is_beta":true,"boss_relics":[{"not_picked":["Calling Bell","White Beast Statue"],"picked":"Fusion Hammer"},{"not_picked":["Runic Dome","Philosopher\u0027s Stone"],"picked":"Sozu"}],"items_purged_floors":[3,46],"is_endless":false,"potions_floor_spawned":[1,2,14,18,28,29,30,31,33,36,38,39],"ascension_level":19}