{"gold_per_floor":[114,125,125,300,314,314,334,334,357,86,86,100,130,148,148,148],"floor_reached":16,"playtime":1104,"items_purged":["Strike_R"],"score":133,"play_id":"1bffc088-d3b1-4d7e-8e41-92c18343dbe7","local_time":"20190524152835","is_ascension_mode":true,"campfire_choices":[{"data":"Searing Blow","floor":6,"key":"SMITH"},{"data":"Searing Blow+1","floor":8,"key":"SMITH"},{"data":"Searing Blow+2","floor":11,"key":"SMITH"},{"floor":15,"key":"REST"}],"neow_cost":"NONE","seed_source_timestamp":13306536854218,"circlet_count":0,"master_deck":["Strike_R","Strike_R","Strike_R","Strike_R","Defend_R","Defend_R","Defend_R","Defend_R","Bash","Rampage","True Grit","Regret","Searing Blow+3","Clothesline","Ghostly Armor","Headbutt","Headbutt"],"relics":["Eternal Feather","Omamori","Centennial Puzzle","Bronze Scales","Singing Bowl"],"potions_floor_usage":[13,13],"damage_taken":[{"damage":6,"enemies":"Cultist","floor":1,"turns":4},{"damage":10,"enemies":"Small Slimes","floor":2,"turns":4},{"damage":7,"enemies":"Jaw Worm","floor":5,"turns":4},{"damage":20,"enemies":"Lots of Slimes","floor":7,"turns":5},{"damage":9,"enemies":"3 Louse","floor":12,"turns":3},{"damage":6,"enemies":"Gremlin Nob","floor":13,"turns":3},{"damage":18,"enemies":"Exordium Wildlife","floor":14,"turns":4},{"damage":66,"enemies":"Hexaghost","floor":16,"turns":9}],"seed_played":"-3126306591615589349","potions_obtained":[{"floor":5,"key":"Strength Potion"},{"floor":7,"key":"Regen Potion"},{"floor":12,"key":"SkillPotion"}],"is_trial":false,"path_per_floor":["M","M","?","?","M","R","M","R","T","$","R","M","E","M","R","B"],"character_chosen":"IRONCLAD","items_purchased":["Ghostly Armor","Bronze Scales"],"campfire_rested":1,"item_purchase_floors":[10,10],"current_hp_per_floor":[66,56,56,56,49,55,35,44,44,44,53,44,49,31,64,0],"gold":148,"neow_bonus":"BOSS_RELIC","is_prod":false,"is_daily":false,"chose_seed":false,"campfire_upgraded":3,"win_rate":0,"timestamp":1558726115,"path_taken":["M","?","?","?","?","R","M","R","T","$","R","?","E","M","R","BOSS"],"build_version":"2019-01-23","purchased_purges":1,"victory":false,"max_hp_per_floor":[80,80,80,80,80,80,80,80,80,80,80,80,82,82,82,82],"card_choices":[{"not_picked":["Body Slam","Warcry"],"picked":"Rampage","floor":1},{"not_picked":["Carnage","Armaments"],"picked":"True Grit","floor":2},{"not_picked":["Havoc","Infernal Blade"],"picked":"Searing Blow","floor":5},{"not_picked":["Hemokinesis","Warcry"],"picked":"Clothesline","floor":7},{"not_picked":["Warcry","Blood for Blood"],"picked":"Headbutt","floor":12},{"not_picked":["Sentinel","Havoc","Uppercut"],"picked":"Singing Bowl","floor":13},{"not_picked":["Thunderclap","Twin Strike"],"picked":"Headbutt","floor":14}],"player_experience":129696,"relics_obtained":[{"floor":9,"key":"Centennial Puzzle"},{"floor":13,"key":"Singing Bowl"}],"event_choices":[{"damage_healed":0,"gold_gain":0,"player_choice":"Box","damage_taken":0,"relics_obtained":["Omamori"],"max_hp_gain":0,"max_hp_loss":0,"event_name":"Big Fish","floor":3,"gold_loss":0,"cards_obtained":["Regret"]},{"damage_healed":0,"gold_gain":175,"player_choice":"AGREE","damage_taken":0,"max_hp_gain":0,"max_hp_loss":0,"event_name":"Liars Game","floor":4,"gold_loss":0,"cards_obtained":["Doubt"]}],"is_beta":false,"boss_relics":[],"items_purged_floors":[10],"is_endless":false,"potions_floor_spawned":[5,7,12],"killed_by":"Hexaghost","ascension_level":6}