{"gold_per_floor":[367,380,397,347,104,104,120,130,130,155,179,206,218,242,254,266],"floor_reached":16,"playtime":1021,"items_purged":["Strike_R"],"score":118,"play_id":"1c8481cd-0926-405c-b166-a62db83d016d","local_time":"20190317084002","is_ascension_mode":true,"campfire_choices":[{"data":"True Grit","floor":6,"key":"SMITH"},{"data":"Body Slam","floor":13,"key":"SMITH"},{"data":"Body Slam","floor":15,"key":"SMITH"}],"neow_cost":"TEN_PERCENT_HP_LOSS","seed_source_timestamp":64757410648866,"circlet_count":0,"master_deck":["Strike_R","Strike_R","Strike_R","Defend_R","Defend_R","Defend_R","Defend_R","Bash","True Grit+1","Reckless Charge","Reckless Charge","Body Slam+1","Wild Strike","Ghostly Armor","Body Slam+1","Reckless Charge"],"relics":["Burning Blood","Membership Card","MawBank"],"potions_floor_usage":[7,11,11,16],"damage_taken":[{"damage":6,"enemies":"Cultist","floor":1,"turns":3},{"damage":8,"enemies":"Jaw Worm","floor":2,"turns":6},{"damage":3,"enemies":"Small Slimes","floor":3,"turns":3},{"damage":16,"enemies":"Exordium Thugs","floor":7,"turns":6},{"damage":9,"enemies":"Red Slaver","floor":8,"turns":4},{"damage":6,"enemies":"Looter","floor":10,"turns":2},{"damage":26,"enemies":"Exordium Thugs","floor":11,"turns":6},{"damage":3,"enemies":"Blue Slaver","floor":12,"turns":4},{"damage":1,"enemies":"Looter","floor":14,"turns":2},{"damage":47,"enemies":"The Guardian","floor":16,"turns":11}],"seed_played":"-539756947800917171","potions_obtained":[{"floor":2,"key":"Explosive Potion"},{"floor":3,"key":"Energy Potion"},{"floor":7,"key":"SteroidPotion"},{"floor":8,"key":"LiquidBronze"}],"is_trial":false,"path_per_floor":["M","M","M","?","$","R","M","M","T","M","M","M","R","M","R","B"],"character_chosen":"IRONCLAD","items_purchased":["Membership Card","Body Slam"],"campfire_rested":0,"item_purchase_floors":[5,5],"current_hp_per_floor":[72,70,72,72,72,72,62,59,59,59,39,42,42,47,47,0],"gold":266,"neow_bonus":"TWO_FIFTY_GOLD","is_prod":false,"is_daily":false,"chose_seed":false,"campfire_upgraded":3,"win_rate":0,"timestamp":1552837202,"path_taken":["M","M","M","?","$","R","M","M","T","M","M","M","R","M","R","BOSS"],"build_version":"2019-01-23","purchased_purges":1,"victory":false,"max_hp_per_floor":[72,72,72,72,72,72,72,72,72,72,72,72,72,72,72,72],"card_choices":[{"not_picked":["Clash","Headbutt"],"picked":"True Grit","floor":1},{"not_picked":["Headbutt","Body Slam"],"picked":"Reckless Charge","floor":2},{"not_picked":["Infernal Blade","Cleave"],"picked":"Reckless Charge","floor":3},{"not_picked":["Twin Strike","Heavy Blade"],"picked":"Wild Strike","floor":7},{"not_picked":["Warcry","Pommel Strike"],"picked":"Ghostly Armor","floor":8},{"not_picked":["Perfected Strike","Shockwave","Thunderclap"],"picked":"SKIP","floor":10},{"not_picked":["True Grit","Infernal Blade"],"picked":"Body Slam","floor":11},{"not_picked":["Anger","Hemokinesis"],"picked":"Reckless Charge","floor":12},{"not_picked":["Perfected Strike","Sword Boomerang","Searing Blow"],"picked":"SKIP","floor":14}],"player_experience":187812,"relics_obtained":[{"floor":9,"key":"MawBank"}],"event_choices":[{"cards_removed":["Strike_R"],"damage_healed":0,"gold_gain":0,"player_choice":"Card Removal","damage_taken":0,"max_hp_gain":0,"max_hp_loss":0,"event_name":"The Cleric","floor":4,"gold_loss":50}],"is_beta":false,"boss_relics":[],"items_purged_floors":[5],"is_endless":false,"potions_floor_spawned":[2,3,7,8],"killed_by":"The Guardian","ascension_level":4}