{"path_per_floor":["M","?","M","M","?","E","R","?","T","E","R","E","M","M","R","B",null,"M","M","?","$","?"],"character_chosen":"THE_SILENT","items_purchased":["Torii"],"gold_per_floor":[112,112,125,144,144,171,171,121,191,222,222,247,257,271,271,370,370,389,408,408,43,43],"floor_reached":23,"campfire_rested":2,"playtime":1877,"current_hp_per_floor":[67,53,51,49,49,24,45,45,45,29,50,45,45,45,45,45,70,69,57,71,71,94],"items_purged":["Writhe"],"gold":43,"score":310,"play_id":"dfc2b69a-b4c9-4097-bebc-8acecf974862","is_prod":false,"is_daily":false,"is_ascension_mode":true,"campfire_upgraded":1,"path_taken":["M","?","M","M","?","E","R","?","T","E","R","E","M","?","R","BOSS","M","M","?","$","?","E"],"build_version":"2018-02-08-BETA1","purchased_purges":1,"victory":false,"master_deck":["Defend_G","Defend_G","Defend_G","Defend_G","Defend_G","Strike_G","Strike_G+1","Strike_G+1","Strike_G","Strike_G+1","Survivor","Neutralize+1","Cloak And Dagger","Terror","Infinite Blades","Cloak And Dagger+1","Prepared","Backflip","Adrenaline","Wraith Form","Outmaneuver","Cloak And Dagger"],"max_hp_per_floor":[70,70,70,70,70,70,70,70,70,70,70,70,70,70,70,70,70,70,70,84,84,94],"relics":["Question Card","Oddly Smooth Stone","Whetstone","Shuriken","Prayer Wheel","Gambling Chip","Eternal Feather","Mango","Torii"],"card_choices":[{"not_picked":["Slice","Dodge and Roll","Reflex"],"picked":"Cloak And Dagger"},{"not_picked":["Quick Slash","Poisoned Stab","Riddle With Holes"],"picked":"Terror"},{"not_picked":["Catalyst","Poisoned Stab","Well Laid Plans"],"picked":"Infinite Blades"},{"not_picked":["Deflect","Bullet Time","Calculated Gamble"],"picked":"Envenom"},{"not_picked":["Dodge and Roll","Venomology","Underhanded Strike"],"picked":"Cloak And Dagger"},{"not_picked":["PiercingWail","Skewer","Flying Knee"],"picked":"Prepared"},{"not_picked":["Poisoned Stab","Deflect","Endless Agony"],"picked":"Backflip"},{"not_picked":["Dagger Spray","Slice","Prepared"],"picked":"Adrenaline"},{"not_picked":["Storm of Steel","Night Terror","Corpse Explosion"],"picked":"Wraith Form"},{"not_picked":["Acrobatics","Eviscerate","Deadly Poison"],"picked":"Outmaneuver"},{"not_picked":["Bouncing Flask","Flechettes","Deadly Poison"],"picked":"Cloak And Dagger"}],"player_experience":72499,"potions_floor_usage":[6,10,18,19],"damage_taken":[{"damage":3,"enemies":"2 Louse","floor":1,"turns":4},{"damage":2,"enemies":"Small Slimes","floor":3,"turns":4},{"damage":2,"enemies":"Jaw Worm","floor":4,"turns":3},{"damage":25,"enemies":"Lagavulin","floor":6,"turns":7},{"damage":16,"enemies":"Gremlin Nob","floor":10,"turns":4},{"damage":5,"enemies":"3 Sentries","floor":12,"turns":7},{"damage":0,"enemies":"2 Fungi Beasts","floor":13,"turns":3},{"damage":0,"enemies":"Looter","floor":14,"turns":4},{"damage":0,"enemies":"Slime Boss","floor":16,"turns":7},{"damage":1,"enemies":"3 Byrds","floor":18,"turns":6},{"damage":12,"enemies":"Spheric Guardian","floor":19,"turns":6},{"damage":96,"enemies":"Gremlin Leader","floor":23,"turns":10}],"event_choices":[{"event_name":"Shining Light","player_choice":"Entered Light","floor":2,"damage_taken":0},{"event_name":"Big Fish","player_choice":"Box","floor":5,"damage_taken":0},{"event_name":"The Cleric","player_choice":"Card Removal","floor":8,"damage_taken":0},{"event_name":"The Mausoleum","player_choice":"Yes","floor":20,"damage_taken":0},{"event_name":"Bonfire Elementals","player_choice":"RARE","floor":22,"damage_taken":0}],"boss_relics":[{"not_picked":["Orrery","Snecko Eye"],"picked":"Eternal Feather"}],"potions_floor_spawned":[3,6,10,14],"seed_played":"-8237950747286366641","killed_by":"Gremlin Leader","ascension_level":2,"is_trial":false}