{"gold_per_floor":[110,110,127,147,147,174,174,184,230,258,273,273,273,292,292,395,395,412,431,444,458,68,68,68,79,79,79,79,105,105,105],"floor_reached":31,"playtime":1528,"items_purged":[],"score":280,"play_id":"f7380c5b-8068-4bbe-997e-37a4d796bb01","local_time":"20180701222834","is_ascension_mode":true,"campfire_choices":[{"floor":7,"key":"REST"},{"floor":13,"key":"REST"},{"floor":15,"key":"REST"},{"floor":23,"key":"REST"}],"neow_cost":"NONE","seed_source_timestamp":1761520633259,"circlet_count":0,"master_deck":["Strike_R","Strike_R","Strike_R","Strike_R","Strike_R","Defend_R+1","Defend_R+1","Defend_R","Defend_R","Bash","Headbutt","Ghostly Armor","Armaments+1","Cleave","Rampage","Battle Trance","Inflame","Berserk","Offering","Pommel Strike","Infernal Blade","Anger+1","Ghostly Armor+1","Inflame+1","Armaments+1","Spot Weakness"],"relics":["Burning Blood","Omamori","Paper Frog","Pen Nib","War Paint","Frozen Egg 2","Bottled Tornado","Nloth\u0027s Gift","Matryoshka"],"potions_floor_usage":[8,10,16,18,29,29,31],"damage_taken":[{"damage":5,"enemies":"Jaw Worm","floor":1,"turns":4},{"damage":3,"enemies":"Cultist","floor":3,"turns":5},{"damage":0,"enemies":"Small Slimes","floor":4,"turns":4},{"damage":54,"enemies":"Gremlin Nob","floor":6,"turns":6},{"damage":11,"enemies":"Gremlin Gang","floor":8,"turns":5},{"damage":26,"enemies":"Lagavulin","floor":10,"turns":5},{"damage":0,"enemies":"2 Fungi Beasts","floor":11,"turns":2},{"damage":6,"enemies":"3 Louse","floor":14,"turns":2},{"damage":25,"enemies":"Slime Boss","floor":16,"turns":7},{"damage":7,"enemies":"Chosen","floor":18,"turns":5},{"damage":19,"enemies":"3 Byrds","floor":19,"turns":5},{"damage":20,"enemies":"Slaver and Parasite","floor":20,"turns":5},{"damage":16,"enemies":"Cultist and Chosen","floor":21,"turns":6},{"damage":4,"enemies":"Snake Plant","floor":25,"turns":2},{"damage":44,"enemies":"Slavers","floor":29,"turns":6},{"damage":31,"enemies":"3 Cultists","floor":31,"turns":4}],"seed_played":"-778565955532573742","potions_obtained":[{"floor":6,"key":"EssenceOfSteel"},{"floor":8,"key":"FearPotion"},{"floor":14,"key":"Fire Potion"},{"floor":16,"key":"PowerPotion"},{"floor":21,"key":"EssenceOfSteel"},{"floor":29,"key":"Explosive Potion"}],"is_trial":false,"path_per_floor":["M","?","M","M","?","E","R","M","T","E","M","?","R","M","R","B",null,"M","M","M","M","$","R","$","M","T","?","?","E","?"],"character_chosen":"IRONCLAD","items_purchased":["Frozen Egg 2","Inflame","EssenceOfSteel"],"campfire_rested":4,"item_purchase_floors":[22,22,22],"current_hp_per_floor":[80,80,80,80,72,24,48,43,43,23,29,29,53,53,77,58,80,79,66,52,42,42,66,66,68,68,68,59,21,21,0],"gold":105,"neow_bonus":"RANDOM_COMMON_RELIC","is_prod":false,"is_daily":false,"chose_seed":false,"campfire_upgraded":0,"win_rate":0,"timestamp":1530476914,"path_taken":["M","?","M","M","?","E","R","M","T","E","M","?","R","M","R","BOSS","M","M","M","M","$","R","$","M","T","?","?","E","?","M"],"build_version":"2018-06-28","purchased_purges":0,"victory":false,"max_hp_per_floor":[80,80,80,80,80,80,80,80,80,80,80,80,80,80,80,80,80,80,80,80,80,80,80,80,80,80,80,80,80,80,80],"card_choices":[{"not_picked":["Clothesline","Clash"],"picked":"Headbutt","floor":1},{"not_picked":["Infernal Blade","Rage"],"picked":"Ghostly Armor","floor":3},{"not_picked":["Body Slam","Corruption"],"picked":"Armaments","floor":4},{"not_picked":["Perfected Strike","Twin Strike"],"picked":"Cleave","floor":6},{"not_picked":["Dual Wield","Heavy Blade"],"picked":"Rampage","floor":8},{"not_picked":["Bloodletting","Feel No Pain"],"picked":"Battle Trance","floor":10},{"not_picked":["Sword Boomerang","Flex"],"picked":"Inflame","floor":11},{"not_picked":["Feel No Pain","Carnage"],"picked":"Berserk","floor":14},{"not_picked":["Feed","Barricade"],"picked":"Offering","floor":16},{"not_picked":["Heavy Blade","Thunderclap+1"],"picked":"Pommel Strike","floor":18},{"not_picked":["Flame Barrier","Reckless Charge+1"],"picked":"Infernal Blade","floor":19},{"not_picked":["Body Slam","Intimidate"],"picked":"Anger+1","floor":20},{"not_picked":["Disarm","Clash"],"picked":"Ghostly Armor+1","floor":21},{"not_picked":["Thunderclap","Pommel Strike"],"picked":"Armaments+1","floor":25},{"not_picked":["Rupture+1","Brutality+1"],"picked":"Spot Weakness","floor":29}],"player_experience":133145,"relics_obtained":[{"floor":6,"key":"Paper Frog"},{"floor":9,"key":"Pen Nib"},{"floor":10,"key":"War Paint"},{"floor":26,"key":"Bottled Tornado"},{"floor":29,"key":"Matryoshka"}],"event_choices":[{"event_name":"The Cleric","player_choice":"Leave","floor":2,"damage_taken":0},{"event_name":"Wheel of Change","player_choice":"Damage","floor":5,"damage_taken":0},{"event_name":"Upgrade Shrine","player_choice":"Upgraded","floor":12,"damage_taken":0},{"event_name":"N\u0027loth","player_choice":"Traded a Runic Cube","floor":27,"damage_taken":0},{"event_name":"Cursed Tome","player_choice":"Stopped","floor":28,"damage_taken":0},{"event_name":"Forgotten Altar","player_choice":"Smashed Altar","floor":30,"damage_taken":0}],"boss_relics":[{"not_picked":["Black Star","Coffee Dripper"],"picked":"Runic Cube"}],"items_purged_floors":[],"is_endless":false,"potions_floor_spawned":[6,8,14,16,21,29],"killed_by":"3 Cultists","ascension_level":1}