{"path_per_floor":["M","M","?","M","M","E","$","R","T","R","M","M","?","$","R","B",null,"M","M","?","$","T","E","R","?","T","M","E","$","M","M","R"],"character_chosen":"THE_SILENT","items_purchased":["Molten Egg 2","Sucker Punch","Flying Knee+1","Footwork","Flying Knee+1","PiercingWail"],"gold_per_floor":[109,128,228,240,257,288,21,21,21,21,34,46,46,19,19,119,119,131,144,144,20,20,55,55,55,55,66,97,43,59,76,76,76],"floor_reached":33,"campfire_rested":3,"playtime":4165,"item_purchase_floors":[7,7,14,21,21,29],"current_hp_per_floor":[65,58,58,58,45,9,9,30,30,51,32,32,70,70,70,34,70,65,59,59,59,59,59,59,59,59,48,13,13,12,8,45,0],"items_purged":[],"gold":76,"score":312,"play_id":"afd6817e-80c4-4021-a11d-b003ac8ea9c0","local_time":"20180609164123","is_prod":false,"is_daily":false,"chose_seed":false,"is_ascension_mode":false,"campfire_upgraded":2,"win_rate":0.0,"timestamp":1528555283,"campfire_choices":[{"floor":8,"key":"REST"},{"floor":10,"key":"REST"},{"data":"After Image","floor":15,"key":"SMITH"},{"data":"Footwork","floor":24,"key":"SMITH"},{"floor":32,"key":"REST"}],"path_taken":["M","M","?","M","M","E","$","R","T","R","M","?","?","$","R","BOSS","M","M","?","$","?","E","R","?","T","M","E","?","M","M","R","BOSS"],"build_version":"2018-06-07v3","seed_source_timestamp":3223969433159,"purchased_purges":0,"victory":false,"master_deck":["Defend_G","Defend_G","Defend_G+1","Defend_G","Defend_G","Strike_G","Strike_G","Strike_G","Strike_G","Strike_G","Survivor","Neutralize","Burst","Slice","Dash","Dodge and Roll","Sucker Punch","After Image+1","Sucker Punch+1","Slice+1","Flying Knee+1","Phantasmal Killer+1","Quick Slash+1","Dash+1","Footwork+1","Flying Knee+1","Reflex+1","Dagger Throw+1","Accuracy","PiercingWail","Prepared+1","Infinite Blades"],"max_hp_per_floor":[70,70,70,70,70,70,70,70,70,70,70,70,70,70,70,70,70,70,70,67,67,67,67,67,67,67,67,74,74,74,74,74,74],"relics":["Ring of the Snake","Bag of Marbles","Molten Egg 2","Happy Flower","Calling Bell","Orichalcum","Matryoshka","Thread and Needle","Vajra","War Paint","Gambling Chip","Regal Pillow","Tough Bandages","Strawberry"],"card_choices":[{"not_picked":["Dagger Throw","PiercingWail"],"picked":"Slice","floor":1},{"not_picked":["Prepared","Dodge and Roll"],"picked":"Dash","floor":2},{"not_picked":["Catalyst","Expertise"],"picked":"Dodge and Roll","floor":4},{"not_picked":["Bouncing Flask","Deflect"],"picked":"Sucker Punch","floor":5},{"not_picked":["Backflip","Quick Slash"],"picked":"After Image","floor":6},{"not_picked":["Dagger Throw+1","Blur"],"picked":"Slice+1","floor":11},{"not_picked":["Backflip","Dodge and Roll"],"picked":"Heel Hook+1","floor":12},{"not_picked":["Tools of the Trade","Wraith Form v2"],"picked":"Phantasmal Killer","floor":16},{"not_picked":["Prepared","Cloak And Dagger"],"picked":"Quick Slash+1","floor":18},{"not_picked":["After Image","Blade Dance"],"picked":"Dash+1","floor":19},{"not_picked":["Dagger Throw+1","Blade Dance"],"picked":"Reflex+1","floor":23},{"not_picked":["Deflect","Sucker Punch+1"],"picked":"Dagger Throw+1","floor":27},{"not_picked":["Dagger Throw+1","Crippling Poison"],"picked":"Accuracy","floor":28},{"not_picked":["Poisoned Stab+1","Backflip"],"picked":"Prepared+1","floor":30},{"not_picked":["Doppelganger","Acrobatics"],"picked":"Infinite Blades","floor":31}],"player_experience":88189,"potions_floor_usage":[6,6,19,23,23,30,33],"damage_taken":[{"damage":5,"enemies":"2 Louse","floor":1,"turns":3},{"damage":7,"enemies":"Cultist","floor":2,"turns":6},{"damage":0,"enemies":"Small Slimes","floor":4,"turns":4},{"damage":13,"enemies":"Gremlin Gang","floor":5,"turns":10},{"damage":36,"enemies":"Lagavulin","floor":6,"turns":10},{"damage":19,"enemies":"Exordium Thugs","floor":11,"turns":6},{"damage":0,"enemies":"Blue Slaver","floor":12,"turns":4},{"damage":36,"enemies":"Slime Boss","floor":16,"turns":20},{"damage":5,"enemies":"Shell Parasite","floor":18,"turns":8},{"damage":6,"enemies":"Spheric Guardian","floor":19,"turns":5},{"damage":0,"enemies":"Slavers","floor":23,"turns":7},{"damage":11,"enemies":"Cultist and Chosen","floor":27,"turns":6},{"damage":42,"enemies":"Gremlin Leader","floor":28,"turns":4},{"damage":1,"enemies":"Slaver and Parasite","floor":30,"turns":6},{"damage":4,"enemies":"Snake Plant","floor":31,"turns":3},{"damage":47,"enemies":"Automaton","floor":33,"turns":6}],"relics_obtained":[{"floor":6,"key":"Bag of Marbles"},{"floor":9,"key":"Happy Flower"},{"floor":17,"key":"Orichalcum"},{"floor":17,"key":"Matryoshka"},{"floor":17,"key":"Thread and Needle"},{"floor":22,"key":"Vajra"},{"floor":22,"key":"War Paint"},{"floor":23,"key":"Gambling Chip"},{"floor":26,"key":"Regal Pillow"},{"floor":26,"key":"Tough Bandages"},{"floor":28,"key":"Strawberry"}],"event_choices":[{"event_name":"Golden Shrine","player_choice":"Pray","floor":3,"damage_taken":0},{"event_name":"Bonfire Elementals","player_choice":"UNCOMMON","floor":13,"damage_taken":0},{"event_name":"Fountain of Cleansing","player_choice":"Removed Curse","floor":20,"damage_taken":0},{"event_name":"Drug Dealer","player_choice":"Ignored","floor":25,"damage_taken":0}],"boss_relics":[{"not_picked":["Runic Dome","Snecko Eye"],"picked":"Calling Bell"}],"items_purged_floors":[],"potions_floor_spawned":[1,5,16,19,27,30],"seed_played":"-5123704864171465057","killed_by":"Automaton","ascension_level":0,"potions_obtained":[{"floor":1,"key":"SpeedPotion"},{"floor":5,"key":"Energy Potion"},{"floor":16,"key":"Weak Potion"},{"floor":19,"key":"SkillPotion"},{"floor":27,"key":"Ancient Potion"},{"floor":30,"key":"FearPotion"}],"is_trial":false}