{"gold_per_floor":[20,20,20,35,35,60,60,73,73,73,107,107,123,148,148,249,249,269,289,289,289,289,324,334,334,334,334,359,359,393,406,406,507,507,518,531,95,112,0,31,31,65,65,65,76,76,56,84,84,84],"floor_reached":51,"playtime":2761,"items_purged":["Writhe"],"score":1130,"play_id":"fca845da-a262-46bc-b512-e517574f42bb","local_time":"20181126063549","is_ascension_mode":true,"campfire_choices":[{"floor":7,"key":"REST"},{"floor":10,"key":"REST"},{"floor":15,"key":"REST"},{"data":"Biased Cognition","floor":25,"key":"SMITH"},{"data":"Biased Cognition","floor":27,"key":"SMITH"},{"data":"Chill","floor":29,"key":"SMITH"},{"floor":32,"key":"REST"},{"data":"Storm","floor":41,"key":"SMITH"},{"data":"Loop","floor":46,"key":"SMITH"},{"data":"Glacier","floor":49,"key":"SMITH"}],"neow_cost":"NO_GOLD","seed_source_timestamp":351383139569043,"circlet_count":0,"master_deck":["Strike_B+1","Strike_B+1","Strike_B+1","Strike_B+1","Defend_B+1","Defend_B+1","Defend_B+1","Defend_B+1","Zap+1","Dualcast","Cold Snap","Conserve Battery","Electrodynamics","Chill+1","Echo Form","Biased Cognition+1","Static Discharge","Biased Cognition+1","Ball Lightning+1","Glacier+1","Stack","Doom and Gloom+1","White Noise+1","Tempest+1","Conserve Battery+1","Creative AI","Defragment+1","Glacier+1","Storm+1","Glacier+1","Loop+1","Static Discharge","Go for the Eyes+1","Cold Snap+1"],"relics":["Cracked Core","Mango","Question Card","Pantograph","Boot","Bird Faced Urn","Pocketwatch","Velvet Choker","Mummified Hand","Regal Pillow","Toxic Egg 2","Bottled Flame","Omamori","Black Star","Emotion Chip","Red Mask","DataDisk","PreservedInsect","Prayer Wheel","Thread and Needle","Dodecahedron","Incense Burner","Unceasing Top"],"potions_floor_usage":[23,23,45,50,50,50],"damage_taken":[{"damage":4,"enemies":"2 Louse","floor":1,"turns":2},{"damage":5,"enemies":"Jaw Worm","floor":4,"turns":3},{"damage":18,"enemies":"Lagavulin","floor":6,"turns":8},{"damage":7,"enemies":"Small Slimes","floor":8,"turns":3},{"damage":15,"enemies":"Gremlin Nob","floor":11,"turns":4},{"damage":11,"enemies":"Looter","floor":13,"turns":4},{"damage":0,"enemies":"3 Sentries","floor":14,"turns":3},{"damage":38,"enemies":"Slime Boss","floor":16,"turns":5},{"damage":7,"enemies":"Chosen","floor":18,"turns":3},{"damage":0,"enemies":"Spheric Guardian","floor":19,"turns":2},{"damage":25,"enemies":"Slavers","floor":23,"turns":4},{"damage":0,"enemies":"Cultist and Chosen","floor":24,"turns":4},{"damage":18,"enemies":"Gremlin Leader","floor":28,"turns":3},{"damage":24,"enemies":"Book of Stabbing","floor":30,"turns":4},{"damage":2,"enemies":"Centurion and Healer","floor":31,"turns":3},{"damage":26,"enemies":"Collector","floor":33,"turns":6},{"damage":4,"enemies":"Orb Walker","floor":35,"turns":2},{"damage":2,"enemies":"3 Darklings","floor":36,"turns":3},{"damage":8,"enemies":"Jaw Worm Horde","floor":38,"turns":4},{"damage":13,"enemies":"Reptomancer","floor":40,"turns":5},{"damage":0,"enemies":"Nemesis","floor":42,"turns":5},{"damage":0,"enemies":"Transient","floor":45,"turns":5},{"damage":0,"enemies":"Giant Head","floor":48,"turns":3},{"damage":0,"enemies":"Awakened One","floor":50,"turns":6}],"seed_played":"3207656074895367487","potions_obtained":[{"floor":6,"key":"Swift Potion"},{"floor":8,"key":"Poison Potion"},{"floor":13,"key":"Strength Potion"},{"floor":16,"key":"Dexterity Potion"},{"floor":28,"key":"Fire Potion"},{"floor":33,"key":"FocusPotion"},{"floor":47,"key":"SkillPotion"},{"floor":48,"key":"Dexterity Potion"}],"is_trial":false,"path_per_floor":["M","?","$","M","?","E","R","M","T","R","E","?","M","E","R","B",null,"M","M","?","?","?","E","M","R","T","R","E","R","E","M","R","B",null,"M","M","$","M","?","E","R","E","T","$","M","R","?","E","R","B",null],"character_chosen":"DEFECT","items_purchased":["Emotion Chip","Storm"],"campfire_rested":4,"item_purchase_floors":[37,37],"current_hp_per_floor":[85,73,73,68,50,32,58,51,51,77,62,62,53,57,83,51,80,79,89,89,89,89,70,78,78,78,78,68,68,54,60,89,73,85,87,89,89,89,89,86,86,89,89,89,89,89,89,89,89,89],"gold":84,"neow_bonus":"ONE_RARE_RELIC","is_prod":false,"is_daily":false,"chose_seed":false,"campfire_upgraded":6,"win_rate":0,"timestamp":1543206949,"path_taken":["M","?","$","M","?","E","R","M","T","R","E","?","M","E","R","BOSS","M","M","?","?","?","E","M","R","T","R","E","R","E","?","R","BOSS","M","M","$","M","?","E","R","E","T","$","M","R","?","E","R","BOSS"],"build_version":"2018-11-15","purchased_purges":1,"victory":true,"max_hp_per_floor":[89,89,89,89,89,89,89,89,89,89,89,89,89,89,89,89,89,89,89,89,89,89,89,89,89,89,89,89,89,89,89,89,89,89,89,89,89,89,89,89,89,89,89,89,89,89,89,89,89,89],"card_choices":[{"not_picked":["Skim","Recycle"],"picked":"Cold Snap","floor":1},{"not_picked":["Go for the Eyes","Hologram","Chaos"],"picked":"Conserve Battery","floor":4},{"not_picked":["Conserve Battery","Self Repair","Barrage"],"picked":"Electrodynamics","floor":6},{"not_picked":["Streamline","Coolheaded","Gash"],"picked":"Chill","floor":8},{"not_picked":["Auto Shields","Loop","Redo"],"picked":"Echo Form","floor":11},{"not_picked":["Rebound","Hello World","Barrage"],"picked":"Biased Cognition","floor":13},{"not_picked":["Hologram","Ball Lightning","Rebound"],"picked":"Static Discharge","floor":14},{"not_picked":["Multi-Cast","Echo Form","Core Surge"],"picked":"Biased Cognition","floor":16},{"not_picked":["Barrage","Conserve Battery","Go for the Eyes+1"],"picked":"Ball Lightning+1","floor":18},{"not_picked":["Tempest","Go for the Eyes","Cold Snap"],"picked":"Glacier","floor":19},{"not_picked":["Gash","Melter+1","Compile Driver"],"picked":"Stack","floor":23},{"not_picked":["All For One","Coolheaded","Hologram"],"picked":"Doom and Gloom+1","floor":24},{"not_picked":["Undo+1","Rip and Tear","Barrage"],"picked":"White Noise+1","floor":28},{"not_picked":["Compile Driver","Conserve Battery+1","Go for the Eyes"],"picked":"Tempest+1","floor":30},{"not_picked":["Skim+1","Gash+1","Seek+1"],"picked":"Conserve Battery+1","floor":31},{"not_picked":["Reboot+1","Thunder Strike","Amplify+1"],"picked":"Creative AI","floor":33},{"not_picked":["FTL","Steam+1","Genetic Algorithm+1"],"picked":"Defragment+1","floor":35},{"not_picked":["Conserve Battery+1","Stack+1","Barrage+1"],"picked":"Glacier+1","floor":36},{"not_picked":["Cold Snap","Scrape+1","Aggregate+1"],"picked":"Glacier+1","floor":38},{"not_picked":["Heatsinks","Turbo+1","All For One"],"picked":"Loop","floor":40},{"not_picked":["Lockon","Double Energy+1","Stack+1"],"picked":"Static Discharge","floor":42},{"not_picked":["Steam+1","Doom and Gloom+1","Stack+1"],"picked":"Go for the Eyes+1","floor":45},{"not_picked":["Turbo+1","Conserve Battery+1","Stack+1","Reboot+1"],"picked":"SKIP","floor":45},{"not_picked":["Beam Cell+1","Auto Shields+1","Melter+1"],"picked":"Cold Snap+1","floor":48}],"player_experience":333297,"relics_obtained":[{"floor":6,"key":"Pantograph"},{"floor":9,"key":"Boot"},{"floor":11,"key":"Bird Faced Urn"},{"floor":14,"key":"Pocketwatch"},{"floor":23,"key":"Regal Pillow"},{"floor":26,"key":"Toxic Egg 2"},{"floor":28,"key":"Bottled Flame"},{"floor":30,"key":"Omamori"},{"floor":40,"key":"DataDisk"},{"floor":40,"key":"PreservedInsect"},{"floor":42,"key":"Prayer Wheel"},{"floor":42,"key":"Thread and Needle"},{"floor":43,"key":"Dodecahedron"},{"floor":48,"key":"Incense Burner"},{"floor":48,"key":"Unceasing Top"}],"event_choices":[{"damage_healed":0,"gold_gain":0,"player_choice":"Success","damage_taken":12,"relics_obtained":["Question Card"],"max_hp_gain":0,"max_hp_loss":0,"event_name":"Scrap Ooze","floor":2,"gold_loss":0},{"damage_healed":0,"gold_gain":0,"player_choice":"Entered Light","damage_taken":18,"max_hp_gain":0,"max_hp_loss":0,"event_name":"Shining Light","floor":5,"gold_loss":0,"cards_upgraded":["Defend_B","Strike_B"]},{"damage_healed":0,"gold_gain":0,"player_choice":"Grow","damage_taken":0,"max_hp_gain":0,"max_hp_loss":0,"event_name":"Living Wall","floor":12,"gold_loss":0,"cards_upgraded":["Zap"]},{"damage_healed":0,"gold_gain":0,"player_choice":"Simplicity","damage_taken":0,"max_hp_gain":0,"max_hp_loss":0,"event_name":"Back to Basics","floor":20,"gold_loss":0,"cards_upgraded":["Strike_B","Strike_B","Strike_B","Defend_B","Defend_B","Defend_B"]},{"damage_healed":0,"gold_gain":0,"player_choice":"Opened","damage_taken":0,"relics_obtained":["Mummified Hand"],"max_hp_gain":0,"max_hp_loss":0,"event_name":"The Mausoleum","floor":21,"gold_loss":0,"cards_obtained":["Writhe"]},{"damage_healed":0,"gold_gain":0,"player_choice":"Ignored","damage_taken":0,"max_hp_gain":0,"max_hp_loss":0,"event_name":"Ghosts","floor":22,"gold_loss":0},{"damage_healed":0,"gold_gain":0,"player_choice":"Paid","damage_taken":0,"relics_obtained":["Red Mask"],"max_hp_gain":0,"max_hp_loss":0,"event_name":"Tomb of Lord Red Mask","floor":39,"gold_loss":112},{"damage_healed":0,"gold_gain":0,"player_choice":"Bought 1 Potion","damage_taken":0,"max_hp_gain":0,"max_hp_loss":0,"event_name":"The Woman in Blue","floor":47,"gold_loss":0}],"is_beta":true,"boss_relics":[{"not_picked":["Snecko Eye","Runic Pyramid"],"picked":"Velvet Choker"},{"not_picked":["Fusion Hammer","Philosopher\u0027s Stone"],"picked":"Black Star"}],"items_purged_floors":[37],"is_endless":false,"potions_floor_spawned":[6,8,13,16,28,33,36,38,48],"ascension_level":5}