{"gold_per_floor":[119,119,20,30,43,43,57,57,125,153,153,165,192,26,26,125,175,195,179,189,203,203,203,222,233,233,333,346,27,27,44,44,148,148,167,167,183,183,183,183,7,26,26,26,41,56,76,90,90,90],"floor_reached":51,"playtime":3739,"items_purged":["Strike_R","Pain"],"score":990,"play_id":"9b082f49-3303-480f-ac87-705ca00030d0","local_time":"20190407003607","is_ascension_mode":true,"campfire_choices":[{"data":"Armaments","floor":6.0,"key":"SMITH"},{"data":"True Grit","floor":8.0,"key":"SMITH"},{"data":"Battle Trance","floor":11.0,"key":"SMITH"},{"data":"Pommel Strike","floor":15.0,"key":"SMITH"},{"data":"Flame Barrier","floor":23.0,"key":"SMITH"},{"floor":30.0,"key":"REST"},{"floor":32.0,"key":"REST"},{"data":"Barricade","floor":40.0,"key":"SMITH"},{"floor":44,"key":"REST"},{"floor":49,"key":"REST"}],"neow_cost":"NONE","seed_source_timestamp":0,"circlet_count":0,"master_deck":["Strike_R","Strike_R","Strike_R","Strike_R","Defend_R","Defend_R","Defend_R","Defend_R","Bash","True Grit+1","Armaments+1","Headbutt","Feel No Pain","Battle Trance+1","Shrug It Off","Uppercut","Juggernaut","Pommel Strike+1","Fiend Fire+1","Feel No Pain","Metallicize","True Grit","Flame Barrier+1","Power Through+1","Shockwave","Metallicize","Warcry+1","Barricade+1","Body Slam+1","Dark Embrace","Madness","Madness","Offering","Shrug It Off","Power Through+1","Impervious","Sever Soul","Shrug It Off","Evolve+1"],"special_seed":0,"relics":["Burning Blood","Dream Catcher","NlothsMask","Regal Pillow","The Courier","Tiny House","Bottled Lightning","Bronze Scales","Mercury Hourglass","Sozu","WarpedTongs","Frozen Egg 2"],"potions_floor_usage":[],"damage_taken":[{"damage":10.0,"enemies":"Cultist","floor":1.0,"turns":5.0},{"damage":1.0,"enemies":"Jaw Worm","floor":4.0,"turns":6.0},{"damage":3.0,"enemies":"2 Louse","floor":5.0,"turns":2.0},{"damage":8.0,"enemies":"Gremlin Gang","floor":7.0,"turns":8.0},{"damage":0.0,"enemies":"3 Sentries","floor":10.0,"turns":11.0},{"damage":2.0,"enemies":"3 Louse","floor":12.0,"turns":3.0},{"damage":24.0,"enemies":"Gremlin Nob","floor":13.0,"turns":4.0},{"damage":35.0,"enemies":"Hexaghost","floor":16.0,"turns":13.0},{"damage":0.0,"enemies":"Shell Parasite","floor":18.0,"turns":3.0},{"damage":23.0,"enemies":"2 Thieves","floor":19.0,"turns":4.0},{"damage":18.0,"enemies":"Shelled Parasite and Fungi","floor":20.0,"turns":13.0},{"damage":21.0,"enemies":"Snecko","floor":21.0,"turns":5.0},{"damage":9.0,"enemies":"Centurion and Healer","floor":24.0,"turns":12.0},{"damage":10.0,"enemies":"Shelled Parasite and Fungi","floor":25.0,"turns":11.0},{"damage":7.0,"enemies":"Snecko","floor":28.0,"turns":3.0},{"damage":16.0,"enemies":"3 Cultists","floor":31.0,"turns":5.0},{"damage":0.0,"enemies":"Champ","floor":33.0,"turns":15.0},{"damage":8.0,"enemies":"Orb Walker","floor":35.0,"turns":5.0},{"damage":1.0,"enemies":"3 Shapes","floor":37.0,"turns":7.0},{"damage":55,"enemies":"Transient","floor":42,"turns":5},{"damage":25,"enemies":"Spire Growth","floor":45,"turns":6},{"damage":0,"enemies":"4 Shapes","floor":46,"turns":12},{"damage":1,"enemies":"Sphere and 2 Shapes","floor":47,"turns":6},{"damage":27,"enemies":"Spire Growth","floor":48,"turns":5},{"damage":24,"enemies":"Time Eater","floor":50,"turns":13}],"seed_played":"4469241855469632479","potions_obtained":[{"floor":4.0,"key":"EssenceOfSteel"},{"floor":5.0,"key":"Dexterity Potion"},{"floor":10.0,"key":"EntropicBrew"},{"floor":13.0,"key":"Swift Potion"},{"floor":17.0,"key":"Energy Potion"},{"floor":18.0,"key":"SpeedPotion"},{"floor":20.0,"key":"Poison Potion"},{"floor":21.0,"key":"Weak Potion"},{"floor":22.0,"key":"Swift Potion"},{"floor":28.0,"key":"Energy Potion"}],"is_trial":false,"path_per_floor":["M","?","$","M","M","R","M","R","T","E","R","M","E","$","R","B",null,"M","M","M","M","?","R","M","M","T","?","M","$","R","M","R","B",null,"M","?","M","?","?","R","$","M","T","R","M","M","M","M","R","B",null],"character_chosen":"IRONCLAD","items_purchased":["Armaments","Juggernaut","Pommel Strike","Bronze Scales","Mercury Hourglass","Offering","Shrug It Off"],"campfire_rested":4,"item_purchase_floors":[3,14,14,29,29,41,41],"current_hp_per_floor":[68,68,68,73,76,76,74,74,74,80,80,80,62,62,62,33,73,79,62,50,35,35,35,32,28,28,28,27,27,67,57,85,85,85,83,83,85,74,74,74,74,25,25,65,46,52,57,36,76,58],"gold":90,"neow_bonus":"RANDOM_COMMON_RELIC","is_prod":false,"is_daily":false,"chose_seed":false,"campfire_upgraded":6,"win_rate":0,"timestamp":1554622567,"path_taken":["M","?","?","M","M","R","M","R","T","E","R","M","E","?","R","BOSS","M","M","M","M","?","R","?","M","T","?","M","$","R","?","R","BOSS","M","?","M","?","?","R","$","M","T","R","M","M","M","?","R","BOSS"],"build_version":"2019-01-23","purchased_purges":2,"victory":true,"max_hp_per_floor":[80,80,80,80,80,80,80,80,80,80,80,80,80,80,80,80,85,85,85,85,85,85,85,85,85,85,85,85,85,85,85,85,85,85,85,85,85,85,85,85,85,85,85,85,85,85,85,85,85,85],"card_choices":[{"not_picked":["Heavy Blade","Body Slam"],"picked":"True Grit","floor":1.0},{"not_picked":["Rupture","Blood for Blood"],"picked":"Headbutt","floor":4.0},{"not_picked":["Anger","Carnage"],"picked":"Feel No Pain","floor":5.0},{"not_picked":["Power Through","Sentinel"],"picked":"Battle Trance","floor":7.0},{"not_picked":["Infernal Blade","Sword Boomerang"],"picked":"Shrug It Off","floor":10.0},{"not_picked":["Infernal Blade","Warcry"],"picked":"Uppercut","floor":12.0},{"not_picked":["Searing Blow","Twin Strike","Immolate"],"picked":"SKIP","floor":13.0},{"not_picked":["Reaper","Berserk"],"picked":"Fiend Fire","floor":16.0},{"not_picked":["Combust","Ghostly Armor"],"picked":"Feel No Pain","floor":17.0},{"not_picked":["Uppercut","Sentinel"],"picked":"Metallicize","floor":18.0},{"not_picked":["Perfected Strike+1","Clash"],"picked":"True Grit","floor":19.0},{"not_picked":["Sword Boomerang","Reckless Charge"],"picked":"Flame Barrier","floor":20.0},{"not_picked":["Anger","Combust"],"picked":"Power Through+1","floor":21.0},{"not_picked":["Iron Wave+1","Searing Blow+1"],"picked":"Shockwave","floor":24.0},{"not_picked":["Wild Strike","Hemokinesis","Thunderclap"],"picked":"SKIP","floor":25.0},{"not_picked":["Warcry","Pommel Strike"],"picked":"Metallicize","floor":28.0},{"not_picked":["Flex","Intimidate"],"picked":"Warcry+1","floor":30.0},{"not_picked":["Clothesline","Headbutt"],"picked":"Barricade","floor":31.0},{"not_picked":["Second Wind+1","Burning Pact"],"picked":"Body Slam+1","floor":32.0},{"not_picked":["Fiend Fire","Berserk"],"picked":"Dark Embrace","floor":33.0},{"not_picked":["Heavy Blade+1","Cleave+1","Anger"],"picked":"SKIP","floor":35.0},{"not_picked":["Rupture+1","Heavy Blade+1","Clothesline+1"],"picked":"SKIP","floor":37.0},{"not_picked":["Warcry","Headbutt"],"picked":"Power Through+1","floor":42},{"not_picked":["Perfected Strike+1","Cleave"],"picked":"Impervious","floor":44},{"not_picked":["Clothesline+1","Armaments+1","Sever Soul"],"picked":"SKIP","floor":45},{"not_picked":["Clothesline+1","Armaments+1"],"picked":"Sever Soul","floor":45},{"not_picked":["Corruption+1","Havoc","Armaments+1"],"picked":"SKIP","floor":46},{"not_picked":["Thunderclap+1","Infernal Blade"],"picked":"Shrug It Off","floor":47},{"not_picked":["Sever Soul+1","Flame Barrier"],"picked":"Evolve+1","floor":48}],"player_experience":290521,"relics_obtained":[{"floor":10.0,"key":"Regal Pillow"},{"floor":13.0,"key":"The Courier"},{"floor":26.0,"key":"Bottled Lightning"},{"floor":43,"key":"Frozen Egg 2"}],"event_choices":[{"damage_healed":0.0,"max_hp_gain":0.0,"max_hp_loss":0.0,"gold_gain":0.0,"event_name":"FaceTrader","player_choice":"Trade","floor":2.0,"gold_loss":0.0,"damage_taken":0.0,"relics_obtained":["NlothsMask"]},{"damage_healed":0.0,"max_hp_gain":0.0,"max_hp_loss":0.0,"gold_gain":0.0,"event_name":"Lab","player_choice":"Got Potions","floor":22.0,"gold_loss":0.0,"damage_taken":0.0},{"damage_healed":0.0,"max_hp_gain":0.0,"max_hp_loss":0.0,"gold_gain":100.0,"event_name":"Golden Shrine","player_choice":"Pray","floor":27.0,"gold_loss":0.0,"damage_taken":0.0},{"damage_healed":0.0,"max_hp_gain":0.0,"max_hp_loss":0.0,"gold_gain":0.0,"event_name":"Tomb of Lord Red Mask","player_choice":"Ignored","floor":36.0,"gold_loss":0.0,"damage_taken":0.0},{"damage_healed":0.0,"max_hp_gain":0.0,"max_hp_loss":0.0,"gold_gain":0.0,"event_name":"Winding Halls","player_choice":"Embrace Madness","floor":38.0,"gold_loss":0.0,"damage_taken":11.0,"cards_obtained":["Madness","Madness"]},{"damage_healed":0.0,"max_hp_gain":0.0,"max_hp_loss":0.0,"gold_gain":0.0,"event_name":"Accursed Blacksmith","player_choice":"Rummage","floor":39.0,"gold_loss":0.0,"damage_taken":0.0,"relics_obtained":["WarpedTongs"],"cards_obtained":["Pain"]}],"is_beta":false,"boss_relics":[{"not_picked":["Busted Crown","Eternal Feather"],"picked":"Tiny House"},{"not_picked":["Lizard Tail","Runic Dome"],"picked":"Sozu"}],"items_purged_floors":[3,41],"is_endless":false,"potions_floor_spawned":[4,5,10,13,18,20,21,28,46],"ascension_level":7}