{"path_per_floor":["M","M","M","M","$","E","R","?","T","M","?","R","T","M","R","B",null,"M","$","?","$","M","R","?","E","T"],"character_chosen":"THE_SILENT","items_purchased":["Deflect","Infinite Blades","Bane","Noxious Fumes","Enlightenment","Backstab"],"gold_per_floor":[115,134,148,160,59,88,88,188,213,229,229,229,229,246,246,341,371,383,255,255,40,57,57,57,84,84],"floor_reached":27,"campfire_rested":1,"playtime":2517,"current_hp_per_floor":[70,69,69,67,67,67,67,67,67,61,61,61,61,58,58,51,75,61,61,61,61,46,75,75,29,29],"items_purged":[],"gold":84,"score":256,"play_id":"6aeceb26-21ff-42e7-bd9c-b751da2bbb10","is_prod":false,"is_daily":false,"is_ascension_mode":false,"campfire_upgraded":3,"path_taken":["M","M","?","M","?","E","R","?","T","M","?","R","?","M","R","BOSS","M","$","?","$","M","R","?","E","T","M"],"build_version":"2018-02-15-PROD1","purchased_purges":0,"victory":false,"master_deck":["Defend_G","Defend_G","Defend_G","Defend_G","Defend_G+1","Strike_G","Strike_G","Strike_G","Strike_G","Strike_G+1","Survivor","Neutralize+1","Deflect","Blur+1","Endless Agony","Glass Knife","Escape Plan","Deflect","Infinite Blades+1","Slice","Riddle With Holes","After Image","After Image","Poisoned Stab","Masterful Stab+1","Bane","Noxious Fumes","Enlightenment","Backstab","Deadly Poison","Footwork","Bouncing Flask+1"],"max_hp_per_floor":[70,70,70,70,70,70,70,70,70,70,70,70,70,70,70,70,75,75,75,75,75,75,75,75,75,75],"relics":["Ring of the Snake","Ice Cream","Regal Pillow","Gambling Chip","Tiny House","Tough Bandages","Frozen Eye"],"card_choices":[{"not_picked":["Dagger Throw","Endless Agony"],"picked":"Deflect"},{"not_picked":["Slice","PiercingWail"],"picked":"Blur"},{"not_picked":["Predator","Dagger Spray"],"picked":"Endless Agony"},{"not_picked":["Deadly Poison","Escape Plan"],"picked":"Glass Knife"},{"not_picked":["Backflip","Deadly Poison"],"picked":"Escape Plan"},{"not_picked":["Heel Hook","PiercingWail"],"picked":"Prepared"},{"not_picked":["Dodge and Roll","Dagger Throw"],"picked":"Slice"},{"not_picked":["Expertise","Bane"],"picked":"After Image"},{"not_picked":["Tools of the Trade","Wraith Form"],"picked":"After Image"},{"not_picked":["Dagger Throw","Slice"],"picked":"Poisoned Stab"},{"not_picked":["Deadly Poison","Escape Plan"],"picked":"Masterful Stab"},{"not_picked":["Slice","Predator"],"picked":"Deadly Poison"},{"not_picked":["Poisoned Stab","Dagger Throw"],"picked":"Bouncing Flask"}],"player_experience":24519,"potions_floor_usage":[],"damage_taken":[{"damage":0.0,"enemies":"Cultist","floor":1.0,"turns":4.0},{"damage":1.0,"enemies":"Small Slimes","floor":2.0,"turns":5.0},{"damage":0.0,"enemies":"2 Louse","floor":3.0,"turns":2.0},{"damage":2.0,"enemies":"Large Slime","floor":4.0,"turns":9.0},{"damage":0.0,"enemies":"3 Sentries","floor":6.0,"turns":8.0},{"damage":6.0,"enemies":"Lots of Slimes","floor":10.0,"turns":5.0},{"damage":3.0,"enemies":"Looter","floor":14.0,"turns":2.0},{"damage":7.0,"enemies":"Hexaghost","floor":16.0,"turns":13.0},{"damage":14.0,"enemies":"3 Byrds","floor":18.0,"turns":7.0},{"damage":15.0,"enemies":"Chosen","floor":22.0,"turns":5.0},{"damage":46.0,"enemies":"Slavers","floor":25.0,"turns":7.0},{"damage":29,"enemies":"Centurion and Healer","floor":27,"turns":5}],"event_choices":[{"event_name":"Wheel of Change","player_choice":"Gold","floor":8.0,"damage_taken":0.0},{"event_name":"Living Wall","player_choice":"Change","floor":11.0,"damage_taken":0.0},{"event_name":"Accursed Blacksmith","player_choice":"Forge","floor":20.0,"damage_taken":0.0},{"event_name":"The Library","player_choice":"Read","floor":24.0,"damage_taken":0.0}],"boss_relics":[],"potions_floor_spawned":[2,4,6,10,18,25],"seed_played":"-519459811082244838","killed_by":"Centurion and Healer","ascension_level":0,"is_trial":false}