{"gold_per_floor":[110,12,12,12,26,46,46,80,80,98,112,112,125,155,155,250,300,315,15,15,28,28,28,53,8,8,8,41,41,74,74,74,171,171,187,187,205,205,218,244,310,360,360,394,405,417,467,96,96,96],"floor_reached":51,"playtime":2265,"items_purged":["Strike_R","Strike_R","Strike_R"],"score":913,"play_id":"a62a3420-0cd7-4665-ab36-bd7f2e24ac44","local_time":"20181025211836","is_ascension_mode":true,"campfire_choices":[{"data":"Thunderclap","floor":7,"key":"SMITH"},{"data":"Uppercut","floor":15,"key":"SMITH"},{"data":"RitualDagger","floor":23,"key":"SMITH"},{"data":"Metallicize","floor":27,"key":"SMITH"},{"floor":32,"key":"REST"},{"floor":49,"key":"REST"}],"neow_cost":"NONE","seed_source_timestamp":92283680803472,"circlet_count":0,"master_deck":["Strike_R+1","Defend_R","Defend_R","Defend_R","Defend_R","Heavy Blade","Thunderclap+1","Inflame","Pommel Strike","Rage","Headbutt","Uppercut+1","Clash","Metallicize+1","RitualDagger+1","Shrug It Off+1","Rage+1","Flex+1","Iron Wave+1","Infernal Blade+1","Demon Form","Heavy Blade+1","Spot Weakness+1","Flex+1","Clash+1"],"relics":["Cursed Key","Orichalcum","Darkstone Periapt","Tiny House","Chemical X","Toxic Egg 2","Unceasing Top","MutagenicStrength","Lantern","Velvet Choker","SsserpentHead","Oddly Smooth Stone","Meat on the Bone","OrangePellets"],"potions_floor_usage":[16,30,33,33,33,50,50],"damage_taken":[{"damage":0,"enemies":"Cultist","floor":1,"turns":3},{"damage":0,"enemies":"2 Louse","floor":5,"turns":2},{"damage":1,"enemies":"Jaw Worm","floor":6,"turns":3},{"damage":17,"enemies":"3 Sentries","floor":8,"turns":6},{"damage":0,"enemies":"Exordium Thugs","floor":10,"turns":3},{"damage":0,"enemies":"2 Fungi Beasts","floor":11,"turns":2},{"damage":0,"enemies":"Blue Slaver","floor":13,"turns":3},{"damage":8,"enemies":"Gremlin Nob","floor":14,"turns":3},{"damage":0,"enemies":"Slime Boss","floor":16,"turns":6},{"damage":4,"enemies":"Shell Parasite","floor":18,"turns":4},{"damage":11,"enemies":"Chosen","floor":21,"turns":5},{"damage":12,"enemies":"Gremlin Leader","floor":24,"turns":6},{"damage":26,"enemies":"Slavers","floor":28,"turns":6},{"damage":6,"enemies":"Book of Stabbing","floor":30,"turns":4},{"damage":48,"enemies":"Automaton","floor":33,"turns":9},{"damage":0,"enemies":"3 Shapes","floor":35,"turns":4},{"damage":0,"enemies":"Orb Walker","floor":37,"turns":2},{"damage":25,"enemies":"Writhing Mass","floor":39,"turns":4},{"damage":9,"enemies":"Nemesis","floor":40,"turns":6},{"damage":14,"enemies":"Spire Growth","floor":41,"turns":3},{"damage":24,"enemies":"Reptomancer","floor":44,"turns":5},{"damage":8,"enemies":"4 Shapes","floor":45,"turns":4},{"damage":0,"enemies":"Jaw Worm Horde","floor":46,"turns":2},{"damage":42,"enemies":"Time Eater","floor":50,"turns":8}],"seed_played":"1742746499816069459","potions_obtained":[{"floor":6,"key":"SpeedPotion"},{"floor":8,"key":"Fire Potion"},{"floor":10,"key":"Block Potion"},{"floor":13,"key":"SteroidPotion"},{"floor":16,"key":"Poison Potion"},{"floor":30,"key":"Regen Potion"},{"floor":33,"key":"SpeedPotion"},{"floor":41,"key":"Ancient Potion"},{"floor":44,"key":"LiquidBronze"}],"is_trial":false,"path_per_floor":["M","$","?","?","M","M","R","E","T","M","M","?","M","E","R","B",null,"M","$","?","M","?","R","E","$","T","R","E","?","E","?","R","B",null,"M","?","M","?","M","E","M","?","T","E","M","M","?","$","R","B"],"character_chosen":"IRONCLAD","items_purchased":["Thunderclap","Chemical X","Flex+1","SteroidPotion","OrangePellets"],"campfire_rested":2,"item_purchase_floors":[2,19,25,48,48],"current_hp_per_floor":[80,80,80,73,73,72,72,55,55,55,55,55,55,47,47,47,85,81,81,75,64,64,64,52,52,52,52,26,26,20,20,45,9,85,85,85,85,85,60,51,37,37,37,13,17,29,29,29,54,24],"gold":96,"neow_bonus":"BOSS_RELIC","is_prod":false,"is_daily":false,"chose_seed":false,"campfire_upgraded":4,"win_rate":0,"timestamp":1540527516,"path_taken":["M","?","?","?","?","M","R","E","T","M","M","?","?","E","R","BOSS","M","$","?","?","?","R","E","$","T","R","E","?","E","?","R","BOSS","M","?","M","?","M","E","?","?","T","E","M","M","?","$","R","BOSS"],"build_version":"2018-10-25","purchased_purges":3,"victory":true,"max_hp_per_floor":[80,80,80,80,80,80,80,80,80,80,80,80,80,80,80,80,85,85,85,85,85,85,85,85,85,85,85,85,85,85,85,85,85,85,85,85,85,85,85,85,85,85,85,85,85,85,85,85,85,85],"card_choices":[{"not_picked":["Battle Trance","Flex"],"picked":"Heavy Blade","floor":1},{"not_picked":["Sword Boomerang","Dropkick"],"picked":"Inflame","floor":5},{"not_picked":["Clash","Rage"],"picked":"Pommel Strike","floor":6},{"not_picked":["Pommel Strike","Thunderclap"],"picked":"Rage","floor":8},{"not_picked":["Cleave","Wild Strike"],"picked":"Headbutt","floor":10},{"not_picked":["Second Wind","Headbutt"],"picked":"Uppercut","floor":11},{"not_picked":["Searing Blow","Dark Embrace"],"picked":"Clash","floor":13},{"not_picked":["Sever Soul","Infernal Blade"],"picked":"Metallicize","floor":14},{"not_picked":["Sentinel","Perfected Strike"],"picked":"Dual Wield","floor":18},{"not_picked":["Thunderclap","True Grit"],"picked":"Shrug It Off+1","floor":21},{"not_picked":["Battle Trance","Offering"],"picked":"Rage+1","floor":24},{"not_picked":["Armaments+1","Sword Boomerang+1"],"picked":"Iron Wave+1","floor":28},{"not_picked":["Havoc+1","Clothesline+1"],"picked":"Infernal Blade+1","floor":30},{"not_picked":["Reaper","Barricade"],"picked":"Demon Form","floor":33},{"not_picked":["Sword Boomerang","Pommel Strike+1"],"picked":"Heavy Blade","floor":35},{"not_picked":["Carnage+1","Havoc+1","Clothesline"],"picked":"SKIP","floor":37},{"not_picked":["Blood for Blood+1","Perfected Strike+1"],"picked":"Spot Weakness+1","floor":39},{"not_picked":["Uppercut+1","Immolate"],"picked":"Flex+1","floor":40},{"not_picked":["Perfected Strike+1","Sentinel+1"],"picked":"Clash+1","floor":41},{"not_picked":["Thunderclap","Bludgeon","True Grit+1"],"picked":"SKIP","floor":44},{"not_picked":["Disarm+1","Clash","Perfected Strike+1"],"picked":"SKIP","floor":45},{"not_picked":["Bloodletting+1","Warcry+1","Clash"],"picked":"SKIP","floor":46}],"player_experience":93943,"relics_obtained":[{"floor":8,"key":"Orichalcum"},{"floor":14,"key":"Darkstone Periapt"},{"floor":24,"key":"Toxic Egg 2"},{"floor":28,"key":"Unceasing Top"},{"floor":30,"key":"Lantern"},{"floor":40,"key":"Oddly Smooth Stone"},{"floor":44,"key":"Meat on the Bone"}],"event_choices":[{"damage_healed":0,"gold_gain":0,"player_choice":"Leave","damage_taken":0,"max_hp_gain":0,"max_hp_loss":0,"event_name":"The Cleric","floor":3,"gold_loss":0},{"cards_removed":["Strike_R"],"damage_healed":0,"gold_gain":0,"player_choice":"Card Removal","damage_taken":7,"max_hp_gain":0,"max_hp_loss":0,"event_name":"Golden Wing","floor":4,"gold_loss":0},{"cards_removed":["Bash"],"damage_healed":0,"gold_gain":0,"player_choice":"Offered Basic","damage_taken":0,"max_hp_gain":0,"max_hp_loss":0,"event_name":"Bonfire Elementals","floor":12,"gold_loss":0},{"damage_healed":0,"gold_gain":0,"player_choice":"Joined the Cult","damage_taken":6,"max_hp_gain":0,"max_hp_loss":0,"event_name":"Nest","floor":20,"gold_loss":0,"cards_obtained":["RitualDagger"]},{"damage_healed":0,"gold_gain":0,"player_choice":"Ignored","damage_taken":0,"max_hp_gain":0,"max_hp_loss":0,"event_name":"Beggar","floor":22,"gold_loss":0},{"damage_healed":0,"gold_gain":0,"player_choice":"Inject Mutagens","damage_taken":0,"relics_obtained":["MutagenicStrength"],"max_hp_gain":0,"max_hp_loss":0,"event_name":"Drug Dealer","floor":29,"gold_loss":0},{"damage_healed":0,"gold_gain":0,"player_choice":"Ignored","damage_taken":0,"max_hp_gain":0,"max_hp_loss":0,"event_name":"The Mausoleum","floor":31,"gold_loss":0},{"cards_removed":["Dual Wield"],"damage_healed":0,"gold_gain":0,"player_choice":"Removed Skill","damage_taken":0,"max_hp_gain":0,"max_hp_loss":0,"event_name":"Falling","floor":36,"gold_loss":0},{"damage_healed":0,"gold_gain":0,"player_choice":"Trade","damage_taken":0,"relics_obtained":["SsserpentHead"],"max_hp_gain":0,"max_hp_loss":0,"event_name":"FaceTrader","floor":38,"gold_loss":0},{"damage_healed":0,"gold_gain":0,"player_choice":"Upgraded","damage_taken":0,"max_hp_gain":0,"max_hp_loss":0,"event_name":"Upgrade Shrine","floor":42,"gold_loss":0,"cards_upgraded":["Heavy Blade"]},{"damage_healed":0,"gold_gain":0,"player_choice":"Ignored","damage_taken":0,"max_hp_gain":0,"max_hp_loss":0,"event_name":"Tomb of Lord Red Mask","floor":47,"gold_loss":0}],"is_beta":false,"boss_relics":[{"not_picked":["Runic Cube","Orrery"],"picked":"Tiny House"},{"not_picked":["Black Star","Mark of Pain"],"picked":"Velvet Choker"}],"items_purged_floors":[2,19,48],"is_endless":false,"potions_floor_spawned":[6,8,10,13,16,28,30,33,41,44,45],"ascension_level":1}