{"gold_per_floor":[119,44,44,16,29,29,29,29,56,95,107,144,156,203,215,301,313,301,46,60,71,71,71],"floor_reached":23,"playtime":1989,"items_purged":[],"score":460,"play_id":"968274c1-c88c-4b9e-bb1c-9cd1fb36a131","local_time":"20190519161955","is_ascension_mode":true,"campfire_choices":[{"data":"Footwork","floor":6,"key":"SMITH"},{"data":"Skewer","floor":8,"key":"SMITH"},{"floor":15,"key":"REST"}],"neow_cost":"NONE","seed_source_timestamp":22112050705500,"circlet_count":0,"master_deck":["AscendersBane","Defend_G","Defend_G","Defend_G","Defend_G","Defend_G","Strike_G","Strike_G","Strike_G","Strike_G","Survivor","Neutralize","Skewer+1","Malaise","Neutralize","Flying Knee","Footwork+1","Calculated Gamble","Caltrops+1","Die Die Die","Corpse Explosion","Dodge and Roll","Escape Plan","Blur+1"],"relics":["Ring of the Snake","NeowsBlessing","MawBank","Bronze Scales","Nunchaku","Unceasing Top","Blue Candle","Sozu","Meat on the Bone"],"potions_floor_usage":[12,18],"damage_taken":[{"damage":0,"enemies":"Cultist","floor":1,"turns":1},{"damage":0,"enemies":"2 Louse","floor":5,"turns":1},{"damage":0,"enemies":"3 Sentries","floor":10,"turns":2},{"damage":19,"enemies":"Gremlin Nob","floor":12,"turns":4},{"damage":21,"enemies":"3 Sentries","floor":14,"turns":10},{"damage":7,"enemies":"Hexaghost","floor":16,"turns":9},{"damage":14,"enemies":"2 Thieves","floor":18,"turns":4},{"damage":7,"enemies":"Shell Parasite","floor":20,"turns":6},{"damage":29,"enemies":"Shelled Parasite and Fungi","floor":21,"turns":5},{"damage":22,"enemies":"Gremlin Leader","floor":23,"turns":5}],"seed_played":"-5966302984599847680","potions_obtained":[{"floor":10,"key":"Swift Potion"},{"floor":16,"key":"Fire Potion"}],"is_trial":false,"path_per_floor":["M","?","?","$","M","R","$","R","T","E","T","E","?","E","R","B",null,"M","$","M","M","?","E"],"character_chosen":"THE_SILENT","items_purchased":["Flying Knee","Meat on the Bone"],"campfire_rested":1,"item_purchase_floors":[4,19],"current_hp_per_floor":[59,59,59,59,59,59,59,59,59,59,59,40,40,19,38,31,57,43,43,36,19,19,0],"gold":71,"neow_bonus":"THREE_ENEMY_KILL","is_prod":false,"is_daily":false,"chose_seed":false,"campfire_upgraded":2,"win_rate":0,"timestamp":1558307995,"path_taken":["M","?","?","$","?","R","$","R","T","E","?","E","?","E","R","BOSS","M","$","M","M","?","E"],"build_version":"2019-01-23","purchased_purges":0,"victory":false,"max_hp_per_floor":[66,66,66,66,66,66,66,66,66,66,66,66,66,66,66,66,66,66,66,66,66,66,66],"card_choices":[{"not_picked":["Deflect","Prepared"],"picked":"Skewer","floor":1},{"not_picked":["Cloak And Dagger","Blade Dance"],"picked":"Footwork","floor":5},{"not_picked":["Backflip","Prepared"],"picked":"Calculated Gamble","floor":10},{"not_picked":["Escape Plan","Footwork"],"picked":"Caltrops","floor":12},{"not_picked":["Leg Sweep","Setup"],"picked":"Die Die Die","floor":14},{"not_picked":["Unload","Doppelganger"],"picked":"Corpse Explosion","floor":16},{"not_picked":["Reflex","Crippling Poison"],"picked":"Dodge and Roll","floor":18},{"not_picked":["Endless Agony","Dagger Throw"],"picked":"Escape Plan","floor":20},{"not_picked":["Bane","Deadly Poison"],"picked":"Blur+1","floor":21}],"player_experience":1395502,"relics_obtained":[{"floor":9,"key":"MawBank"},{"floor":10,"key":"Bronze Scales"},{"floor":11,"key":"Nunchaku"},{"floor":12,"key":"Unceasing Top"},{"floor":14,"key":"Blue Candle"}],"event_choices":[{"cards_removed":["Strike_G"],"damage_healed":0,"gold_gain":0,"player_choice":"Card Removal","damage_taken":0,"max_hp_gain":0,"max_hp_loss":0,"event_name":"The Cleric","floor":2,"gold_loss":75},{"damage_healed":0,"gold_gain":0,"player_choice":"2 cards matched","damage_taken":0,"max_hp_gain":0,"max_hp_loss":0,"event_name":"Match and Keep!","floor":3,"gold_loss":0,"cards_obtained":["Malaise","Neutralize"]},{"damage_healed":0,"gold_gain":0,"player_choice":"Grow","damage_taken":0,"max_hp_gain":0,"max_hp_loss":0,"event_name":"Living Wall","floor":13,"gold_loss":0,"cards_upgraded":["Caltrops"]},{"damage_healed":0,"gold_gain":0,"player_choice":"Ignored","damage_taken":0,"max_hp_gain":0,"max_hp_loss":0,"event_name":"Cursed Tome","floor":22,"gold_loss":0}],"is_beta":false,"boss_relics":[{"not_picked":["Velvet Choker","Tiny House"],"picked":"Sozu"}],"items_purged_floors":[],"is_endless":false,"potions_floor_spawned":[10,16,21],"killed_by":"Gremlin Leader","ascension_level":20}