{"gold_per_floor":[117,117,130,146,161,161,190,190,190,190,47,75,95,123,123,224,224,239,239,259,259,275,275,302,320,370,36,36],"floor_reached":28,"playtime":1274,"items_purged":["Strike_G","Pain"],"score":410,"play_id":"b8e5a482-babc-4542-9354-584f44ec9e60","local_time":"20190505184020","is_ascension_mode":true,"campfire_choices":[{"data":"Neutralize","floor":6.0,"key":"SMITH"},{"data":"Leg Sweep","floor":8.0,"key":"SMITH"},{"data":"Backflip","floor":10.0,"key":"SMITH"},{"data":"Noxious Fumes","floor":15,"key":"SMITH"},{"floor":23,"key":"REST"}],"neow_cost":"NONE","seed_source_timestamp":0,"circlet_count":0,"master_deck":["Defend_G","Defend_G","Defend_G","Defend_G","Defend_G","Strike_G","Strike_G","Strike_G","Strike_G","Survivor","Neutralize+1","Skewer+1","Backflip+1","Leg Sweep+1","Noxious Fumes+1","Bouncing Flask","Burst","PiercingWail+1","Footwork","PiercingWail","Escape Plan+1","Escape Plan","Writhe","Well Laid Plans"],"special_seed":0,"relics":["Ring of the Snake","PreservedInsect","Pantograph","Letter Opener","Smiling Mask","Bottled Lightning","Cursed Key","WarpedTongs","CultistMask","Boot","Art of War","Snake Skull"],"potions_floor_usage":[16,16,28,28,28],"damage_taken":[{"damage":0.0,"enemies":"Small Slimes","floor":1.0,"turns":5.0},{"damage":1.0,"enemies":"Cultist","floor":3.0,"turns":3.0},{"damage":0.0,"enemies":"Jaw Worm","floor":4.0,"turns":3.0},{"damage":2.0,"enemies":"2 Fungi Beasts","floor":5.0,"turns":4.0},{"damage":10.0,"enemies":"3 Sentries","floor":7.0,"turns":5.0},{"damage":0.0,"enemies":"Gremlin Nob","floor":12.0,"turns":2.0},{"damage":3.0,"enemies":"Exordium Thugs","floor":13.0,"turns":6.0},{"damage":7.0,"enemies":"3 Sentries","floor":14.0,"turns":4.0},{"damage":25,"enemies":"Slime Boss","floor":16,"turns":12},{"damage":8,"enemies":"Chosen","floor":18,"turns":5},{"damage":11,"enemies":"Shell Parasite","floor":20,"turns":5},{"damage":20,"enemies":"3 Cultists","floor":22,"turns":6},{"damage":20,"enemies":"Slavers","floor":24,"turns":5},{"damage":14,"enemies":"Snecko","floor":25,"turns":7},{"damage":15,"enemies":"Book of Stabbing","floor":28,"turns":4}],"seed_played":"-1626998524679838579","potions_obtained":[{"floor":4.0,"key":"AttackPotion"},{"floor":7.0,"key":"FearPotion"},{"floor":12.0,"key":"LiquidBronze"},{"floor":13.0,"key":"EntropicBrew"},{"floor":14.0,"key":"Regen Potion"},{"floor":22,"key":"LiquidBronze"},{"floor":25,"key":"PowerPotion"}],"is_trial":false,"path_per_floor":["M","?","M","M","M","R","E","R","T","R","$","E","M","E","R","B",null,"M","?","M","?","M","R","E","M","T","$","E"],"character_chosen":"THE_SILENT","items_purchased":["Noxious Fumes","Snake Skull","Well Laid Plans","Weak Potion"],"campfire_rested":1,"item_purchase_floors":[11,27,27,27],"current_hp_per_floor":[63,63,62,62,60,60,50,50,50,50,50,50,47,40,40,47,64,56,56,45,45,25,46,26,12,12,12,0],"gold":36,"neow_bonus":"RANDOM_COMMON_RELIC","is_prod":false,"is_daily":false,"chose_seed":false,"campfire_upgraded":4,"win_rate":0,"timestamp":1557106820,"path_taken":["M","?","?","M","M","R","E","R","T","R","?","E","M","E","R","BOSS","M","?","?","?","M","R","E","?","T","$","E"],"build_version":"2019-01-23","purchased_purges":2,"victory":false,"max_hp_per_floor":[70,70,70,70,70,70,70,70,70,70,70,70,70,70,70,70,70,70,70,70,70,70,70,70,70,70,70,70],"card_choices":[{"not_picked":["Dagger Throw","Masterful Stab"],"picked":"Skewer","floor":1.0},{"not_picked":["Acrobatics","Dagger Throw","Distraction"],"picked":"SKIP","floor":3.0},{"not_picked":["Heel Hook","Underhanded Strike"],"picked":"Backflip","floor":4.0},{"not_picked":["All Out Attack","Blade Dance","Bane"],"picked":"SKIP","floor":5.0},{"not_picked":["Acrobatics","Bane"],"picked":"Leg Sweep","floor":7.0},{"not_picked":["Heel Hook","Glass Knife"],"picked":"Bouncing Flask","floor":12.0},{"not_picked":["Bane","Blade Dance","Reflex"],"picked":"SKIP","floor":13.0},{"not_picked":["Bane","Prepared","Concentrate"],"picked":"SKIP","floor":14.0},{"not_picked":["Glass Knife","Venomology"],"picked":"Burst","floor":16},{"not_picked":["Slice","Infinite Blades"],"picked":"PiercingWail+1","floor":18},{"not_picked":["Backflip","Masterful Stab"],"picked":"Footwork","floor":20},{"not_picked":["Outmaneuver","Flying Knee"],"picked":"PiercingWail","floor":22},{"not_picked":["Blade Dance+1","Poisoned Stab"],"picked":"Escape Plan+1","floor":24},{"not_picked":["Predator","Phantasmal Killer"],"picked":"Escape Plan","floor":25}],"player_experience":334373,"relics_obtained":[{"floor":7.0,"key":"Pantograph"},{"floor":9.0,"key":"Letter Opener"},{"floor":12.0,"key":"Smiling Mask"},{"floor":14.0,"key":"Bottled Lightning"},{"floor":24,"key":"Boot"},{"floor":26,"key":"Art of War"}],"event_choices":[{"damage_healed":0.0,"max_hp_gain":0.0,"max_hp_loss":0.0,"gold_gain":0.0,"event_name":"Upgrade Shrine","player_choice":"Upgraded","floor":2.0,"gold_loss":0.0,"damage_taken":0.0,"cards_upgraded":["Skewer"]},{"damage_healed":0,"gold_gain":0,"player_choice":"Rummage","damage_taken":0,"relics_obtained":["WarpedTongs"],"max_hp_gain":0,"max_hp_loss":0,"event_name":"Accursed Blacksmith","floor":19,"gold_loss":0,"cards_obtained":["Pain"]},{"damage_healed":0,"gold_gain":0,"player_choice":"Trade","damage_taken":0,"relics_obtained":["CultistMask"],"max_hp_gain":0,"max_hp_loss":0,"event_name":"FaceTrader","floor":21,"gold_loss":0}],"is_beta":false,"boss_relics":[{"not_picked":["Philosopher\u0027s Stone","Runic Dome"],"picked":"Cursed Key"}],"items_purged_floors":[11,27],"is_endless":false,"potions_floor_spawned":[4,7,12,13,14,22,25],"killed_by":"Book of Stabbing","ascension_level":9}