{"gold_per_floor":[112,112,112,43,60,91,91,56,83,83,102,127,140,140,140,218,218,236,254,254,254,199,199,199,224,224,259,277,289,305,325,325,402,402,422,468,142,154,154,186,198,231,231,256,14,47,47,47,47,47],"floor_reached":51,"playtime":3858,"items_purged":["Clumsy","Shame"],"score":1538,"play_id":"31461fff-9562-476b-baef-fb08b16e8512","local_time":"20190202142345","is_ascension_mode":true,"campfire_choices":[{"data":"Wild Strike","floor":7,"key":"SMITH"},{"data":"Battle Trance","floor":10,"key":"SMITH"},{"data":"Power Through","floor":15,"key":"SMITH"},{"floor":23,"key":"REST"},{"data":"Bludgeon","floor":32,"key":"SMITH"},{"data":"Demon Form","floor":47,"key":"SMITH"},{"data":"Uppercut","floor":49,"key":"SMITH"}],"neow_cost":"NONE","seed_source_timestamp":989892252316229,"circlet_count":0,"master_deck":["AscendersBane","Defend_R","Defend_R","Defend_R","Defend_R","Bash+1","Perfected Strike+1","Reaper+1","Wild Strike+1","Feel No Pain+1","Battle Trance+1","Power Through+1","Sever Soul","Sword Boomerang","Bludgeon+1","Wild Strike+1","Clothesline+1","Bite","Bite","Bite","Bite","Bite","Uppercut+1","Reaper","Armaments+1","Sever Soul","Warcry","Demon Form+1","Uppercut+1","Clumsy","Carnage","Immolate","Barricade","Clumsy"],"relics":["Burning Blood","NeowsBlessing","Pantograph","PreservedInsect","Potion Belt","Snecko Eye","Nilry\u0027s Codex","Tiny Chest","Centennial Puzzle","Bag of Preparation","Bag of Marbles","Darkstone Periapt","Cursed Key","Whetstone","Dodecahedron","Matryoshka","Vajra","Smiling Mask","Dream Catcher","Self Forming Clay","Letter Opener","Medical Kit","Bronze Scales","Happy Flower","Pocketwatch"],"potions_floor_usage":[16,16,25,33,33,33,50,50,50,50],"damage_taken":[{"damage":0,"enemies":"Jaw Worm","floor":1,"turns":1},{"damage":0,"enemies":"Cultist","floor":5,"turns":1},{"damage":0,"enemies":"Gremlin Nob","floor":6,"turns":1},{"damage":2,"enemies":"2 Louse","floor":11,"turns":2},{"damage":7,"enemies":"Lagavulin","floor":12,"turns":5},{"damage":4,"enemies":"Large Slime","floor":13,"turns":5},{"damage":63,"enemies":"The Guardian","floor":16,"turns":11},{"damage":0,"enemies":"Spheric Guardian","floor":18,"turns":2},{"damage":27,"enemies":"3 Byrds","floor":19,"turns":5},{"damage":14,"enemies":"Book of Stabbing","floor":25,"turns":3},{"damage":8,"enemies":"Slavers","floor":27,"turns":2},{"damage":14,"enemies":"Centurion and Healer","floor":28,"turns":2},{"damage":7,"enemies":"Cultist and Chosen","floor":29,"turns":4},{"damage":10,"enemies":"3 Cultists","floor":30,"turns":3},{"damage":10,"enemies":"Centurion and Healer","floor":31,"turns":4},{"damage":34,"enemies":"Collector","floor":33,"turns":8},{"damage":6,"enemies":"3 Shapes","floor":35,"turns":2},{"damage":3,"enemies":"Orb Walker","floor":38,"turns":2},{"damage":37,"enemies":"Nemesis","floor":40,"turns":5},{"damage":15,"enemies":"Sphere and 2 Shapes","floor":41,"turns":4},{"damage":3,"enemies":"Giant Head","floor":42,"turns":4},{"damage":0,"enemies":"Reptomancer","floor":44,"turns":3},{"damage":0,"enemies":"Giant Head","floor":46,"turns":4},{"damage":51,"enemies":"Awakened One","floor":50,"turns":6}],"seed_played":"-6279989344009892029","potions_obtained":[{"floor":6,"key":"Regen Potion"},{"floor":11,"key":"Regen Potion"},{"floor":12,"key":"AttackPotion"},{"floor":13,"key":"Energy Potion"},{"floor":19,"key":"SteroidPotion"},{"floor":27,"key":"EssenceOfSteel"},{"floor":28,"key":"AttackPotion"},{"floor":29,"key":"SteroidPotion"},{"floor":40,"key":"LiquidBronze"},{"floor":42,"key":"Swift Potion"},{"floor":44,"key":"PowerPotion"}],"is_trial":false,"path_per_floor":["M","$","?","$","M","E","R","$","T","R","M","E","M","?","R","B",null,"M","M","?","?","?","R","T","E","T","E","M","M","M","M","R","B",null,"M","T","$","M","T","E","M","E","T","E","$","E","R","T","R","B",null],"character_chosen":"IRONCLAD","items_purchased":["Reaper","Battle Trance","Dodecahedron","Medical Kit"],"campfire_rested":1,"item_purchase_floors":[4,8,37,45],"current_hp_per_floor":[74,74,74,74,75,75,75,75,75,75,75,74,75,75,75,18,61,67,52,52,31,31,46,46,46,46,46,42,51,52,52,52,46,51,52,58,58,58,64,57,59,64,70,70,70,70,70,76,76,68],"gold":47,"neow_bonus":"THREE_ENEMY_KILL","is_prod":false,"is_daily":false,"chose_seed":false,"campfire_upgraded":6,"win_rate":0,"timestamp":1549110225,"path_taken":["M","$","?","$","M","E","R","?","T","R","M","E","M","?","R","BOSS","M","M","?","?","?","R","?","E","T","E","?","M","M","M","R","BOSS","M","?","$","?","?","E","?","E","T","E","?","E","R","?","R","BOSS"],"build_version":"2019-01-23","purchased_purges":2,"victory":true,"max_hp_per_floor":[75,75,75,75,75,75,75,75,75,75,75,75,75,75,75,75,75,75,75,52,52,52,52,52,52,52,52,52,52,52,52,52,52,52,52,58,58,58,64,64,64,64,70,70,70,70,70,76,76,76],"card_choices":[{"not_picked":["Shrug It Off","Shockwave"],"picked":"Perfected Strike","floor":1},{"not_picked":["Seeing Red","Shockwave"],"picked":"Wild Strike","floor":5},{"not_picked":["Whirlwind","Armaments"],"picked":"Feel No Pain","floor":6},{"not_picked":["Havoc","Fire Breathing"],"picked":"Power Through","floor":11},{"not_picked":["Armaments","Havoc"],"picked":"Sever Soul","floor":12},{"not_picked":["Berserk","Heavy Blade"],"picked":"Sword Boomerang","floor":13},{"not_picked":["Impervious","Limit Break"],"picked":"Bludgeon","floor":16},{"not_picked":["Flex+1","Anger"],"picked":"Wild Strike+1","floor":18},{"not_picked":["Anger+1","Sword Boomerang"],"picked":"Clothesline+1","floor":19},{"not_picked":["Headbutt","Heavy Blade"],"picked":"Uppercut","floor":25},{"not_picked":["Perfected Strike","Thunderclap"],"picked":"Reaper","floor":27},{"not_picked":["Combust","True Grit"],"picked":"Armaments+1","floor":28},{"not_picked":["Bloodletting","Anger"],"picked":"Sever Soul","floor":29},{"not_picked":["Anger","Entrench"],"picked":"Warcry","floor":30},{"not_picked":["Pommel Strike","Rupture","Warcry"],"picked":"SKIP","floor":31},{"not_picked":["Fiend Fire","Exhume"],"picked":"Demon Form","floor":33},{"not_picked":["Iron Wave+1","Heavy Blade"],"picked":"Uppercut+1","floor":35},{"not_picked":["Shrug It Off","Sword Boomerang","Havoc+1"],"picked":"SKIP","floor":38},{"not_picked":["Whirlwind","Clash"],"picked":"Carnage","floor":40},{"not_picked":["Anger+1","Sword Boomerang","Armaments"],"picked":"SKIP","floor":41},{"not_picked":["Rupture","Iron Wave+1"],"picked":"Immolate","floor":42},{"not_picked":["Clothesline+1","Spot Weakness+1","Brutality"],"picked":"SKIP","floor":44},{"not_picked":["Warcry","Perfected Strike"],"picked":"Barricade","floor":46}],"player_experience":406417,"relics_obtained":[{"floor":6,"key":"Pantograph"},{"floor":9,"key":"PreservedInsect"},{"floor":12,"key":"Potion Belt"},{"floor":21,"key":"Nilry\u0027s Codex"},{"floor":24,"key":"Centennial Puzzle"},{"floor":25,"key":"Bag of Preparation"},{"floor":26,"key":"Bag of Marbles"},{"floor":27,"key":"Darkstone Periapt"},{"floor":36,"key":"Whetstone"},{"floor":39,"key":"Matryoshka"},{"floor":40,"key":"Vajra"},{"floor":42,"key":"Smiling Mask"},{"floor":43,"key":"Dream Catcher"},{"floor":43,"key":"Self Forming Clay"},{"floor":44,"key":"Letter Opener"},{"floor":46,"key":"Bronze Scales"},{"floor":48,"key":"Happy Flower"},{"floor":48,"key":"Pocketwatch"}],"event_choices":[{"damage_healed":0,"gold_gain":0,"player_choice":"Upgraded","damage_taken":0,"max_hp_gain":0,"max_hp_loss":0,"event_name":"Upgrade Shrine","floor":3,"gold_loss":0,"cards_upgraded":["Perfected Strike"]},{"damage_healed":0,"gold_gain":0,"player_choice":"Grow","damage_taken":0,"max_hp_gain":0,"max_hp_loss":0,"event_name":"Living Wall","floor":14,"gold_loss":0,"cards_upgraded":["Feel No Pain"]},{"damage_healed":0,"gold_gain":0,"player_choice":"Became a vampire","damage_taken":0,"max_hp_gain":0,"max_hp_loss":23,"event_name":"Vampires","floor":20,"gold_loss":0,"cards_obtained":["Bite","Bite","Bite","Bite","Bite"]},{"damage_healed":0,"gold_gain":0,"player_choice":"Obtained Book","damage_taken":21,"max_hp_gain":0,"max_hp_loss":0,"event_name":"Cursed Tome","floor":21,"gold_loss":0},{"damage_healed":0,"gold_gain":0,"player_choice":"Obtained Relic","damage_taken":0,"relics_obtained":["Tiny Chest"],"max_hp_gain":0,"max_hp_loss":0,"event_name":"Addict","floor":22,"gold_loss":85}],"is_beta":true,"boss_relics":[{"not_picked":["Tiny House","Empty Cage"],"picked":"Snecko Eye"},{"not_picked":["Sozu","Calling Bell"],"picked":"Cursed Key"}],"items_purged_floors":[37,45],"is_endless":false,"potions_floor_spawned":[6,11,12,13,19,27,28,29,30,40,42,44,46],"ascension_level":15}