{"path_per_floor":["M","$","?","M","?","E","M","R","T","E","M","?","R","M","R","B",null,"M","?","M"],"character_chosen":"THE_SILENT","items_purchased":["Deadly Poison"],"gold_per_floor":[111,66,66,82,82,107,119,119,119,149,160,335,335,348,348,447,447,463,378,390],"floor_reached":21,"campfire_rested":1,"playtime":1507,"current_hp_per_floor":[70,70,70,70,70,33,23,44,44,38,43,43,43,42,42,40,70,57,57,38],"items_purged":[],"gold":390,"play_id":"5da69879-5cd4-470b-abc2-ad20e002eb13","is_prod":false,"is_daily":false,"is_ascension_mode":false,"campfire_upgraded":2,"path_taken":["M","$","?","?","?","E","M","R","T","E","M","?","R","M","R","BOSS","M","?","M","M"],"build_version":"2018-02-02-BETA1","purchased_purges":0,"victory":false,"master_deck":["Defend_G","Defend_G","Defend_G","Defend_G","Defend_G","Strike_G","Strike_G","Strike_G","Strike_G","Strike_G","Survivor","Neutralize+1","Deadly Poison+1","Deadly Poison+1","Malaise","Regret","Bane","Poisoned Stab","Poisoned Stab","Doubt","Burst","Die Die Die","Acrobatics+1","Bouncing Flask"],"max_hp_per_floor":[70,70,70,70,70,70,70,70,70,70,70,70,70,70,70,70,70,70,70,70],"relics":["Velvet Choker","Gremlin Horn","Sundial","Dream Catcher","Meat on the Bone","Eternal Feather","Ninja Scroll"],"card_choices":[{"not_picked":["Acrobatics","Bane"],"picked":"Deadly Poison"},{"not_picked":["Backstab","Sucker Punch"],"picked":"Malaise"},{"not_picked":["Malaise","A Thousand Cuts"],"picked":"Bane"},{"not_picked":["Backstab","Backflip"],"picked":"Poisoned Stab"},{"not_picked":["Acrobatics","Eviscerate"],"picked":"Poisoned Stab"},{"not_picked":["Dagger Throw","Distraction"],"picked":"Burst"},{"not_picked":["Night Terror","Doppelganger"],"picked":"Die Die Die"},{"not_picked":["Masterful Stab","Quick Slash"],"picked":"Acrobatics"},{"not_picked":["Poisoned Stab","Outmaneuver"],"picked":"Bouncing Flask"}],"player_experience":13092,"potions_floor_usage":[16,16,21,21],"damage_taken":[{"damage":0,"enemies":"Blue Slaver","floor":1,"turns":5},{"damage":0,"enemies":"Jaw Worm","floor":4,"turns":3},{"damage":37,"enemies":"Gremlin Nob","floor":6,"turns":6},{"damage":10,"enemies":"Small Slimes","floor":7,"turns":3},{"damage":6,"enemies":"Lagavulin","floor":10,"turns":6},{"damage":7,"enemies":"Looter","floor":11,"turns":3},{"damage":1,"enemies":"3 Louse","floor":14,"turns":3},{"damage":14,"enemies":"Hexaghost","floor":16,"turns":8},{"damage":13,"enemies":"Shell Parasite","floor":18,"turns":6},{"damage":19,"enemies":"2 Thieves","floor":20,"turns":4},{"damage":42,"enemies":"Cultist and Chosen","floor":21,"turns":5}],"event_choices":[{"event_name":"Upgrade Shrine","player_choice":"Upgraded","floor":3,"damage_taken":0},{"event_name":"Big Fish","player_choice":"Box","floor":5,"damage_taken":0},{"event_name":"Liars Game","player_choice":"agreed","floor":12,"damage_taken":0},{"event_name":"Addict","player_choice":"Obtained Relic","floor":19,"damage_taken":0}],"boss_relics":[{"not_picked":["Question Card","Cursed Key"],"picked":"Eternal Feather"}],"potions_floor_spawned":[10,11,14,16,18],"seed_played":"-357936563578835267","killed_by":"Cultist and Chosen","ascension_level":0,"is_trial":false}