{"path_per_floor":["M","$","M","M","?","E","R","?","T","R","E","M","?","E","R","B",null,"M","?","M","M","$","R","E","R","T","R","E","T","M"],"character_chosen":"DEFECT","items_purchased":["Pear","Shuriken","FTL"],"gold_per_floor":[367,47,65,82,82,110,110,110,136,136,165,179,179,205,205,302,302,315,315,328,345,19,19,50,50,131,131,160,160,174,174],"floor_reached":31,"campfire_rested":4,"playtime":1984,"current_hp_per_floor":[75,85,85,80,80,53,53,53,53,53,36,28,21,12,37,6,85,71,71,55,9,9,35,5,31,31,57,35,35,5,0],"items_purged":["Injury"],"gold":174,"score":306,"play_id":"4e26db48-19a9-470b-a9e7-5d943d7f660a","local_time":"20180512110835","is_prod":false,"is_daily":false,"chose_seed":false,"is_ascension_mode":true,"campfire_upgraded":2,"timestamp":1526112515,"path_taken":["M","$","M","M","?","E","R","?","T","R","E","M","?","E","R","BOSS","M","?","M","M","$","R","E","R","T","R","E","?","?","E"],"build_version":"2018-05-11","seed_source_timestamp":181387721992501,"purchased_purges":1,"victory":false,"master_deck":["Strike_B","Strike_B","Strike_B","Strike_B","Defend_B","Defend_B","Defend_B","Defend_B","Zap","Dualcast+1","Lockon","Static Discharge+1","Consume","Capacitor","Melter","Cold Snap+1","Redo","Lockon+1","Seek","Heatsinks+1","Streamline+1","FTL+1","Leap+1","Go for the Eyes+1"],"max_hp_per_floor":[75,85,85,85,85,85,85,85,85,85,85,85,85,85,85,85,85,85,85,85,87,87,87,89,89,89,89,89,89,89,89],"relics":["Cracked Core","Pear","Blood Vial","Molten Egg 2","Pen Nib","Omamori","Singing Bowl","Black Star","Shuriken","Bottled Tornado","Toxic Egg 2","Blue Candle","Matryoshka","The Courier","Pantograph","Oddly Smooth Stone"],"card_choices":[{"not_picked":["Turbo","Go for the Eyes"],"picked":"Lockon","floor":1},{"not_picked":["Axe Kick","Melter"],"picked":"Static Discharge","floor":3},{"not_picked":["Stack","Steam Power"],"picked":"Consume","floor":4},{"not_picked":["Amplify","Multi-Cast"],"picked":"Melter","floor":6},{"not_picked":["Steam","Axe Kick+1"],"picked":"Cold Snap+1","floor":11},{"not_picked":["Stack","Steam"],"picked":"Redo","floor":12},{"not_picked":["Echo Form","Hyperbeam+1"],"picked":"Lockon+1","floor":14},{"not_picked":["Meteor Strike+1","Buffer"],"picked":"Seek","floor":16},{"not_picked":["Impulse","Steam"],"picked":"Heatsinks+1","floor":18},{"not_picked":["Coolheaded+1","Rebound+1"],"picked":"Streamline+1","floor":20},{"not_picked":["Coolheaded","Turbo+1","Redo"],"picked":"Singing Bowl","floor":21},{"not_picked":["Steam","Blizzard+1","Hologram+1"],"picked":"Singing Bowl","floor":24},{"not_picked":["Streamline+1","Skim+1"],"picked":"Leap+1","floor":28},{"not_picked":["Skim+1","Amplify+1"],"picked":"Go for the Eyes+1","floor":30}],"player_experience":215624,"potions_floor_usage":[11,14,14,16,24,24],"damage_taken":[{"damage":0,"enemies":"2 Louse","floor":1,"turns":3},{"damage":0,"enemies":"Cultist","floor":3,"turns":2},{"damage":5,"enemies":"Small Slimes","floor":4,"turns":3},{"damage":27,"enemies":"Gremlin Nob","floor":6,"turns":4},{"damage":19,"enemies":"3 Sentries","floor":11,"turns":4},{"damage":10,"enemies":"Looter","floor":12,"turns":2},{"damage":11,"enemies":"Lagavulin","floor":14,"turns":5},{"damage":33,"enemies":"The Guardian","floor":16,"turns":7},{"damage":14,"enemies":"Chosen","floor":18,"turns":5},{"damage":18,"enemies":"2 Thieves","floor":20,"turns":3},{"damage":50,"enemies":"3 Cultists","floor":21,"turns":7},{"damage":34,"enemies":"Slavers","floor":24,"turns":5},{"damage":24,"enemies":"Gremlin Leader","floor":28,"turns":8},{"damage":32,"enemies":"Chosen and Byrds","floor":30,"turns":7},{"damage":7,"enemies":"Slavers","floor":31,"turns":1}],"event_choices":[{"event_name":"Match and Keep!","player_choice":"1 cards matched","floor":5,"damage_taken":0},{"event_name":"Accursed Blacksmith","player_choice":"Rummage","floor":8,"damage_taken":0},{"event_name":"Golden Wing","player_choice":"Card Removal","floor":13,"damage_taken":0},{"event_name":"Ghosts","player_choice":"Ignored","floor":19,"damage_taken":0}],"boss_relics":[{"not_picked":["Philosopher\u0027s Stone","Tiny House"],"picked":"Black Star"}],"potions_floor_spawned":[1,4,11,14,18,21],"seed_played":"-4978949060491559982","killed_by":"Slavers","ascension_level":1,"is_trial":false}