{"gold_per_floor":[116,134,147,164,184,184,218,236,260,260,283,283,296,332,332,461,461,475,488,511,289,308,233,266,266,291,291,314,335,335,106,106,229,229,245,263,596,596,614,614,645,657,657,201,221,221,221,247,247,247],"floor_reached":50,"playtime":3180,"items_purged":["Hello World+1","Strike_B","Defend_B"],"score":686,"play_id":"c254f63b-0aa9-48ca-91cb-ee087e9d2f75","local_time":"20181027163111","is_ascension_mode":false,"campfire_choices":[{"data":"Double Energy","floor":6,"key":"SMITH"},{"data":"Zap","floor":12,"key":"SMITH"},{"data":"Hello World","floor":15,"key":"SMITH"},{"data":"Dualcast","floor":25,"key":"SMITH"},{"data":"Go for the Eyes","floor":27,"key":"SMITH"},{"data":"Beam Cell","floor":32,"key":"SMITH"},{"data":"Streamline","floor":40,"key":"SMITH"},{"data":"Multi-Cast","floor":46,"key":"SMITH"},{"floor":49,"key":"REST"}],"neow_cost":"TEN_PERCENT_HP_LOSS","seed_source_timestamp":246935778190023,"circlet_count":0,"master_deck":["Strike_B","Defend_B+1","Defend_B","Defend_B","Zap+1","Dualcast+1","Steam+1","BootSequence","Double Energy+1","Gash","Gash","Gash","Melter","Go for the Eyes+1","Reboot","Beam Cell+1","Steam","Rebound","FTL","Hologram+1","Good Instincts","Streamline+1","Streamline+1","Hologram+1","Reprogram","Impatience","Multi-Cast+1","Trip","Thinking Ahead","Swift Strike","Gash+1"],"relics":["Cracked Core","Unceasing Top","Ancient Tea Set","Blood Vial","Dream Catcher","Sozu","War Paint","Bag of Marbles","Lantern","Vajra","Nuclear Battery","Boot","Oddly Smooth Stone","Happy Flower","Matryoshka"],"potions_floor_usage":[5,7,50,50],"damage_taken":[{"damage":0,"enemies":"2 Louse","floor":1,"turns":3},{"damage":0,"enemies":"Small Slimes","floor":2,"turns":3},{"damage":0,"enemies":"Cultist","floor":3,"turns":3},{"damage":1,"enemies":"Lots of Slimes","floor":4,"turns":6},{"damage":5,"enemies":"Exordium Thugs","floor":5,"turns":4},{"damage":4,"enemies":"Gremlin Nob","floor":7,"turns":3},{"damage":2,"enemies":"Gremlin Gang","floor":8,"turns":4},{"damage":0,"enemies":"Large Slime","floor":11,"turns":3},{"damage":0,"enemies":"Exordium Wildlife","floor":13,"turns":2},{"damage":8,"enemies":"3 Sentries","floor":14,"turns":7},{"damage":16,"enemies":"Slime Boss","floor":16,"turns":9},{"damage":0,"enemies":"Chosen","floor":18,"turns":4},{"damage":0,"enemies":"3 Byrds","floor":19,"turns":3},{"damage":14,"enemies":"Sentry and Sphere","floor":22,"turns":4},{"damage":0,"enemies":"Slavers","floor":24,"turns":4},{"damage":3,"enemies":"Snecko","floor":28,"turns":3},{"damage":0,"enemies":"Shelled Parasite and Fungi","floor":29,"turns":2},{"damage":2,"enemies":"Champ","floor":33,"turns":4},{"damage":0,"enemies":"3 Darklings","floor":35,"turns":2},{"damage":0,"enemies":"3 Shapes","floor":36,"turns":1},{"damage":0,"enemies":"Spire Growth","floor":39,"turns":2},{"damage":0,"enemies":"Reptomancer","floor":41,"turns":2},{"damage":0,"enemies":"3 Darklings","floor":42,"turns":2},{"damage":0,"enemies":"4 Shapes","floor":45,"turns":1},{"damage":0,"enemies":"Giant Head","floor":48,"turns":3},{"damage":90,"enemies":"Time Eater","floor":50,"turns":6}],"seed_played":"-2291460683715273638","potions_obtained":[{"floor":4,"key":"Fire Potion"},{"floor":5,"key":"Weak Potion"},{"floor":7,"key":"PowerPotion"},{"floor":8,"key":"Poison Potion"},{"floor":11,"key":"Regen Potion"}],"is_trial":false,"path_per_floor":["M","M","M","M","M","R","E","M","T","?","M","R","M","E","R","B",null,"M","M","T","$","M","?","E","R","T","R","M","M","?","$","R","B",null,"M","M","?","?","M","R","E","M","T","$","M","R","?","E","R"],"character_chosen":"DEFECT","items_purchased":["Bag of Marbles","Good Instincts","Streamline","Reprogram","Impatience","Happy Flower"],"campfire_rested":1,"item_purchase_floors":[21,31,31,44,44,44],"current_hp_per_floor":[68,68,68,67,62,62,58,56,56,39,41,41,43,37,37,23,68,68,68,68,68,54,54,56,56,56,56,55,57,57,57,57,57,68,68,68,68,68,68,68,68,68,68,68,68,68,58,60,68,0],"gold":247,"neow_bonus":"ONE_RARE_RELIC","is_prod":false,"is_daily":false,"chose_seed":false,"campfire_upgraded":8,"win_rate":0,"timestamp":1540683071,"path_taken":["M","M","M","M","M","R","E","M","T","?","M","R","?","E","R","BOSS","M","?","?","?","?","?","E","R","T","R","M","M","?","$","R","BOSS","M","?","?","?","?","R","E","M","T","$","M","R","?","E","R","BOSS"],"build_version":"2018-10-25v2","purchased_purges":3,"victory":false,"max_hp_per_floor":[68,68,68,68,68,68,68,68,68,68,68,68,68,68,68,68,68,68,68,68,68,68,68,68,68,68,68,68,68,68,68,68,68,68,68,68,68,68,68,68,68,68,68,68,68,68,68,68,68,68],"card_choices":[{"not_picked":["Cold Snap","Hologram"],"picked":"Steam","floor":1},{"not_picked":["Barrage","Blizzard"],"picked":"BootSequence","floor":2},{"not_picked":["Stack","Sweeping Beam"],"picked":"Double Energy","floor":3},{"not_picked":["Hello World","Recycle"],"picked":"Gash","floor":4},{"not_picked":["Go for the Eyes","Hologram"],"picked":"Gash","floor":5},{"not_picked":["Buffer","Barrage"],"picked":"Gash","floor":7},{"not_picked":["Blizzard","Cold Snap","Ball Lightning"],"picked":"SKIP","floor":8},{"not_picked":["Ball Lightning","Static Discharge"],"picked":"Melter","floor":11},{"not_picked":["Turbo","Sweeping Beam"],"picked":"Go for the Eyes","floor":13},{"not_picked":["Recycle","Conserve Battery"],"picked":"Hello World","floor":14},{"not_picked":["Fission","Core Surge"],"picked":"Reboot","floor":16},{"not_picked":["Defragment+1","Storm","Steam Power+1"],"picked":"SKIP","floor":18},{"not_picked":["Turbo","Genetic Algorithm"],"picked":"Beam Cell","floor":19},{"not_picked":["Leap","Double Energy"],"picked":"Steam","floor":22},{"not_picked":["Redo","Hello World"],"picked":"Rebound","floor":24},{"not_picked":["Doom and Gloom","Reinforced Body"],"picked":"FTL","floor":28},{"not_picked":["Blizzard+1","Auto Shields"],"picked":"Hologram+1","floor":29},{"not_picked":["Storm+1","Barrage","Coolheaded+1"],"picked":"SKIP","floor":35},{"not_picked":["Compile Driver+1","Stack","Sweeping Beam+1"],"picked":"SKIP","floor":36},{"not_picked":["Streamline","Loop+1","Storm+1"],"picked":"SKIP","floor":39},{"not_picked":["Loop+1","Storm+1"],"picked":"Streamline","floor":39},{"not_picked":["Static Discharge+1","Rebound+1"],"picked":"Hologram+1","floor":41},{"not_picked":["Barrage+1","Tempest","Ball Lightning+1"],"picked":"SKIP","floor":42},{"not_picked":["Steam+1","Reinforced Body+1"],"picked":"Multi-Cast","floor":45},{"not_picked":["Discovery","Flash of Steel"],"picked":"Trip","floor":47},{"not_picked":["Magnetism","Impatience"],"picked":"Thinking Ahead","floor":47},{"not_picked":["Enlightenment","PanicButton"],"picked":"Swift Strike","floor":47},{"not_picked":["Rebound+1","Coolheaded","Hello World+1"],"picked":"SKIP","floor":48},{"not_picked":["Sweeping Beam","Leap"],"picked":"Gash+1","floor":49}],"player_experience":121190,"relics_obtained":[{"floor":7,"key":"Ancient Tea Set"},{"floor":9,"key":"Blood Vial"},{"floor":14,"key":"Dream Catcher"},{"floor":20,"key":"War Paint"},{"floor":24,"key":"Lantern"},{"floor":26,"key":"Vajra"},{"floor":41,"key":"Boot"},{"floor":43,"key":"Oddly Smooth Stone"},{"floor":48,"key":"Matryoshka"}],"event_choices":[{"damage_healed":0,"gold_gain":0,"player_choice":"Take Damage","damage_taken":17,"relics_obtained":["Golden Idol"],"max_hp_gain":0,"max_hp_loss":0,"event_name":"Golden Idol","floor":10,"gold_loss":0},{"cards_removed":["Strike_B"],"damage_healed":0,"gold_gain":0,"player_choice":"Gave Gold","damage_taken":0,"max_hp_gain":0,"max_hp_loss":0,"event_name":"Beggar","floor":23,"gold_loss":75},{"cards_removed":["Strike_B"],"damage_healed":0,"gold_gain":0,"player_choice":"Offered Basic","damage_taken":0,"max_hp_gain":0,"max_hp_loss":0,"event_name":"Bonfire Elementals","floor":30,"gold_loss":0},{"damage_healed":0,"gold_gain":333,"player_choice":"Gave Idol","damage_taken":0,"max_hp_gain":0,"max_hp_loss":0,"event_name":"The Moai Head","floor":37,"relics_lost":["Golden Idol"],"gold_loss":0},{"damage_healed":0,"gold_gain":0,"player_choice":"Upgraded","damage_taken":0,"max_hp_gain":0,"max_hp_loss":0,"event_name":"Upgrade Shrine","floor":38,"gold_loss":0,"cards_upgraded":["Streamline"]},{"damage_healed":0,"gold_gain":0,"player_choice":"Memory 3","damage_taken":10,"max_hp_gain":0,"max_hp_loss":0,"event_name":"SensoryStone","floor":47,"gold_loss":0}],"is_beta":false,"boss_relics":[{"not_picked":["Snecko Eye","White Beast Statue"],"picked":"Sozu"},{"not_picked":["Black Star","Busted Crown"],"picked":"Nuclear Battery"}],"items_purged_floors":[21,31,44],"is_endless":false,"potions_floor_spawned":[4,5,7,8,11,18,22,36,39,42,48],"killed_by":"Time Eater","ascension_level":0}