{"gold_per_floor":[117,128,61,80,90,122,122,155,155,170,187,198,198,217,217,315,315,335,5,15,15,28,28,43,43,43,43,43,56,70,115,115,215,215,229,229,242,86,4,4,30,47,47,62,62,73,73,84,84,84],"floor_reached":51,"playtime":2490,"items_purged":["Gash"],"score":846,"play_id":"54ccbcc1-42bf-4ce8-994d-110ce11e75ef","local_time":"20181028210732","is_ascension_mode":true,"campfire_choices":[{"data":"Defragment","floor":7,"key":"SMITH"},{"floor":15,"key":"REST"},{"data":"Seek","floor":23,"key":"SMITH"},{"data":"Redo","floor":25,"key":"SMITH"},{"floor":32,"key":"REST"},{"data":"Creative AI","floor":40,"key":"SMITH"},{"floor":45,"key":"REST"},{"data":"Chaos","floor":47,"key":"SMITH"},{"floor":49,"key":"REST"}],"neow_cost":"NONE","seed_source_timestamp":350602540050208,"circlet_count":0,"master_deck":["Strike_B","Defend_B","Defend_B","Defend_B","Zap+1","Dualcast","Melter","Defragment+1","Rebound","Cold Snap","Rebound","Loop","Rainbow","Leap","Storm","Ball Lightning","Seek+1","Redo+1","FTL","Go for the Eyes","Compile Driver","Double Energy","Machine Learning","Rainbow+1","Buffer+1","Auto Shields+1","Barrage+1","Creative AI+1","Loop","Leap+1","Chaos+1","Redo+1"],"relics":["Cracked Core","Centennial Puzzle","Ancient Tea Set","DataDisk","Nuclear Battery","Bottled Lightning","Pear","Lantern","Astrolabe","Gremlin Horn","The Courier"],"potions_floor_usage":[6,16,33,44,50,50,50],"damage_taken":[{"damage":0,"enemies":"Cultist","floor":1,"turns":3},{"damage":0,"enemies":"2 Louse","floor":2,"turns":1},{"damage":3,"enemies":"Jaw Worm","floor":4,"turns":4},{"damage":11,"enemies":"Blue Slaver","floor":5,"turns":4},{"damage":0,"enemies":"Gremlin Nob","floor":6,"turns":3},{"damage":18,"enemies":"3 Sentries","floor":8,"turns":5},{"damage":30,"enemies":"Gremlin Gang","floor":10,"turns":3},{"damage":5,"enemies":"Large Slime","floor":11,"turns":4},{"damage":4,"enemies":"Exordium Thugs","floor":12,"turns":4},{"damage":10,"enemies":"3 Louse","floor":14,"turns":2},{"damage":11,"enemies":"Hexaghost","floor":16,"turns":9},{"damage":16,"enemies":"Shell Parasite","floor":18,"turns":4},{"damage":0,"enemies":"Spheric Guardian","floor":20,"turns":1},{"damage":15,"enemies":"3 Cultists","floor":22,"turns":4},{"damage":9,"enemies":"Chosen and Byrds","floor":24,"turns":4},{"damage":6,"enemies":"Centurion and Healer","floor":29,"turns":4},{"damage":0,"enemies":"Snecko","floor":30,"turns":3},{"damage":43,"enemies":"Champ","floor":33,"turns":8},{"damage":16,"enemies":"3 Shapes","floor":35,"turns":3},{"damage":13,"enemies":"3 Darklings","floor":37,"turns":4},{"damage":7,"enemies":"Nemesis","floor":41,"turns":7},{"damage":24,"enemies":"Maw","floor":42,"turns":6},{"damage":1,"enemies":"Jaw Worm Horde","floor":44,"turns":4},{"damage":1,"enemies":"3 Darklings","floor":46,"turns":3},{"damage":0,"enemies":"Spire Growth","floor":48,"turns":6},{"damage":52,"enemies":"Donu and Deca","floor":50,"turns":6}],"seed_played":"-5892287583362265876","potions_obtained":[{"floor":1,"key":"Block Potion"},{"floor":6,"key":"Dexterity Potion"},{"floor":8,"key":"SpeedPotion"},{"floor":10,"key":"SmokeBomb"},{"floor":14,"key":"Fire Potion"},{"floor":24,"key":"AttackPotion"},{"floor":30,"key":"Swift Potion"},{"floor":33,"key":"PowerPotion"},{"floor":41,"key":"EssenceOfSteel"},{"floor":44,"key":"Poison Potion"}],"is_trial":false,"path_per_floor":["M","M","$","M","M","E","R","E","T","M","M","M","?","M","R","B",null,"M","$","M","?","M","R","M","R","T","?","?","M","M","T","R","B",null,"M","?","M","$","$","R","E","M","T","M","R","M","R","M","R","B"],"character_chosen":"DEFECT","items_purchased":["Defragment","Bottled Lightning","Creative AI","Loop"],"campfire_rested":4,"item_purchase_floors":[3,19,38,39],"current_hp_per_floor":[75,75,75,72,61,61,61,43,43,13,8,4,29,19,41,30,75,59,59,59,75,60,60,51,51,61,61,45,39,39,39,66,23,90,74,74,61,61,61,61,54,30,30,29,56,55,55,55,82,30],"gold":84,"neow_bonus":"UPGRADE_CARD","is_prod":false,"is_daily":false,"chose_seed":false,"campfire_upgraded":5,"win_rate":0,"timestamp":1540786052,"path_taken":["M","M","$","M","M","E","R","E","T","?","M","M","?","?","R","BOSS","M","$","M","?","M","R","M","R","T","?","?","M","M","?","R","BOSS","M","?","M","?","$","R","E","?","T","M","R","M","R","M","R","BOSS"],"build_version":"2018-10-25v2","purchased_purges":1,"victory":true,"max_hp_per_floor":[75,75,75,75,75,75,75,75,75,75,75,75,75,75,75,75,75,75,75,75,75,75,75,75,75,85,85,90,90,90,90,90,90,90,90,90,90,90,90,90,90,90,90,90,90,90,90,90,90,90],"card_choices":[{"not_picked":["Blizzard","Reinforced Body"],"picked":"Melter","floor":1},{"not_picked":["Self Repair","Streamline"],"picked":"Gash","floor":2},{"not_picked":["Sweeping Beam","Redo"],"picked":"Rebound","floor":4},{"not_picked":["Recycle","Beam Cell"],"picked":"Cold Snap","floor":5},{"not_picked":["Steam","Coolheaded"],"picked":"Rebound","floor":6},{"not_picked":["FTL","Coolheaded"],"picked":"Loop","floor":8},{"not_picked":["Beam Cell","Turbo"],"picked":"Rainbow","floor":10},{"not_picked":["Beam Cell","Gash"],"picked":"Leap","floor":11},{"not_picked":["Leap","Skim"],"picked":"Storm","floor":12},{"not_picked":["Hologram","Chill"],"picked":"Ball Lightning","floor":14},{"not_picked":["Multi-Cast","Hyperbeam"],"picked":"Seek","floor":16},{"not_picked":["Coolheaded","Streamline","Reinforced Body"],"picked":"SKIP","floor":18},{"not_picked":["Undo","Melter"],"picked":"Redo","floor":20},{"not_picked":["Hologram","Gash"],"picked":"FTL","floor":22},{"not_picked":["Cold Snap","Rebound"],"picked":"Go for the Eyes","floor":24},{"not_picked":["Beam Cell","Gash"],"picked":"Compile Driver","floor":29},{"not_picked":["Consume+1","Scrape"],"picked":"Double Energy","floor":30},{"not_picked":["Fission","Meteor Strike"],"picked":"Machine Learning","floor":33},{"not_picked":["Turbo+1","Reinforced Body","Rip and Tear"],"picked":"SKIP","floor":35},{"not_picked":["Tempest","Gash"],"picked":"Barrage+1","floor":37},{"not_picked":["Steam+1","Core Surge"],"picked":"Leap+1","floor":41},{"not_picked":["Gash","Steam"],"picked":"Chaos","floor":42},{"not_picked":["Leap","Reinforced Body","Barrage+1"],"picked":"SKIP","floor":44},{"not_picked":["Sweeping Beam","Genetic Algorithm","Barrage"],"picked":"SKIP","floor":46},{"not_picked":["Leap+1","Fission"],"picked":"Redo+1","floor":48}],"player_experience":147145,"relics_obtained":[{"floor":6,"key":"Centennial Puzzle"},{"floor":8,"key":"Ancient Tea Set"},{"floor":9,"key":"DataDisk"},{"floor":26,"key":"Pear"},{"floor":31,"key":"Lantern"},{"floor":41,"key":"Gremlin Horn"},{"floor":43,"key":"The Courier"}],"event_choices":[{"damage_healed":25,"gold_gain":0,"player_choice":"Banana","damage_taken":0,"max_hp_gain":0,"max_hp_loss":0,"event_name":"Big Fish","floor":13,"gold_loss":0},{"damage_healed":16,"gold_gain":0,"player_choice":"Full Heal","damage_taken":0,"max_hp_gain":0,"max_hp_loss":0,"event_name":"Wheel of Change","floor":21,"gold_loss":0},{"cards_removed":["Strike_B"],"damage_healed":0,"gold_gain":0,"player_choice":"Offered Basic","damage_taken":0,"max_hp_gain":0,"max_hp_loss":0,"event_name":"Bonfire Elementals","floor":27,"gold_loss":0},{"damage_healed":0,"gold_gain":0,"player_choice":"Shed Blood","damage_taken":21,"max_hp_gain":5,"max_hp_loss":0,"event_name":"Forgotten Altar","floor":28,"gold_loss":0},{"damage_healed":0,"gold_gain":0,"player_choice":"Ignored","damage_taken":0,"max_hp_gain":0,"max_hp_loss":0,"event_name":"Tomb of Lord Red Mask","floor":36,"gold_loss":0}],"is_beta":false,"boss_relics":[{"not_picked":["Inserter","Philosopher\u0027s Stone"],"picked":"Nuclear Battery"},{"not_picked":["Empty Cage","Pandora\u0027s Box"],"picked":"Astrolabe"}],"items_purged_floors":[19],"is_endless":false,"potions_floor_spawned":[1,6,8,10,14,24,30,33,37,41,42,44],"ascension_level":3}