{"gold_per_floor":[219,394,394,405,405,405,430,430,456,467,467,487,207,172,172,172],"floor_reached":16,"playtime":861,"items_purged":["Doubt"],"score":142,"play_id":"995d30a3-5255-4e61-8fd0-8a1ce38ebc11","local_time":"20190504081324","is_ascension_mode":true,"campfire_choices":[{"data":"Sword Boomerang","floor":6,"key":"SMITH"},{"floor":8,"key":"REST"},{"data":"Shrug It Off","floor":11,"key":"SMITH"},{"data":"Flame Barrier","floor":15,"key":"SMITH"}],"neow_cost":"NONE","seed_source_timestamp":571966161137119,"circlet_count":0,"master_deck":["Strike_R","Strike_R+1","Strike_R","Strike_R","Strike_R+1","Defend_R","Defend_R+1","Defend_R+1","Defend_R","Bash+1","Shrug It Off+1","Sword Boomerang+1","Headbutt","Heavy Blade","Dual Wield","Metallicize","Flame Barrier+1","Good Instincts"],"relics":["Burning Blood","Kunai","War Paint"],"potions_floor_usage":[7],"damage_taken":[{"damage":18,"enemies":"Jaw Worm","floor":1,"turns":5},{"damage":6,"enemies":"Cultist","floor":4,"turns":3},{"damage":41,"enemies":"Lagavulin","floor":7,"turns":7},{"damage":6,"enemies":"2 Louse","floor":10,"turns":2},{"damage":10,"enemies":"Large Slime","floor":12,"turns":6},{"damage":50,"enemies":"Hexaghost","floor":16,"turns":14}],"seed_played":"-6715278098730710102","potions_obtained":[{"floor":4,"key":"Block Potion"},{"floor":12,"key":"EssenceOfSteel"}],"is_trial":false,"path_per_floor":["M","?","?","M","?","R","E","R","T","M","R","M","$","?","R","B"],"character_chosen":"IRONCLAD","items_purchased":["Metallicize","Flame Barrier","Good Instincts"],"campfire_rested":1,"item_purchase_floors":[13,13,13],"current_hp_per_floor":[60,60,44,44,44,44,9,33,33,33,33,29,29,49,49,0],"gold":172,"neow_bonus":"HUNDRED_GOLD","is_prod":false,"is_daily":false,"chose_seed":false,"campfire_upgraded":3,"win_rate":0,"timestamp":1556982804,"path_taken":["M","?","?","M","?","R","E","R","T","?","R","M","$","?","R","BOSS"],"build_version":"2019-01-23","purchased_purges":1,"victory":false,"max_hp_per_floor":[80,80,80,80,80,80,80,80,80,80,80,80,80,80,80,80],"card_choices":[{"not_picked":["Iron Wave","Clothesline"],"picked":"Shrug It Off","floor":1},{"not_picked":["Havoc","Flex"],"picked":"Sword Boomerang","floor":4},{"not_picked":["Hemokinesis","Immolate"],"picked":"Headbutt","floor":7},{"not_picked":["Perfected Strike","Wild Strike"],"picked":"Heavy Blade","floor":10},{"not_picked":["Reckless Charge","Sword Boomerang"],"picked":"Dual Wield","floor":12}],"player_experience":315832,"relics_obtained":[{"floor":7,"key":"Kunai"},{"floor":9,"key":"War Paint"}],"event_choices":[{"damage_healed":0,"gold_gain":175,"player_choice":"AGREE","damage_taken":0,"max_hp_gain":0,"max_hp_loss":0,"event_name":"Liars Game","floor":2,"gold_loss":0,"cards_obtained":["Doubt"]},{"damage_healed":0,"gold_gain":0,"player_choice":"Entered Light","damage_taken":16,"max_hp_gain":0,"max_hp_loss":0,"event_name":"Shining Light","floor":3,"gold_loss":0,"cards_upgraded":["Strike_R","Strike_R"]},{"damage_healed":0,"gold_gain":0,"player_choice":"Upgraded","damage_taken":0,"max_hp_gain":0,"max_hp_loss":0,"event_name":"Upgrade Shrine","floor":5,"gold_loss":0,"cards_upgraded":["Bash"]},{"damage_healed":20,"gold_gain":0,"player_choice":"Healed","damage_taken":0,"max_hp_gain":0,"max_hp_loss":0,"event_name":"The Cleric","floor":14,"gold_loss":35}],"is_beta":false,"boss_relics":[],"items_purged_floors":[13],"is_endless":false,"potions_floor_spawned":[4,12],"killed_by":"Hexaghost","ascension_level":9}