{"gold_per_floor":[109,109,123,123,134,147,147,177,258,274,300,300,300,316,316,435,435,449,465,465,32,157,157,193,211,211,234,272,272,272,272,272,397,397,413,429,447,780,780,780,805,805,830,843,853,853,865,323,323,323],"floor_reached":51,"playtime":2544,"items_purged":[],"score":811,"play_id":"5f03b30e-40ba-4caf-9c1d-fbf205faca61","local_time":"20190526011820","is_ascension_mode":true,"campfire_choices":[{"data":"Armaments","floor":7,"key":"SMITH"},{"floor":15,"key":"REST"},{"floor":23,"key":"REST"},{"floor":29,"key":"REST"},{"floor":30,"key":"REST"},{"data":"Demon Form","floor":32,"key":"SMITH"},{"floor":46,"key":"REST"},{"floor":49,"key":"REST"}],"neow_cost":"NONE","seed_source_timestamp":852283856700,"circlet_count":0,"master_deck":["Strike_R","Strike_R","Strike_R","Strike_R","Strike_R","Defend_R+1","Defend_R","Defend_R+1","Defend_R","Bash","Armaments+1","Thunderclap","Iron Wave","Havoc","Blood for Blood","Havoc","Infernal Blade","Twin Strike","Demon Form+1","Shockwave","Shrug It Off","Corruption","Evolve","Cleave","Heavy Blade","Immolate","Clothesline","Madness","Madness","Dark Embrace","Shrug It Off","Thunderclap+1","Mayhem"],"relics":["Burning Blood","Thread and Needle","War Paint","Singing Bowl","Pen Nib","Busted Crown","Oddly Smooth Stone","Matryoshka","Pocketwatch","Dodecahedron","Gremlin Horn","Ancient Tea Set","Paper Frog","Nloth\u0027s Gift","Black Star","Question Card","Smiling Mask","Red Skull","Boot","Turnip"],"potions_floor_usage":[8,11,16,22,28,33,41,47,50,50],"damage_taken":[{"damage":2,"enemies":"2 Louse","floor":1,"turns":2},{"damage":1,"enemies":"Cultist","floor":3,"turns":3},{"damage":0,"enemies":"Small Slimes","floor":5,"turns":3},{"damage":0,"enemies":"2 Fungi Beasts","floor":6,"turns":4},{"damage":13,"enemies":"Gremlin Nob","floor":8,"turns":5},{"damage":0,"enemies":"Large Slime","floor":10,"turns":6},{"damage":19,"enemies":"Lagavulin","floor":11,"turns":7},{"damage":11,"enemies":"Exordium Wildlife","floor":14,"turns":3},{"damage":41,"enemies":"The Guardian","floor":16,"turns":10},{"damage":7,"enemies":"Chosen","floor":18,"turns":5},{"damage":5,"enemies":"3 Byrds","floor":19,"turns":5},{"damage":7,"enemies":"Colosseum Slavers","floor":22,"turns":5},{"damage":35,"enemies":"Colosseum Nobs","floor":22,"turns":5},{"damage":23,"enemies":"Book of Stabbing","floor":24,"turns":6},{"damage":13,"enemies":"Centurion and Healer","floor":25,"turns":4},{"damage":15,"enemies":"Sentry and Sphere","floor":27,"turns":5},{"damage":37,"enemies":"Slavers","floor":28,"turns":3},{"damage":7,"enemies":"Champ","floor":33,"turns":8},{"damage":6,"enemies":"Orb Walker","floor":35,"turns":4},{"damage":11,"enemies":"3 Shapes","floor":36,"turns":3},{"damage":22,"enemies":"Jaw Worm Horde","floor":37,"turns":3},{"damage":49,"enemies":"Reptomancer","floor":41,"turns":6},{"damage":21,"enemies":"Sphere and 2 Shapes","floor":44,"turns":5},{"damage":14,"enemies":"3 Darklings","floor":45,"turns":4},{"damage":11,"enemies":"Maw","floor":47,"turns":5},{"damage":75,"enemies":"Time Eater","floor":50,"turns":9}],"seed_played":"-99060449644990737","potions_obtained":[{"floor":6,"key":"EssenceOfSteel"},{"floor":10,"key":"Ancient Potion"},{"floor":11,"key":"LiquidBronze"},{"floor":16,"key":"Block Potion"},{"floor":18,"key":"FairyPotion"},{"floor":19,"key":"FairyPotion"},{"floor":27,"key":"Dexterity Potion"},{"floor":28,"key":"BloodPotion"},{"floor":33,"key":"Ancient Potion"},{"floor":37,"key":"Regen Potion"},{"floor":41,"key":"GamblersBrew"},{"floor":47,"key":"PowerPotion"}],"is_trial":false,"path_per_floor":["M","?","M","?","M","M","R","E","T","M","E","?","?","M","R","B",null,"M","M","?","$","?","R","E","M","T","M","E","R","R","?","R","B",null,"M","M","M","?","$","?","E","?","T","M","M","R","M","$","R","B",null],"character_chosen":"IRONCLAD","items_purchased":["Oddly Smooth Stone","Matryoshka","Corruption","Turnip","Mayhem","SkillPotion"],"campfire_rested":6,"item_purchase_floors":[21,21,21,48,48,48],"current_hp_per_floor":[80,90,90,78,84,90,90,83,83,89,76,76,69,64,90,55,90,89,92,92,92,62,89,74,67,67,58,29,57,85,85,85,93,96,98,93,79,79,79,66,38,38,38,23,17,47,42,42,72,16],"gold":323,"neow_bonus":"ONE_RANDOM_RARE_CARD","is_prod":false,"is_daily":false,"chose_seed":false,"campfire_upgraded":2,"win_rate":0,"timestamp":1558826300,"path_taken":["M","?","?","?","M","M","R","E","T","M","E","?","?","M","R","BOSS","M","M","?","$","?","R","E","M","T","M","E","R","R","?","R","BOSS","M","M","?","?","$","?","E","?","T","?","M","R","M","$","R","BOSS"],"build_version":"2019-01-23","purchased_purges":0,"victory":true,"max_hp_per_floor":[80,90,90,90,90,90,90,90,90,90,90,90,90,90,90,90,90,90,92,92,92,92,92,94,94,94,94,96,96,96,96,96,96,96,98,98,100,100,100,100,100,100,100,100,102,102,102,102,102,102],"card_choices":[{"not_picked":["Pommel Strike","Heavy Blade"],"picked":"Armaments","floor":1},{"not_picked":["Twin Strike","Body Slam"],"picked":"Thunderclap","floor":3},{"not_picked":["Anger","Brutality"],"picked":"Iron Wave","floor":5},{"not_picked":["Carnage","Headbutt"],"picked":"Havoc","floor":6},{"not_picked":["Hemokinesis","Burning Pact"],"picked":"Blood for Blood","floor":8},{"not_picked":["Clothesline","Rupture"],"picked":"Havoc","floor":10},{"not_picked":["Perfected Strike","Blood for Blood"],"picked":"Infernal Blade","floor":11},{"not_picked":["Pummel","Havoc"],"picked":"Twin Strike","floor":14},{"not_picked":["Exhume","Barricade"],"picked":"Demon Form","floor":16},{"not_picked":[],"picked":"Shockwave","floor":18},{"not_picked":["Fire Breathing"],"picked":"Singing Bowl","floor":19},{"not_picked":[],"picked":"Evolve","floor":22},{"not_picked":["Thunderclap"],"picked":"Singing Bowl","floor":24},{"not_picked":[],"picked":"Cleave","floor":25},{"not_picked":[],"picked":"Heavy Blade","floor":27},{"not_picked":["Infernal Blade"],"picked":"Singing Bowl","floor":28},{"not_picked":[],"picked":"Immolate","floor":33},{"not_picked":["Bludgeon"],"picked":"Singing Bowl","floor":35},{"not_picked":[],"picked":"Clothesline","floor":36},{"not_picked":["Feel No Pain"],"picked":"Singing Bowl","floor":37},{"not_picked":[],"picked":"Dark Embrace","floor":41},{"not_picked":["Body Slam+1"],"picked":"Shrug It Off","floor":44},{"not_picked":["Second Wind","Rampage"],"picked":"Singing Bowl","floor":45},{"not_picked":["Flex"],"picked":"Thunderclap+1","floor":47}],"player_experience":341398,"relics_obtained":[{"floor":8,"key":"War Paint"},{"floor":9,"key":"Singing Bowl"},{"floor":11,"key":"Pen Nib"},{"floor":22,"key":"Pocketwatch"},{"floor":22,"key":"Dodecahedron"},{"floor":24,"key":"Gremlin Horn"},{"floor":26,"key":"Ancient Tea Set"},{"floor":26,"key":"Paper Frog"},{"floor":28,"key":"WingedGreaves"},{"floor":41,"key":"Question Card"},{"floor":41,"key":"Smiling Mask"},{"floor":43,"key":"Red Skull"},{"floor":43,"key":"Boot"}],"event_choices":[{"cards_removed":["Fiend Fire"],"damage_healed":0,"gold_gain":0,"player_choice":"Offered Rare","damage_taken":0,"max_hp_gain":10,"max_hp_loss":0,"event_name":"Bonfire Elementals","floor":2,"gold_loss":0},{"damage_healed":0,"gold_gain":0,"player_choice":"Success","damage_taken":12,"relics_obtained":["Thread and Needle"],"max_hp_gain":0,"max_hp_loss":0,"event_name":"Scrap Ooze","floor":4,"gold_loss":0},{"damage_healed":0,"gold_gain":0,"player_choice":"Take Wound","damage_taken":0,"relics_obtained":["Golden Idol"],"max_hp_gain":0,"max_hp_loss":0,"event_name":"Golden Idol","floor":12,"gold_loss":0,"cards_obtained":["Injury"]},{"cards_removed":["Injury"],"damage_healed":0,"gold_gain":0,"player_choice":"Card Removal","damage_taken":7,"max_hp_gain":0,"max_hp_loss":0,"event_name":"Golden Wing","floor":13,"gold_loss":0},{"damage_healed":0,"gold_gain":0,"player_choice":"Read","damage_taken":0,"max_hp_gain":0,"max_hp_loss":0,"event_name":"The Library","floor":20,"gold_loss":0,"cards_obtained":["Shrug It Off"]},{"damage_healed":0,"gold_gain":0,"player_choice":"Fight","damage_taken":0,"max_hp_gain":0,"max_hp_loss":0,"event_name":"Colosseum","floor":22,"gold_loss":0},{"damage_healed":0,"gold_gain":0,"player_choice":"Fought Nobs","damage_taken":0,"max_hp_gain":0,"max_hp_loss":0,"event_name":"Colosseum","floor":22,"gold_loss":0},{"damage_healed":0,"gold_gain":0,"player_choice":"Traded Relic","damage_taken":0,"relics_obtained":["Nloth\u0027s Gift"],"max_hp_gain":0,"max_hp_loss":0,"event_name":"N\u0027loth","floor":31,"relics_lost":["WingedGreaves"],"gold_loss":0},{"damage_healed":0,"gold_gain":333,"player_choice":"Gave Idol","damage_taken":0,"max_hp_gain":0,"max_hp_loss":0,"event_name":"The Moai Head","floor":38,"relics_lost":["Golden Idol"],"gold_loss":0},{"damage_healed":0,"gold_gain":0,"player_choice":"Embrace Madness","damage_taken":13,"max_hp_gain":0,"max_hp_loss":0,"event_name":"Winding Halls","floor":40,"gold_loss":0,"cards_obtained":["Madness","Madness"]},{"damage_healed":0,"gold_gain":0,"player_choice":"Ignored","damage_taken":0,"max_hp_gain":0,"max_hp_loss":0,"event_name":"Tomb of Lord Red Mask","floor":42,"gold_loss":0}],"is_beta":false,"boss_relics":[{"not_picked":["Philosopher\u0027s Stone","Mark of Pain"],"picked":"Busted Crown"},{"not_picked":["Snecko Eye","Fusion Hammer"],"picked":"Black Star"}],"items_purged_floors":[],"is_endless":false,"potions_floor_spawned":[6,10,11,16,18,19,22,27,28,33,37,41,47],"ascension_level":1}