{"gold_per_floor":[112,112,82,100,111,111,129,129,154,181,208,208,208,239,239,239],"floor_reached":16,"playtime":730,"items_purged":[],"score":200,"play_id":"3fc28d85-7ae4-41bc-aea3-fec944bb02cf","local_time":"20190204165401","is_ascension_mode":true,"campfire_choices":[{"floor":6,"key":"REST"},{"floor":15,"key":"REST"}],"neow_cost":"NONE","seed_source_timestamp":1174848058613141,"circlet_count":0,"master_deck":["AscendersBane","Strike_R","Strike_R","Strike_R","Strike_R","Defend_R","Defend_R+1","Defend_R","Defend_R","Bash","Pommel Strike","Power Through","True Grit+1","True Grit","Feel No Pain","Battle Trance"],"relics":["Burning Blood","Smiling Mask","Happy Flower","Bag of Marbles","Pen Nib","War Paint"],"potions_floor_usage":[11,14],"damage_taken":[{"damage":19,"enemies":"Jaw Worm","floor":1,"turns":5},{"damage":5,"enemies":"2 Louse","floor":4,"turns":3},{"damage":0,"enemies":"Cultist","floor":5,"turns":3},{"damage":17,"enemies":"Gremlin Gang","floor":7,"turns":6},{"damage":28,"enemies":"Gremlin Nob","floor":11,"turns":5},{"damage":38,"enemies":"Lagavulin","floor":14,"turns":6},{"damage":51,"enemies":"Hexaghost","floor":16,"turns":12}],"seed_played":"3397171114689030151","potions_obtained":[{"floor":3,"key":"Strength Potion"},{"floor":3,"key":"Poison Potion"},{"floor":4,"key":"Block Potion"}],"is_trial":false,"path_per_floor":["M","?","?","M","M","R","M","$","T","T","E","?","?","E","R","B"],"character_chosen":"IRONCLAD","items_purchased":[],"campfire_rested":2,"item_purchase_floors":[],"current_hp_per_floor":[55,37,37,38,44,66,55,55,55,55,33,33,58,26,48,0],"gold":239,"neow_bonus":"REMOVE_CARD","is_prod":false,"is_daily":false,"chose_seed":false,"campfire_upgraded":0,"win_rate":0,"timestamp":1549292041,"path_taken":["M","?","?","?","?","R","M","?","T","?","E","?","?","E","R","BOSS"],"build_version":"2019-01-23","purchased_purges":0,"victory":false,"max_hp_per_floor":[75,75,75,75,75,75,75,75,75,75,75,75,75,75,75,75],"card_choices":[{"not_picked":["Burning Pact","Entrench"],"picked":"Pommel Strike","floor":1},{"not_picked":["Clash","Headbutt"],"picked":"Power Through","floor":4},{"not_picked":["Heavy Blade","Clothesline"],"picked":"True Grit","floor":5},{"not_picked":["Anger","Blood for Blood"],"picked":"True Grit","floor":7},{"not_picked":["Carnage","Armaments"],"picked":"Feel No Pain","floor":11},{"not_picked":["Havoc","Iron Wave"],"picked":"Battle Trance","floor":14}],"player_experience":417097,"relics_obtained":[{"floor":9,"key":"Happy Flower"},{"floor":10,"key":"Bag of Marbles"},{"floor":11,"key":"Pen Nib"},{"floor":14,"key":"War Paint"}],"event_choices":[{"damage_healed":0,"gold_gain":0,"player_choice":"Success","damage_taken":18,"relics_obtained":["Smiling Mask"],"max_hp_gain":0,"max_hp_loss":0,"event_name":"Scrap Ooze","floor":2,"gold_loss":0},{"damage_healed":0,"gold_gain":0,"player_choice":"Bought 2 Potions","damage_taken":0,"max_hp_gain":0,"max_hp_loss":0,"event_name":"The Woman in Blue","floor":3,"gold_loss":0},{"damage_healed":0,"gold_gain":0,"player_choice":"Ignored","damage_taken":0,"max_hp_gain":0,"max_hp_loss":0,"event_name":"Golden Wing","floor":12,"gold_loss":0},{"damage_healed":25,"gold_gain":0,"player_choice":"Banana","damage_taken":0,"max_hp_gain":0,"max_hp_loss":0,"event_name":"Big Fish","floor":13,"gold_loss":0}],"is_beta":true,"boss_relics":[],"items_purged_floors":[],"is_endless":false,"potions_floor_spawned":[4,5],"killed_by":"Hexaghost","ascension_level":17}