{"path_per_floor":["M","M","?","?","$","E","?","?","T","M","$","R","M","M","R","B",null,"M","M","M","?","$","E","R","E","T","R","?","M","R","$","R","B",null,"M","$","?","M","$","R","E","R","T","M","$","M","R","M","R","B"],"character_chosen":"THE_SILENT","items_purchased":["Backflip","Flying Knee","Blur","Regen Potion","Regen Potion","Cloak And Dagger"],"gold_per_floor":[119,130,130,130,54,84,84,84,152,172,62,62,80,94,94,190,190,200,215,225,225,73,99,99,128,151,151,151,162,162,111,111,214,214,232,83,0,11,11,11,36,36,36,48,48,68,68,85,85,85],"floor_reached":51,"campfire_rested":4,"playtime":4446,"current_hp_per_floor":[70,70,56,56,56,56,56,49,59,59,59,59,56,56,56,71,80,80,74,62,62,62,25,49,30,30,54,54,44,68,68,68,60,80,77,77,77,74,74,74,77,77,77,68,68,72,72,64,80,62],"items_purged":["Defend_G","All Out Attack","All Out Attack"],"gold":85,"score":588,"play_id":"1d2f0fef-fa25-4c00-baca-a791ba4f250a","is_prod":false,"is_daily":false,"is_ascension_mode":false,"campfire_upgraded":6,"path_taken":["M","M","?","?","$","E","?","?","T","?","$","R","M","M","R","BOSS","M","M","M","?","?","E","R","E","T","R","?","M","R","$","R","BOSS","M","$","?","M","?","R","E","R","T","M","$","M","R","?","R","BOSS"],"build_version":"2018-02-22-PROD2","purchased_purges":3,"victory":true,"master_deck":["Survivor","Neutralize+1","Noxious Fumes+1","Deflect","Backflip","Flying Knee","Blur","Noxious Fumes+1","Blur","Escape Plan","Terror+1","Grand Finale","Calculated Gamble","Underhanded Strike","Escape Plan","Finisher","Dagger Spray","Expertise","Escape Plan","Caltrops+1","Dagger Throw+1","Unload","Acrobatics","Backstab","Tactician","Footwork+1","Cloak And Dagger","Footwork+1","Deflect+1","Night Terror+1","Dagger Throw"],"max_hp_per_floor":[70,70,70,70,70,70,70,70,80,80,80,80,80,80,80,80,80,80,80,80,80,80,80,80,80,80,80,80,80,80,80,80,80,80,80,80,80,80,80,80,80,80,80,80,80,80,80,80,80,80],"relics":["Ring of the Snake","NeowsBlessing","Bottled Lightning","Pear","Pandora\u0027s Box","Bird Faced Urn","Pen Nib","Omamori","Happy Flower","Lizard Tail","Red Mask","Frozen Eye","Dead Branch"],"card_choices":[{"not_picked":["Poisoned Stab","Deadly Poison"],"picked":"Noxious Fumes"},{"not_picked":["Bane","Slice"],"picked":"Deflect"},{"not_picked":["Corpse Explosion","Prepared"],"picked":"Blur"},{"not_picked":["Slice","Setup"],"picked":"Noxious Fumes"},{"not_picked":["Acrobatics","Dagger Spray"],"picked":"Escape Plan"},{"not_picked":["Dagger Spray","Well Laid Plans"],"picked":"Terror"},{"not_picked":["Die Die Die","Wraith Form"],"picked":"Grand Finale"},{"not_picked":["PiercingWail","Dodge and Roll"],"picked":"Escape Plan"},{"not_picked":["Heel Hook","Underhanded Strike"],"picked":"Caltrops"},{"not_picked":["Quick Slash","Dodge and Roll"],"picked":"Dagger Throw"},{"not_picked":["Flying Knee","Infinite Blades"],"picked":"Unload"},{"not_picked":["Flying Knee","Bane"],"picked":"Acrobatics"},{"not_picked":["Sucker Punch","Catalyst"],"picked":"Backstab"},{"not_picked":["Unload","Bullet Time"],"picked":"Tactician"},{"not_picked":["Concentrate","Deflect"],"picked":"Footwork"},{"not_picked":["Bane","Flying Knee"],"picked":"Footwork"},{"not_picked":["Sucker Punch","Dagger Spray"],"picked":"Deflect"},{"not_picked":["Choke","Malaise"],"picked":"Night Terror"},{"not_picked":["Underhanded Strike","Finisher"],"picked":"Dagger Throw"}],"player_experience":129520,"potions_floor_usage":[41,44,50],"damage_taken":[{"damage":0.0,"enemies":"Small Slimes","floor":1.0,"turns":1.0},{"damage":0.0,"enemies":"Jaw Worm","floor":2.0,"turns":1.0},{"damage":0.0,"enemies":"Gremlin Nob","floor":6.0,"turns":1.0},{"damage":0.0,"enemies":"2 Louse","floor":10.0,"turns":3.0},{"damage":3.0,"enemies":"Blue Slaver","floor":13.0,"turns":4.0},{"damage":0.0,"enemies":"Exordium Wildlife","floor":14.0,"turns":4.0},{"damage":0.0,"enemies":"Slime Boss","floor":16.0,"turns":10.0},{"damage":0.0,"enemies":"Chosen","floor":18.0,"turns":6.0},{"damage":6.0,"enemies":"Spheric Guardian","floor":19.0,"turns":4.0},{"damage":12.0,"enemies":"Slaver and Parasite","floor":20.0,"turns":6.0},{"damage":58.0,"enemies":"Slavers","floor":23.0,"turns":6.0},{"damage":23.0,"enemies":"Book of Stabbing","floor":25.0,"turns":5.0},{"damage":12.0,"enemies":"Snake Plant","floor":29.0,"turns":2.0},{"damage":29.0,"enemies":"Automaton","floor":33.0,"turns":10.0},{"damage":3,"enemies":"Orb Walker","floor":35,"turns":3},{"damage":10,"enemies":"3 Darklings","floor":38,"turns":6},{"damage":22,"enemies":"Nemesis","floor":41,"turns":9},{"damage":20,"enemies":"4 Shapes","floor":44,"turns":5},{"damage":10,"enemies":"Sphere and 2 Shapes","floor":46,"turns":7},{"damage":18,"enemies":"3 Darklings","floor":48,"turns":5},{"damage":20,"enemies":"Time Eater","floor":50,"turns":14}],"event_choices":[{"event_name":"Shining Light","player_choice":"Entered Light","floor":3.0,"damage_taken":0.0},{"event_name":"Living Wall","player_choice":"Grow","floor":4.0,"damage_taken":0.0},{"event_name":"The Cleric","player_choice":"Leave","floor":7.0,"damage_taken":0.0},{"event_name":"Golden Wing","player_choice":"Card Removal","floor":8.0,"damage_taken":0.0},{"event_name":"The Mausoleum","player_choice":"Yes","floor":21.0,"damage_taken":0.0},{"event_name":"Cursed Tome","player_choice":"Ignored","floor":28.0,"damage_taken":0.0},{"event_name":"Tomb of Lord Red Mask","player_choice":"Paid","floor":37,"damage_taken":0}],"boss_relics":[],"potions_floor_spawned":[2,10,13,14,18,25,33,35,46,48],"seed_played":"-2858355345783810590","ascension_level":0,"is_trial":false}