{"gold_per_floor":[214,214,35,35,35,69,69,102,129,129,145,210,210,224,224,224],"floor_reached":16,"playtime":438,"items_purged":["Pain"],"score":122,"play_id":"9d21a1ae-ed97-43a0-bc8f-b191722bd443","local_time":"20181223202817","is_ascension_mode":true,"campfire_choices":[{"data":"Infernal Blade","floor":7,"key":"SMITH"},{"floor":13,"key":"RECALL"},{"data":"Brutality","floor":15,"key":"SMITH"}],"neow_cost":"NONE","seed_source_timestamp":24166524214000,"circlet_count":0,"master_deck":["Strike_R","Strike_R","Strike_R","Strike_R","Strike_R","Defend_R","Defend_R","Defend_R","Defend_R","Bash","Metallicize","Ghostly Armor","True Grit","Infernal Blade+1","Body Slam","Warcry","Brutality+1"],"relics":["Burning Blood","WarpedTongs","Golden Idol","Pear","Regal Pillow","Pen Nib","Vajra"],"potions_floor_usage":[8,12,16],"damage_taken":[{"damage":6,"enemies":"2 Louse","floor":1,"turns":2},{"damage":36,"enemies":"Gremlin Nob","floor":6,"turns":6},{"damage":16,"enemies":"Lagavulin","floor":8,"turns":5},{"damage":0,"enemies":"Cultist","floor":11,"turns":3},{"damage":17,"enemies":"Lagavulin Event","floor":12,"turns":5},{"damage":0,"enemies":"Small Slimes","floor":14,"turns":3},{"damage":59,"enemies":"Slime Boss","floor":16,"turns":8}],"seed_played":"-5029829568349855850","potions_obtained":[{"floor":1,"key":"FearPotion"},{"floor":8,"key":"Poison Potion"},{"floor":11,"key":"GamblersBrew"},{"floor":14,"key":"Poison Potion"}],"is_trial":false,"path_per_floor":["M","?","$","$","?","E","R","E","T","?","M","?","R","M","R","B"],"character_chosen":"IRONCLAD","items_purchased":["Ghostly Armor","True Grit"],"campfire_rested":0,"item_purchase_floors":[3,3],"current_hp_per_floor":[80,80,80,80,80,60,60,50,50,50,56,45,45,51,51,0],"gold":224,"neow_bonus":"HUNDRED_GOLD","is_prod":false,"is_daily":false,"chose_seed":false,"campfire_upgraded":2,"win_rate":0,"timestamp":1545593297,"path_taken":["M","?","?","$","?","E","R","E","T","?","?","?","R","M","R","BOSS"],"build_version":"2018-12-20","purchased_purges":1,"victory":false,"max_hp_per_floor":[80,80,80,80,80,90,90,90,90,90,90,90,90,90,90,90],"card_choices":[{"not_picked":["Blood for Blood","Second Wind"],"picked":"Metallicize","floor":1},{"not_picked":["Fiend Fire","Twin Strike"],"picked":"Infernal Blade","floor":6},{"not_picked":["Anger","Iron Wave"],"picked":"Body Slam","floor":8},{"not_picked":["Reckless Charge","Sword Boomerang"],"picked":"Warcry","floor":11},{"not_picked":["True Grit","Blood for Blood"],"picked":"Brutality","floor":14}],"player_experience":289735,"relics_obtained":[{"floor":6,"key":"Pear"},{"floor":8,"key":"Regal Pillow"},{"floor":9,"key":"Pen Nib"}],"event_choices":[{"damage_healed":0,"gold_gain":0,"player_choice":"Rummage","damage_taken":0,"relics_obtained":["WarpedTongs"],"max_hp_gain":0,"max_hp_loss":0,"event_name":"Accursed Blacksmith","floor":2,"gold_loss":0,"cards_obtained":["Pain"]},{"damage_healed":0,"gold_gain":0,"player_choice":"Take Wound","damage_taken":0,"relics_obtained":["Golden Idol"],"max_hp_gain":0,"max_hp_loss":0,"event_name":"Golden Idol","floor":5,"gold_loss":0,"cards_obtained":["Injury"]},{"cards_removed":["Injury"],"damage_healed":0,"gold_gain":0,"player_choice":"Purged","damage_taken":0,"max_hp_gain":0,"max_hp_loss":0,"event_name":"Purifier","floor":10,"gold_loss":0},{"damage_healed":0,"gold_gain":30,"player_choice":"Searched \u00273\u0027 times","damage_taken":0,"relics_obtained":["Vajra"],"max_hp_gain":0,"max_hp_loss":0,"event_name":"Dead Adventurer","floor":12,"gold_loss":0}],"is_beta":false,"boss_relics":[],"items_purged_floors":[3],"is_endless":false,"potions_floor_spawned":[1,8,11,14],"killed_by":"Slime Boss","ascension_level":3}