{"path_per_floor":["M","?","M","$","M","M","E","R","T","E","?","M","E","?","R","B",null,"M","?","M","?","M","?","?","E","T","E","R","E","M","M","R","B",null,"M","M","?","M","?","R","E","?","T","R","M","?","E","?","R","B"],"character_chosen":"IRONCLAD","items_purchased":["Feed"],"gold_per_floor":[213,213,230,3,17,35,65,65,117,149,149,159,192,192,192,297,297,307,307,318,233,250,250,250,278,303,332,332,365,384,398,398,494,524,534,545,545,562,562,562,588,643,711,711,728,728,755,755,755,755],"floor_reached":51,"campfire_rested":3,"playtime":5208,"current_hp_per_floor":[76,69,69,69,67,64,59,59,59,56,56,57,42,9,51,24,90,94,94,77,77,81,81,81,57,57,41,41,22,29,29,79,89,123,121,123,113,127,127,127,100,19,19,74,90,90,113,113,113,82],"items_purged":["Strike_R"],"gold":755,"play_id":"ee65f9bd-2277-4ceb-b17d-b73aedd2cd54","is_prod":false,"is_daily":false,"is_ascension_mode":false,"campfire_upgraded":4,"path_taken":["M","?","?","$","M","M","E","R","T","E","?","M","E","?","R","BOSS","M","?","M","?","M","?","?","E","T","E","R","E","M","M","R","BOSS","M","M","?","M","?","R","E","?","T","R","M","?","E","?","R","BOSS"],"build_version":"2018-02-02-BETA1","purchased_purges":1,"victory":true,"master_deck":["Strike_R","Strike_R","Defend_R+1","Defend_R","Defend_R+1","Bash","Headbutt","Whirlwind","Feed+1","Pommel Strike","Metallicize+1","Flame Barrier","Bludgeon","Clash","Feed","Dark Embrace+1","Burning Pact","Flex+1","Metallicize+1","Barricade+1","Uppercut+1","Flex+1","Bludgeon","Impervious","Pommel Strike","Armaments","Feel No Pain+1","Madness","Madness+1","Armaments+1","Dropkick+1","Uppercut+1","Rage+1"],"max_hp_per_floor":[80,80,80,80,83,86,86,86,86,90,90,90,90,90,90,90,90,94,94,97,97,101,101,101,101,101,108,108,111,114,118,118,118,123,123,123,123,130,130,130,134,134,134,134,134,134,134,134,134,134],"relics":["Burning Blood","War Paint","Regal Pillow","Bronze Scales","Dodecahedron","Bird Faced Urn","Sozu","Juzu Bracelet","Frozen Egg 2","Happy Flower","Strawberry","Lantern","Tiny House","Magic Flower","Torii","Matryoshka","Orichalcum"],"card_choices":[{"not_picked":["Warcry","Second Wind"],"picked":"Headbutt"},{"not_picked":["Searing Blow","Twin Strike"],"picked":"Whirlwind"},{"not_picked":["Iron Wave","Warcry"],"picked":"Pommel Strike"},{"not_picked":["Clothesline","Sword Boomerang"],"picked":"Metallicize"},{"not_picked":["Heavy Blade","Body Slam"],"picked":"Flame Barrier"},{"not_picked":["Warcry","Thunderclap"],"picked":"Bludgeon"},{"not_picked":["Iron Wave","Thunderclap"],"picked":"Clash"},{"not_picked":["Combust","True Grit"],"picked":"Feed"},{"not_picked":["Brutality","Offering"],"picked":"Dark Embrace"},{"not_picked":["Warcry","Thunderclap"],"picked":"Burning Pact"},{"not_picked":["Perfected Strike","Anger"],"picked":"Flex"},{"not_picked":["Armaments","Thunderclap"],"picked":"Metallicize"},{"not_picked":["Spot Weakness","Hemokinesis"],"picked":"Barricade"},{"not_picked":["Clothesline","Thunderclap"],"picked":"Uppercut"},{"not_picked":["Pommel Strike","Heavy Blade"],"picked":"Flex"},{"not_picked":["True Grit","Cleave"],"picked":"Bludgeon"},{"not_picked":["Demon Form","Limit Break"],"picked":"Impervious"},{"not_picked":["Clothesline","Sword Boomerang"],"picked":"Pommel Strike"},{"not_picked":["Battle Trance","Twin Strike"],"picked":"Armaments"},{"not_picked":["Perfected Strike","Reckless Charge"],"picked":"Feel No Pain"},{"not_picked":["Body Slam","Thunderclap"],"picked":"Armaments"},{"not_picked":["Rupture","Hemokinesis"],"picked":"Dropkick"},{"not_picked":["Bloodletting","Demon Form"],"picked":"Uppercut"},{"not_picked":["Flex","Burning Pact"],"picked":"Rage"}],"player_experience":42173,"potions_floor_usage":[7,7,16],"damage_taken":[{"damage":10,"enemies":"Small Slimes","floor":1,"turns":3},{"damage":6,"enemies":"Jaw Worm","floor":3,"turns":3},{"damage":11,"enemies":"Blue Slaver","floor":5,"turns":5},{"damage":12,"enemies":"Looter","floor":6,"turns":4},{"damage":11,"enemies":"Gremlin Nob","floor":7,"turns":4},{"damage":13,"enemies":"3 Sentries","floor":10,"turns":8},{"damage":5,"enemies":"Red Slaver","floor":12,"turns":5},{"damage":21,"enemies":"Gremlin Nob","floor":13,"turns":4},{"damage":35,"enemies":"Hexaghost","floor":16,"turns":9},{"damage":0,"enemies":"Shell Parasite","floor":18,"turns":3},{"damage":26,"enemies":"2 Thieves","floor":20,"turns":3},{"damage":10,"enemies":"Chosen and Byrds","floor":22,"turns":8},{"damage":36,"enemies":"Gremlin Leader","floor":25,"turns":8},{"damage":31,"enemies":"Book of Stabbing","floor":27,"turns":5},{"damage":36,"enemies":"Gremlin Leader","floor":29,"turns":9},{"damage":10,"enemies":"Centurion and Healer","floor":30,"turns":4},{"damage":16,"enemies":"Snake Plant","floor":31,"turns":4},{"damage":4,"enemies":"Champ","floor":33,"turns":11},{"damage":8,"enemies":"3 Shapes","floor":35,"turns":2},{"damage":3,"enemies":"Orb Walker","floor":36,"turns":4},{"damage":5,"enemies":"4 Shapes","floor":38,"turns":6},{"damage":43,"enemies":"2 Orb Walkers","floor":41,"turns":6},{"damage":105,"enemies":"Mysterious Sphere","floor":42,"turns":10},{"damage":8,"enemies":"Flame Bruiser 2 Orb","floor":45,"turns":6},{"damage":1,"enemies":"Giant Head","floor":47,"turns":10},{"damage":55,"enemies":"Time Eater","floor":50,"turns":13}],"event_choices":[{"event_name":"Golden Wing","player_choice":"Card Removal","floor":2,"damage_taken":0},{"event_name":"Bonfire Elementals","player_choice":"BASIC","floor":11,"damage_taken":0},{"event_name":"Scrap Ooze","player_choice":"success","floor":14,"damage_taken":33},{"event_name":"The Woman in Blue","player_choice":"Bought 0 Potions","floor":19,"damage_taken":0},{"event_name":"Addict","player_choice":"Obtained Relic","floor":21,"damage_taken":0},{"event_name":"Purifier","player_choice":"One Purge","floor":23,"damage_taken":0},{"event_name":"The Library","player_choice":"Read","floor":24,"damage_taken":0},{"event_name":"Winding Halls","player_choice":"Embrace Madness","floor":37,"damage_taken":0},{"event_name":"Tomb of Lord Red Mask","player_choice":"Ignored","floor":39,"damage_taken":0},{"event_name":"Mysterious Sphere","player_choice":"Fight","floor":42,"damage_taken":0},{"event_name":"Match and Keep!","player_choice":"0 cards matched","floor":48,"damage_taken":0}],"boss_relics":[{"not_picked":["Orrery","Runic Cube"],"picked":"Sozu"},{"not_picked":["Black Blood","Question Card"],"picked":"Tiny House"}],"potions_floor_spawned":[3,5,7,10,13,20,22,25,27,30,41,42,47],"seed_played":"6640047362947814675","ascension_level":0,"is_trial":false}