{"path_per_floor":["M","M","?","M","M","E","R","?","T","?","M","E","R","M","R","B",null,"M","?","T","$","?","E","?","E","T","$","M","R","M","?","R","B",null,"M","?","$","?","?","E","M","R","T","R","M","M","M","M","R","B"],"character_chosen":"THE_SILENT","items_purchased":["Toolbox","Tingsha","Tough Bandages","Dagger Throw","Underhanded Strike"],"gold_per_floor":[116,131,131,145,157,190,190,248,316,316,336,394,394,414,414,511,511,527,527,550,7,7,33,33,67,367,5,17,17,37,37,37,133,133,151,151,76,76,76,111,121,121,147,147,167,177,196,216,216,216],"floor_reached":51,"campfire_rested":8,"playtime":6339,"current_hp_per_floor":[67,67,55,46,45,18,39,39,39,39,39,27,48,48,69,15,70,45,17,17,17,17,17,17,6,6,6,7,28,29,35,57,68,76,43,68,68,73,73,16,18,42,42,81,71,32,8,9,48,9],"items_purged":["Regret"],"gold":216,"play_id":"75b155ae-7937-439c-8f9b-4138ec310d9e","is_prod":false,"is_daily":false,"is_ascension_mode":false,"campfire_upgraded":0,"path_taken":["M","M","?","M","?","E","R","?","T","?","M","E","R","?","R","BOSS","M","?","?","$","?","E","?","E","T","?","M","R","?","?","R","BOSS","M","?","?","?","?","E","M","R","T","R","M","M","M","?","R","BOSS"],"build_version":"2018-01-25-PROD3","purchased_purges":1,"victory":true,"master_deck":["Defend_G+1","Defend_G+1","Defend_G+1","Defend_G+1","Defend_G+1","Strike_G+1","Strike_G+1","Strike_G+1","Strike_G+1","Survivor","Neutralize","Infinite Blades","Masterful Stab","Dagger Throw","Eviscerate","Terror","Burst","Underhanded Strike","Escape Plan","A Thousand Cuts","Regret","Injury","Leg Sweep+1","Flash of Steel","Madness","Mind Blast","Leg Sweep+1","Underhanded Strike","Prepared+1","Dagger Throw","Blade Dance","Venomology","Writhe","Slice","Adrenaline","Underhanded Strike+1","Writhe","Calculated Gamble+1","Backflip+1","Acrobatics","Backflip+1","Quick Slash","Backflip+1","Choke+1","Backflip","Backstab+1"],"max_hp_per_floor":[70,70,70,70,70,70,70,70,70,70,70,70,70,70,70,70,70,70,70,70,70,70,70,70,70,70,70,70,70,70,76,76,76,76,76,82,82,82,82,82,82,82,82,82,82,82,82,82,82,82],"relics":["Lizard Tail","Dodecahedron","Prayer Wheel","Ornamental Fan","Tiny Chest","Calling Bell","Ice Cream","Lantern","Letter Opener","Blood Vial","Toolbox","Tingsha","Darkstone Periapt","Dream Catcher","Old Coin","Tough Bandages","Pantograph","Philosopher\u0027s Stone","Bottled Tornado","Regal Pillow"],"card_choices":[{"not_picked":["Bullet Time","Bane"],"picked":"Slice"},{"not_picked":["Sucker Punch","Outmaneuver"],"picked":"Infinite Blades"},{"not_picked":["Sucker Punch","Heel Hook"],"picked":"Masterful Stab"},{"not_picked":["Deflect","Poisoned Stab"],"picked":"Dagger Throw"},{"not_picked":["Slice","Dodge and Roll"],"picked":"Eviscerate"},{"not_picked":["Predator","Crippling Poison"],"picked":"Terror"},{"not_picked":["Backflip","Acrobatics"],"picked":"Burst"},{"not_picked":["Terror","Slice"],"picked":"Underhanded Strike"},{"not_picked":["PiercingWail","Quick Slash"],"picked":"Escape Plan"},{"not_picked":["Corpse Explosion","Bullet Time"],"picked":"A Thousand Cuts"},{"not_picked":["Deadly Poison","Heel Hook"],"picked":"Leg Sweep"},{"not_picked":["PiercingWail","Slice"],"picked":"Leg Sweep"},{"not_picked":["Bane","Poisoned Stab"],"picked":"Underhanded Strike"},{"not_picked":["Riddle With Holes","Acrobatics"],"picked":"Prepared"},{"not_picked":["PiercingWail","Dagger Spray"],"picked":"Blade Dance"},{"not_picked":["Backflip","Acrobatics"],"picked":"Venomology"},{"not_picked":["Dodge and Roll","Flying Knee"],"picked":"Slice"},{"not_picked":["Phantasmal Killer","After Image"],"picked":"Adrenaline"},{"not_picked":["Quick Slash","Heel Hook"],"picked":"Underhanded Strike"},{"not_picked":["Terror","Bane"],"picked":"Calculated Gamble"},{"not_picked":["Escape Plan","Dagger Throw"],"picked":"Backflip"},{"not_picked":["Noxious Fumes","Well Laid Plans"],"picked":"Acrobatics"},{"not_picked":["Dagger Throw","Reflex"],"picked":"Backflip"},{"not_picked":["Caltrops","Masterful Stab"],"picked":"Quick Slash"},{"not_picked":["Heel Hook","After Image"],"picked":"Backflip"},{"not_picked":["Dash","Bane"],"picked":"Choke"},{"not_picked":["Riddle With Holes","Footwork"],"picked":"Backflip"},{"not_picked":["PiercingWail","Poisoned Stab"],"picked":"Backstab"}],"player_experience":42894,"potions_floor_usage":[6,16,23,23,23,25,33,40,45,46,47,47,50,50,50,50],"damage_taken":[{"damage":3,"enemies":"Jaw Worm","floor":1,"turns":6},{"damage":0,"enemies":"Small Slimes","floor":2,"turns":4},{"damage":9,"enemies":"Blue Slaver","floor":4,"turns":5},{"damage":1,"enemies":"3 Louse","floor":5,"turns":6},{"damage":27,"enemies":"Lagavulin","floor":6,"turns":6},{"damage":0,"enemies":"2 Fungi Beasts","floor":11,"turns":3},{"damage":12,"enemies":"Gremlin Nob","floor":12,"turns":5},{"damage":0,"enemies":"Large Slime","floor":14,"turns":5},{"damage":54,"enemies":"The Guardian","floor":16,"turns":10},{"damage":25,"enemies":"3 Byrds","floor":18,"turns":5},{"damage":2,"enemies":"Book of Stabbing","floor":23,"turns":6},{"damage":13,"enemies":"Slavers","floor":25,"turns":6},{"damage":1,"enemies":"Spheric Guardian","floor":28,"turns":3},{"damage":51,"enemies":"Chosen and Byrds","floor":30,"turns":8},{"damage":8,"enemies":"Collector","floor":33,"turns":12},{"damage":33,"enemies":"3 Shapes","floor":35,"turns":5},{"damage":59,"enemies":"2 Orb Walkers","floor":40,"turns":7},{"damage":0,"enemies":"Orb Walker","floor":41,"turns":2},{"damage":11,"enemies":"Sphere and 2 Shapes","floor":45,"turns":4},{"damage":41,"enemies":"3 Darklings","floor":46,"turns":5},{"damage":26,"enemies":"4 Shapes","floor":47,"turns":5},{"damage":1,"enemies":"Maw","floor":48,"turns":6},{"damage":66,"enemies":"Awakened One","floor":50,"turns":13}],"event_choices":[{"event_name":"Scrap Ooze","player_choice":"success","floor":3,"damage_taken":12},{"event_name":"Golden Wing","player_choice":"Gained Gold","floor":8,"damage_taken":0},{"event_name":"Living Wall","player_choice":"Forget","floor":10,"damage_taken":0},{"event_name":"Knowing Skull","player_choice":"CARD CARD CARD ","floor":19,"damage_taken":0},{"event_name":"Back to Basics","player_choice":"Simplicity","floor":22,"damage_taken":0},{"event_name":"Vampires","player_choice":"Ignored","floor":24,"damage_taken":0},{"event_name":"The Mausoleum","player_choice":"Yes","floor":31,"damage_taken":0},{"event_name":"Winding Halls","player_choice":"Writhe","floor":36,"damage_taken":0},{"event_name":"Bonfire Elementals","player_choice":"COMMON","floor":38,"damage_taken":0}],"boss_relics":[{"not_picked":["Question Card","Orrery"],"picked":"Calling Bell"},{"not_picked":["White Beast Statue","Velvet Choker"],"picked":"Philosopher\u0027s Stone"}],"potions_floor_spawned":[2,4,6,12,16,23,30,45,47,48],"seed_played":"-2696894511800182572","ascension_level":0,"is_trial":false}