{"path_per_floor":["M","M","?","T","M","R","E","M","T","E","$","M","R","E","R","B",null,"M","M","?","M","M","R","M","E","T","E","M","R","$","M","R","B",null,"M","M","M","?","M","R","M","?","T","$","?","R","M","M","R"],"character_chosen":"IRONCLAD","items_purchased":["Metallicize","Ginger","Berserk"],"gold_per_floor":[116,130,80,156,168,168,193,208,208,243,101,120,120,147,147,244,244,258,270,270,287,300,300,317,351,351,377,388,388,9,24,24,128,128,138,154,166,166,186,186,196,0,0,0,0,0,11,25,25],"floor_reached":50,"campfire_rested":3,"playtime":5031,"current_hp_per_floor":[43,38,38,38,43,43,34,30,30,26,26,32,32,53,53,49,80,75,79,64,62,51,51,66,39,39,49,50,50,50,34,63,69,99,88,69,52,40,18,47,20,20,20,20,20,49,50,56,56],"items_purged":["Defend_R"],"gold":25,"score":558,"play_id":"482dab31-197e-44ec-a47b-9016b4d0804b","is_prod":false,"is_daily":false,"is_ascension_mode":false,"campfire_upgraded":6,"path_taken":["M","M","?","?","?","R","E","M","T","E","?","?","R","E","R","BOSS","M","?","?","?","M","R","M","E","T","E","M","R","$","M","R","BOSS","M","M","?","?","M","R","?","?","T","$","?","R","M","M","R","BOSS"],"build_version":"2018-02-08-BETA1","purchased_purges":1,"victory":false,"master_deck":["Strike_R","Strike_R","Defend_R","Defend_R","Bash","Flex+1","Metallicize+1","Battle Trance","Inflame+1","Flame Barrier","Barricade+1","Metallicize+1","Immolate+1","Flex","Pommel Strike+1","Impervious","Sword Boomerang+1","Metallicize","Clash+1","Doubt","Pummel+1","Shrug It Off","Berserk+1","Flex","Double Tap","Rage+1","Shrug It Off+1","Madness","Madness","Pommel Strike+1","Decay","Sword Boomerang+1","Pommel Strike+1"],"max_hp_per_floor":[80,80,80,80,80,80,80,80,80,80,80,80,80,80,80,80,80,80,80,85,85,85,85,85,85,85,99,99,99,99,99,99,99,99,99,99,99,99,99,99,99,99,99,99,99,99,99,99,99],"relics":["Burning Blood","Kunai","Self Forming Clay","Gambling Chip","Ice Cream","Molten Egg 2","Cursed Key","Frozen Egg 2","Bag of Marbles","Mango","Ginger","Philosopher\u0027s Stone","Red Mask","Meat on the Bone"],"card_choices":[{"not_picked":["Battle Trance","Anger"],"picked":"Flex"},{"not_picked":["Flex","Perfected Strike"],"picked":"Metallicize"},{"not_picked":["Warcry","Wild Strike"],"picked":"Battle Trance"},{"not_picked":["Sever Soul","Flex"],"picked":"Inflame"},{"not_picked":["Pommel Strike","Armaments"],"picked":"Flame Barrier"},{"not_picked":["Pommel Strike","Evolve"],"picked":"Barricade"},{"not_picked":["Demon Form","Dark Embrace"],"picked":"Immolate"},{"not_picked":["Warcry","Whirlwind"],"picked":"Flex"},{"not_picked":["Disarm","Clothesline"],"picked":"Pommel Strike"},{"not_picked":["Iron Wave","Evolve"],"picked":"Impervious"},{"not_picked":["Pommel Strike","Evolve"],"picked":"Sword Boomerang"},{"not_picked":["Clothesline","Burning Pact"],"picked":"Metallicize"},{"not_picked":["Cleave","Reaper"],"picked":"Clash"},{"not_picked":["Headbutt","True Grit"],"picked":"Pummel"},{"not_picked":["Cleave","Intimidate"],"picked":"Shrug It Off"},{"not_picked":["Cleave","True Grit"],"picked":"Flex"},{"not_picked":["Immolate","Fiend Fire"],"picked":"Double Tap"},{"not_picked":["Rupture","Thunderclap"],"picked":"Rage"},{"not_picked":["Twin Strike","Heavy Blade"],"picked":"Shrug It Off"},{"not_picked":["True Grit","Dark Embrace"],"picked":"Pommel Strike"},{"not_picked":["Armaments","Headbutt"],"picked":"Sword Boomerang"},{"not_picked":["Evolve","Armaments"],"picked":"Pommel Strike"}],"player_experience":53876,"potions_floor_usage":[33,47,50],"damage_taken":[{"damage":3.0,"enemies":"Small Slimes","floor":1.0,"turns":4.0},{"damage":11.0,"enemies":"Blue Slaver","floor":2.0,"turns":6.0},{"damage":1.0,"enemies":"Cultist","floor":5.0,"turns":4.0},{"damage":15.0,"enemies":"Lagavulin","floor":7.0,"turns":10.0},{"damage":10.0,"enemies":"Gremlin Gang","floor":8.0,"turns":5.0},{"damage":10.0,"enemies":"3 Sentries","floor":10.0,"turns":11.0},{"damage":0.0,"enemies":"Red Slaver","floor":12.0,"turns":5.0},{"damage":0.0,"enemies":"Lagavulin","floor":14.0,"turns":7.0},{"damage":10.0,"enemies":"Hexaghost","floor":16.0,"turns":12.0},{"damage":11.0,"enemies":"3 Byrds","floor":18.0,"turns":5.0},{"damage":2.0,"enemies":"Spheric Guardian","floor":19.0,"turns":7.0},{"damage":8.0,"enemies":"Snake Plant","floor":21.0,"turns":5.0},{"damage":17.0,"enemies":"Slaver and Parasite","floor":22.0,"turns":6.0},{"damage":0.0,"enemies":"Chosen and Byrds","floor":24.0,"turns":6.0},{"damage":33.0,"enemies":"Gremlin Leader","floor":25.0,"turns":7.0},{"damage":25.0,"enemies":"Slavers","floor":27.0,"turns":7.0},{"damage":5,"enemies":"Cultist and Chosen","floor":28,"turns":5},{"damage":22,"enemies":"Slaver and Parasite","floor":31,"turns":4},{"damage":0,"enemies":"Champ","floor":33,"turns":12},{"damage":17,"enemies":"Flame Bruiser 1 Orb","floor":35,"turns":6},{"damage":25,"enemies":"3 Darklings","floor":36,"turns":6},{"damage":23,"enemies":"Spire Growth","floor":37,"turns":5},{"damage":28,"enemies":"Sphere and 2 Shapes","floor":39,"turns":7},{"damage":33,"enemies":"3 Darklings","floor":41,"turns":8},{"damage":32,"enemies":"4 Shapes","floor":47,"turns":8},{"damage":0,"enemies":"Maw","floor":48,"turns":5},{"damage":69,"enemies":"Awakened One","floor":50,"turns":5}],"event_choices":[{"event_name":"The Cleric","player_choice":"Card Removal","floor":3.0,"damage_taken":0.0},{"event_name":"Forgotten Altar","player_choice":"Shed Blood","floor":20.0,"damage_taken":0.0},{"event_name":"Winding Halls","player_choice":"Embrace Madness","floor":38,"damage_taken":0},{"event_name":"Tomb of Lord Red Mask","player_choice":"Paid","floor":42,"damage_taken":0}],"boss_relics":[{"not_picked":["Runic Dome","Snecko Eye"],"picked":"Philosopher\u0027s Stone"}],"potions_floor_spawned":[2,7,12,19,22,25,27,35,41,48],"seed_played":"1312931010395032058","killed_by":"Awakened One","ascension_level":0,"is_trial":false}