{"path_per_floor":["M","$","T","M","?","E","M","E","T","R","M","M","R","E","R","B",null,"M","?","$","$","M","E","R","E","T","M","?","R","?","?","R","B",null,"M","M","?","?","?"],"character_chosen":"THE_SILENT","items_purchased":["Poisoned Stab","Matryoshka"],"gold_per_floor":[110,12,12,22,22,53,72,98,98,98,111,129,129,164,164,262,262,273,273,25,25,37,65,65,97,178,194,194,194,109,109,109,206,206,225,235,588,588,588],"floor_reached":40,"campfire_rested":3,"playtime":3963,"current_hp_per_floor":[67,67,67,67,64,48,50,25,25,46,45,43,43,35,56,25,70,65,65,65,65,67,64,64,63,63,63,63,63,63,47,68,49,70,61,47,2,19,19],"items_purged":["Strike_G"],"gold":588,"play_id":"c6f31476-336b-491d-ac82-a2c46026f5ab","is_prod":false,"is_daily":false,"is_ascension_mode":false,"campfire_upgraded":3,"path_taken":["M","?","?","M","?","E","M","E","T","R","M","M","R","E","R","BOSS","M","?","?","$","M","E","R","E","T","M","?","R","?","?","R","BOSS","M","M","?","?","?","E"],"build_version":"2018-02-02-BETA1","purchased_purges":1,"victory":false,"master_deck":["Defend_G","Defend_G","Defend_G","Defend_G","Defend_G","Strike_G","Strike_G","Strike_G","Survivor","Neutralize+1","Deadly Poison","Poisoned Stab","Dagger Throw","Dash+1","Deadly Poison","Sucker Punch","Flechettes","Sucker Punch","Die Die Die","Die Die Die","Backflip","Escape Plan+1","Prepared+1","Decay","Bouncing Flask+1","Normality","Decay","Regret","Noxious Fumes","Noxious Fumes","Backflip+1","Writhe"],"max_hp_per_floor":[70,70,70,70,70,70,70,70,70,70,70,70,70,70,70,70,70,70,70,70,70,70,70,70,70,70,70,70,70,70,70,70,70,70,70,70,70,70,70],"relics":["Ring of the Snake","Bottled Flame","Blood Vial","Juzu Bracelet","Paper Crane","Peace Pipe","Kunai","Cursed Key","Matryoshka","Torii","Snake Skull","Letter Opener","Molten Egg 2","Anchor","Enchiridion","Calling Bell","Pantograph","Lantern","Shuriken","Old Coin"],"card_choices":[{"not_picked":["Outmaneuver","Backflip"],"picked":"Deadly Poison"},{"not_picked":["Dodge and Roll","Flying Knee"],"picked":"Dagger Throw"},{"not_picked":["Dodge and Roll","Backstab"],"picked":"Dash"},{"not_picked":["Terror","Slice"],"picked":"Deadly Poison"},{"not_picked":["Skewer","Choke"],"picked":"Sucker Punch"},{"not_picked":["Slice","Dodge and Roll"],"picked":"Flechettes"},{"not_picked":["Acrobatics","PiercingWail"],"picked":"Sucker Punch"},{"not_picked":["Infinite Blades","Choke"],"picked":"Die Die Die"},{"not_picked":["Phantasmal Killer","Unload"],"picked":"Die Die Die"},{"not_picked":["Endless Agony","Sucker Punch"],"picked":"Backflip"},{"not_picked":["Deflect","Skewer"],"picked":"Escape Plan"},{"not_picked":["Backflip","After Image"],"picked":"Prepared"},{"not_picked":["Deadly Poison","Flying Knee"],"picked":"Noxious Fumes"},{"not_picked":["Sucker Punch","Flying Knee"],"picked":"Noxious Fumes"},{"not_picked":["Acrobatics","Prepared"],"picked":"Backflip"}],"player_experience":7411,"potions_floor_usage":[12,16,23,33,33,40],"damage_taken":[{"damage":3,"enemies":"Blue Slaver","floor":1,"turns":5},{"damage":0,"enemies":"Cultist","floor":4,"turns":3},{"damage":18,"enemies":"3 Sentries","floor":6,"turns":12},{"damage":0,"enemies":"Jaw Worm","floor":7,"turns":3},{"damage":27,"enemies":"Lagavulin","floor":8,"turns":8},{"damage":3,"enemies":"2 Fungi Beasts","floor":11,"turns":4},{"damage":4,"enemies":"Large Slime","floor":12,"turns":3},{"damage":10,"enemies":"3 Sentries","floor":14,"turns":10},{"damage":33,"enemies":"Slime Boss","floor":16,"turns":13},{"damage":5,"enemies":"Spheric Guardian","floor":18,"turns":4},{"damage":0,"enemies":"Shell Parasite","floor":22,"turns":4},{"damage":20,"enemies":"Slavers","floor":23,"turns":7},{"damage":3,"enemies":"Gremlin Leader","floor":25,"turns":6},{"damage":2,"enemies":"Centurion and Healer","floor":27,"turns":4},{"damage":21,"enemies":"Automaton","floor":33,"turns":9},{"damage":9,"enemies":"3 Darklings","floor":35,"turns":3},{"damage":16,"enemies":"3 Shapes","floor":36,"turns":5},{"damage":47,"enemies":"Mysterious Sphere","floor":37,"turns":4},{"damage":30,"enemies":"2 Orb Walkers","floor":40,"turns":3}],"event_choices":[{"event_name":"Scrap Ooze","player_choice":"success","floor":5,"damage_taken":3},{"event_name":"Purifier","player_choice":"One Purge","floor":19,"damage_taken":0},{"event_name":"The Library","player_choice":"Read","floor":28,"damage_taken":0},{"event_name":"Addict","player_choice":"Obtained Relic","floor":30,"damage_taken":0},{"event_name":"Cursed Tome","player_choice":"Obtained Book","floor":31,"damage_taken":0},{"event_name":"Mysterious Sphere","player_choice":"Fight","floor":37,"damage_taken":0},{"event_name":"Winding Halls","player_choice":"Writhe","floor":38,"damage_taken":0},{"event_name":"Tomb of Lord Red Mask","player_choice":"Ignored","floor":39,"damage_taken":0}],"boss_relics":[{"not_picked":["White Beast Statue","Sozu"],"picked":"Cursed Key"},{"not_picked":["Velvet Choker","Question Card"],"picked":"Calling Bell"}],"potions_floor_spawned":[6,8,11,14,25,27,37],"seed_played":"-8693657759865845467","killed_by":"2 Orb Walkers","ascension_level":0,"is_trial":false}