{"path_per_floor":["M","M","?","M","T","E","R","$","T","R","M","E","M","E","R","B",null,"M","?","?","?","M","E","$","R","T","M","$","$","R","E","R","B",null,"M","?","?","M","M","E","M","$","T","M","R","M","E","M","R","B"],"character_chosen":"THE_SILENT","items_purchased":["Lantern","Deflect","Noxious Fumes","Leg Sweep","Kunai","Apotheosis"],"gold_per_floor":[118,132,132,150,175,210,210,39,108,108,120,151,165,200,200,299,299,314,314,414,339,356,390,238,238,238,253,253,6,6,31,31,127,127,147,147,197,208,222,251,271,51,51,70,70,84,116,129,129,129],"floor_reached":51,"campfire_rested":4,"playtime":4528,"current_hp_per_floor":[70,69,62,62,62,43,43,43,43,64,64,54,54,21,42,6,70,70,57,57,57,57,51,51,51,51,51,51,51,73,73,73,71,75,63,63,51,51,51,51,51,51,51,34,56,56,56,52,52,45],"items_purged":["Strike_G"],"gold":129,"score":783,"play_id":"9bdcc716-c896-4262-a227-06d27eba8b9f","local_time":"20180309003915","is_prod":false,"is_daily":false,"is_ascension_mode":true,"campfire_upgraded":4,"timestamp":1520577555,"path_taken":["M","M","?","M","?","E","R","$","T","R","?","E","?","E","R","BOSS","M","?","?","?","?","E","$","R","T","M","?","$","R","E","R","BOSS","M","?","?","M","M","E","M","$","T","M","R","M","E","M","R","BOSS"],"build_version":"2018-03-01-PROD1","purchased_purges":5,"victory":true,"master_deck":["Defend_G+1","Defend_G","Defend_G+1","Defend_G","Strike_G","Survivor","Neutralize+1","Escape Plan","Dagger Spray","Terror+1","Deflect","Cloak And Dagger","Slice","Concentrate","Adrenaline+1","Adrenaline+1","Die Die Die+1","Unload+1","Caltrops+1","Noxious Fumes+1","Leg Sweep","Slice+1","Unload","Adrenaline","Distraction+1","Prepared","Footwork","Deflect+1","Dagger Throw+1","Apotheosis+1","Slice+1","Acrobatics+1","Slice","Underhanded Strike+1","Backflip+1"],"max_hp_per_floor":[70,70,70,70,70,70,70,70,70,70,70,70,70,70,70,70,70,70,75,75,75,75,75,75,75,75,75,75,75,75,75,75,75,75,75,75,75,75,75,75,75,75,75,75,75,75,75,75,75,75],"relics":["Ring of the Snake","Darkstone Periapt","Happy Flower","War Paint","Lantern","Smiling Mask","Unceasing Top","Tingsha","Astrolabe","Ninja Scroll","Vajra","Kunai","The Courier","Sozu","Frozen Eye","Prayer Wheel","Shovel","Molten Egg 2"],"card_choices":[{"not_picked":["Prepared","Dash"],"picked":"Escape Plan"},{"not_picked":["Endless Agony","Dagger Throw"],"picked":"Dagger Spray"},{"not_picked":["Accuracy","Underhanded Strike"],"picked":"Caltrops"},{"not_picked":["Endless Agony","Dodge and Roll"],"picked":"Terror"},{"not_picked":["Underhanded Strike","Riddle With Holes"],"picked":"Cloak And Dagger"},{"not_picked":["Eviscerate","Dodge and Roll"],"picked":"Slice"},{"not_picked":["Well Laid Plans","Bane"],"picked":"Concentrate"},{"not_picked":["Envenom","Night Terror"],"picked":"Adrenaline"},{"not_picked":["Escape Plan","Dagger Spray"],"picked":"Caltrops"},{"not_picked":["Cloak And Dagger","Heel Hook"],"picked":"Slice"},{"not_picked":["A Thousand Cuts","Bane"],"picked":"Unload"},{"not_picked":["Die Die Die","Burst"],"picked":"Adrenaline"},{"not_picked":["Outmaneuver","Deflect"],"picked":"Distraction"},{"not_picked":["Eviscerate","Dodge and Roll"],"picked":"Prepared"},{"not_picked":["Flechettes","Choke"],"picked":"Footwork"},{"not_picked":["Accuracy","Riddle With Holes"],"picked":"Deflect"},{"not_picked":["Tools of the Trade","PiercingWail"],"picked":"Dagger Throw"},{"not_picked":["Backstab","Backflip"],"picked":"Slice"},{"not_picked":["Setup","Bane"],"picked":"Acrobatics"},{"not_picked":["Flechettes","Prepared"],"picked":"Slice"},{"not_picked":["Prepared","Reflex"],"picked":"Underhanded Strike"},{"not_picked":["Reflex","Flechettes"],"picked":"Backflip"}],"player_experience":184221,"potions_floor_usage":[16,27,33],"damage_taken":[{"damage":0.0,"enemies":"Jaw Worm","floor":1.0,"turns":4.0},{"damage":1.0,"enemies":"2 Louse","floor":2.0,"turns":3.0},{"damage":0.0,"enemies":"Small Slimes","floor":4.0,"turns":2.0},{"damage":19.0,"enemies":"Lagavulin","floor":6.0,"turns":7.0},{"damage":0.0,"enemies":"Exordium Wildlife","floor":11.0,"turns":3.0},{"damage":10.0,"enemies":"3 Sentries","floor":12.0,"turns":8.0},{"damage":0.0,"enemies":"Lots of Slimes","floor":13.0,"turns":2.0},{"damage":33.0,"enemies":"Gremlin Nob","floor":14.0,"turns":5.0},{"damage":51,"enemies":"Slime Boss","floor":16,"turns":12},{"damage":0,"enemies":"Chosen","floor":18,"turns":1},{"damage":0,"enemies":"2 Thieves","floor":22,"turns":3},{"damage":6,"enemies":"Slavers","floor":23,"turns":5},{"damage":0,"enemies":"Sentry and Sphere","floor":27,"turns":2},{"damage":0,"enemies":"Gremlin Leader","floor":31,"turns":5},{"damage":2,"enemies":"Automaton","floor":33,"turns":8},{"damage":12,"enemies":"3 Shapes","floor":35,"turns":2},{"damage":12,"enemies":"Mysterious Sphere","floor":37,"turns":2},{"damage":0,"enemies":"3 Darklings","floor":38,"turns":4},{"damage":0,"enemies":"Sphere and 2 Shapes","floor":39,"turns":3},{"damage":0,"enemies":"Giant Head","floor":40,"turns":8},{"damage":0,"enemies":"Maw","floor":41,"turns":6},{"damage":17,"enemies":"4 Shapes","floor":44,"turns":3},{"damage":0,"enemies":"3 Darklings","floor":46,"turns":2},{"damage":0,"enemies":"Nemesis","floor":47,"turns":5},{"damage":4,"enemies":"Sphere and 2 Shapes","floor":48,"turns":3},{"damage":7,"enemies":"Awakened One","floor":50,"turns":12}],"event_choices":[{"event_name":"Scrap Ooze","player_choice":"success","floor":3.0,"damage_taken":7.0},{"event_name":"Forgotten Altar","player_choice":"Shed Blood","floor":19,"damage_taken":0},{"event_name":"Golden Shrine","player_choice":"Pray","floor":20,"damage_taken":0},{"event_name":"Beggar","player_choice":"Gave Gold","floor":21,"damage_taken":0},{"event_name":"Mysterious Sphere","player_choice":"Fight","floor":37,"damage_taken":0}],"boss_relics":[{"not_picked":["Ectoplasm","Pandora\u0027s Box"],"picked":"Astrolabe"},{"not_picked":["Cursed Key","Runic Dome"],"picked":"Sozu"}],"potions_floor_spawned":[1,4,11,12,23,27,35,37,39,41,46],"seed_played":"643907878472675933","ascension_level":2,"is_trial":false}