{"path_per_floor":["M","M","M","?","$","R","?","M","T","E","M","R","E","?","R","B",null,"M","M"],"character_chosen":"THE_SILENT","items_purchased":["Jack Of All Trades"],"gold_per_floor":[111,124,144,219,117,117,117,133,182,215,235,235,269,229,229,329,329,340,352],"floor_reached":20,"campfire_rested":3,"playtime":1699,"current_hp_per_floor":[62,59,58,47,47,68,68,60,60,34,11,32,9,9,30,18,70,56,35],"items_purged":[],"gold":352,"score":210,"play_id":"84c4ce23-b646-411b-b349-870f629630a0","is_prod":false,"is_daily":false,"is_ascension_mode":false,"campfire_upgraded":0,"path_taken":["M","M","M","?","$","R","?","M","T","E","?","R","E","?","R","BOSS","M","M","M"],"build_version":"2018-02-15-PROD1","purchased_purges":0,"victory":false,"master_deck":["Defend_G","Defend_G","Defend_G","Defend_G","Defend_G","Strike_G","Strike_G","Strike_G","Strike_G","Strike_G","Neutralize","Dodge and Roll","Bane","Bouncing Flask","Jack Of All Trades","Phantasmal Killer","Calculated Gamble","Poisoned Stab","Blade Dance","Die Die Die","Poisoned Stab","Bane","Deadly Poison","Bane","Bane","Flying Knee","Backflip+1"],"max_hp_per_floor":[70,70,70,70,70,70,70,70,70,70,70,70,70,70,70,70,70,70,70],"relics":["Ring of the Snake","Anchor","Prayer Wheel","Ancient Tea Set","Orrery"],"card_choices":[{"not_picked":["Slice","Sucker Punch"],"picked":"Dodge and Roll"},{"not_picked":["Riddle With Holes","Glass Knife"],"picked":"Bane"},{"not_picked":["Sucker Punch","Dagger Throw"],"picked":"Bouncing Flask"},{"not_picked":["Prepared","All Out Attack"],"picked":"Phantasmal Killer"},{"not_picked":["PiercingWail","Quick Slash"],"picked":"Calculated Gamble"},{"not_picked":["Dagger Throw","PiercingWail"],"picked":"Poisoned Stab"},{"not_picked":["Eviscerate","Backflip"],"picked":"Blade Dance"},{"not_picked":["Adrenaline","Glass Knife"],"picked":"Die Die Die"},{"not_picked":["Flying Knee","Backflip"],"picked":"Poisoned Stab"},{"not_picked":["Escape Plan","Deflect"],"picked":"Bane"},{"not_picked":["Backflip","Heel Hook"],"picked":"Deadly Poison"},{"not_picked":["PiercingWail","Phantasmal Killer"],"picked":"Bane"},{"not_picked":["Prepared","Flying Knee"],"picked":"Bane"},{"not_picked":["Prepared","Calculated Gamble"],"picked":"Flying Knee"},{"not_picked":["Dagger Throw","Bane"],"picked":"Backflip"}],"player_experience":16633,"potions_floor_usage":[19],"damage_taken":[{"damage":8.0,"enemies":"Jaw Worm","floor":1.0,"turns":7.0},{"damage":3.0,"enemies":"Small Slimes","floor":2.0,"turns":4.0},{"damage":1.0,"enemies":"Cultist","floor":3.0,"turns":3.0},{"damage":8.0,"enemies":"3 Louse","floor":8.0,"turns":5.0},{"damage":26.0,"enemies":"Lagavulin","floor":10.0,"turns":6.0},{"damage":23.0,"enemies":"Exordium Thugs","floor":11.0,"turns":7.0},{"damage":27.0,"enemies":"3 Sentries","floor":13.0,"turns":10.0},{"damage":12.0,"enemies":"Hexaghost","floor":16.0,"turns":8.0},{"damage":14.0,"enemies":"Chosen","floor":18.0,"turns":4.0},{"damage":21,"enemies":"Cultist and Chosen","floor":19,"turns":6},{"damage":36,"enemies":"Slaver and Parasite","floor":20,"turns":6}],"event_choices":[{"event_name":"World of Goop","player_choice":"Gather Gold","floor":4.0,"damage_taken":0.0},{"event_name":"Purifier","player_choice":"One Purge","floor":7.0,"damage_taken":0.0},{"event_name":"The Woman in Blue","player_choice":"Bought 3 Potions","floor":14.0,"damage_taken":0.0}],"boss_relics":[],"potions_floor_spawned":[2,3,11],"seed_played":"8594869492062379800","killed_by":"Slaver and Parasite","ascension_level":0,"is_trial":false}