{"path_per_floor":["M","M","$","M","?","R","M","R","T","?","M","$","E","M","R","B",null,"M","?","M","M","$","R","$","R","T","?","M","R","M","?","R","B",null,"M","M","M","$","M","E","R","?","T","M","?","?","$","M","R"],"character_chosen":"THE_SILENT","items_purchased":["Flash of Steel","Acrobatics","Noxious Fumes","Deflect","Thinking Ahead","Juzu Bracelet","Dark Shackles"],"gold_per_floor":[114,133,20,36,36,36,55,55,104,104,114,15,50,61,61,166,166,184,184,203,215,15,15,15,15,40,40,59,59,70,70,70,175,205,215,234,254,11,29,60,60,113,113,131,0,0,0,17,17,17],"floor_reached":50,"campfire_rested":6,"playtime":6966,"item_purchase_floors":[3,3,12,12,22,38,38],"current_hp_per_floor":[67,64,64,64,64,64,48,69,69,69,59,59,43,34,70,44,70,65,65,36,28,28,64,64,64,64,64,57,70,70,70,70,29,75,66,64,37,37,27,7,44,11,11,11,11,11,11,8,45,0],"items_purged":[],"gold":17,"score":499,"play_id":"b6cb742d-9a87-42d5-9e3a-62c5ab2f29a0","local_time":"20180602194628","is_prod":false,"is_daily":false,"chose_seed":false,"is_ascension_mode":false,"campfire_upgraded":3,"win_rate":0.0,"timestamp":1527961588,"campfire_choices":[{"data":"Well Laid Plans","floor":6,"key":"SMITH"},{"floor":8,"key":"REST"},{"floor":15,"key":"REST"},{"floor":23,"key":"REST"},{"data":"After Image","floor":25,"key":"SMITH"},{"floor":29,"key":"REST"},{"data":"Noxious Fumes","floor":32,"key":"SMITH"},{"floor":41,"key":"REST"},{"floor":49,"key":"REST"}],"path_taken":["M","M","$","?","?","R","M","R","T","?","M","$","E","M","R","BOSS","M","?","?","M","$","R","$","R","T","?","M","R","?","?","R","BOSS","M","M","M","$","M","E","R","?","T","M","?","?","?","M","R","BOSS"],"build_version":"2018-05-31","seed_source_timestamp":8978204439167,"purchased_purges":0,"victory":false,"master_deck":["Defend_G+1","Defend_G+1","Defend_G+1","Defend_G+1","Defend_G+1","Strike_G+1","Strike_G+1","Strike_G+1","Strike_G+1","Strike_G+1","Survivor","Neutralize","Quick Slash","Well Laid Plans+1","Flash of Steel","Acrobatics","Sucker Punch+1","Deflect","Quick Slash","Noxious Fumes+1","Deflect","Backstab","Backflip","Die Die Die","Doubt","Writhe","Injury","Outmaneuver","Footwork","After Image+1","Thinking Ahead","Dagger Throw","Noxious Fumes","Neutralize","After Image","Envenom","Blur","Dagger Spray","Deadly Poison+1","Deadly Poison","Dark Shackles","Finisher","Outmaneuver+1","Dagger Spray+1","Flechettes+1","Deadly Poison","Flying Knee"],"max_hp_per_floor":[70,70,70,70,70,70,70,70,70,70,70,70,70,70,70,70,70,70,70,70,70,70,70,70,70,70,70,70,70,70,70,70,70,75,75,75,75,75,75,75,75,75,75,75,75,75,75,75,75,75],"relics":["Ring of the Snake","War Paint","Regal Pillow","Calling Bell","Boot","Paper Crane","Tingsha","Happy Flower","Tiny House","Juzu Bracelet","Bag of Preparation","Ginger","Oddly Smooth Stone","Red Mask"],"card_choices":[{"not_picked":["Prepared","Underhanded Strike"],"picked":"Quick Slash","floor":1},{"not_picked":["PiercingWail","Prepared"],"picked":"Well Laid Plans","floor":2},{"not_picked":["Acrobatics","Prepared"],"picked":"Sucker Punch","floor":4},{"not_picked":["Deadly Poison","Calculated Gamble"],"picked":"Deflect","floor":7},{"not_picked":["Deflect","Tactician"],"picked":"Quick Slash","floor":11},{"not_picked":["Blur","Deflect"],"picked":"Backstab","floor":13},{"not_picked":["Quick Slash","Noxious Fumes"],"picked":"Backflip","floor":14},{"not_picked":["Tools of the Trade","Tactician"],"picked":"Die Die Die","floor":16},{"not_picked":["Finisher","Underhanded Strike"],"picked":"Outmaneuver","floor":18},{"not_picked":["Sucker Punch+1","Backstab"],"picked":"Footwork","floor":20},{"not_picked":["Outmaneuver","Poisoned Stab"],"picked":"After Image","floor":21},{"not_picked":["Sucker Punch","Masterful Stab"],"picked":"Dagger Throw","floor":28},{"not_picked":["Masterful Stab+1","Acrobatics+1"],"picked":"Noxious Fumes","floor":30},{"not_picked":["Wraith Form v2","Die Die Die"],"picked":"Envenom","floor":33},{"not_picked":["Leg Sweep","Distraction"],"picked":"Blur","floor":34},{"not_picked":["Deflect+1","Escape Plan+1"],"picked":"Dagger Spray","floor":35},{"not_picked":["Acrobatics+1","Calculated Gamble"],"picked":"Deadly Poison+1","floor":36},{"not_picked":["Dodge and Roll","Deflect"],"picked":"Deadly Poison","floor":37},{"not_picked":["Crippling Poison","Deflect+1"],"picked":"Finisher","floor":39},{"not_picked":["Blur","Choke"],"picked":"Outmaneuver+1","floor":40},{"not_picked":["Dodge and Roll+1","Poisoned Stab"],"picked":"Dagger Spray+1","floor":42},{"not_picked":["Sucker Punch+1","Prepared"],"picked":"Flechettes+1","floor":44},{"not_picked":["Calculated Gamble+1","Backflip"],"picked":"Flying Knee","floor":48}],"player_experience":4921,"potions_floor_usage":[21,39,40,40,40,40,40,40,44,44,44],"damage_taken":[{"damage":3,"enemies":"Cultist","floor":1,"turns":5},{"damage":3,"enemies":"Jaw Worm","floor":2,"turns":3},{"damage":0,"enemies":"2 Louse","floor":4,"turns":3},{"damage":16,"enemies":"Gremlin Gang","floor":7,"turns":6},{"damage":10,"enemies":"Exordium Wildlife","floor":11,"turns":6},{"damage":16,"enemies":"Lagavulin","floor":13,"turns":7},{"damage":9,"enemies":"Exordium Thugs","floor":14,"turns":4},{"damage":26,"enemies":"Slime Boss","floor":16,"turns":13},{"damage":5,"enemies":"Chosen","floor":18,"turns":6},{"damage":29,"enemies":"3 Byrds","floor":20,"turns":6},{"damage":22,"enemies":"Snake Plant","floor":21,"turns":5},{"damage":7,"enemies":"Centurion and Healer","floor":28,"turns":12},{"damage":0,"enemies":"Chosen and Byrds","floor":30,"turns":7},{"damage":41,"enemies":"Champ","floor":33,"turns":16},{"damage":9,"enemies":"3 Shapes","floor":35,"turns":7},{"damage":2,"enemies":"Orb Walker","floor":36,"turns":5},{"damage":27,"enemies":"4 Shapes","floor":37,"turns":5},{"damage":10,"enemies":"Sphere and 2 Shapes","floor":39,"turns":8},{"damage":41,"enemies":"Giant Head","floor":40,"turns":10},{"damage":33,"enemies":"Mysterious Sphere","floor":42,"turns":7},{"damage":0,"enemies":"Maw","floor":44,"turns":7},{"damage":3,"enemies":"3 Darklings","floor":48,"turns":4},{"damage":51,"enemies":"Awakened One","floor":50,"turns":6}],"relics_obtained":[{"floor":9,"key":"War Paint"},{"floor":13,"key":"Regal Pillow"},{"floor":17,"key":"Boot"},{"floor":17,"key":"Paper Crane"},{"floor":17,"key":"Tingsha"},{"floor":26,"key":"Happy Flower"},{"floor":40,"key":"Bag of Preparation"},{"floor":42,"key":"Ginger"},{"floor":43,"key":"Oddly Smooth Stone"}],"event_choices":[{"event_name":"Liars Game","player_choice":"disagreed","floor":5,"damage_taken":0},{"event_name":"The Lab","player_choice":"Got Potions","floor":10,"damage_taken":0},{"event_name":"Back to Basics","player_choice":"Simplicity","floor":19,"damage_taken":0},{"event_name":"Beggar","player_choice":"Ignored","floor":27,"damage_taken":0},{"event_name":"Match and Keep!","player_choice":"2 cards matched","floor":31,"damage_taken":0},{"event_name":"Mysterious Sphere","player_choice":"Fight","floor":42,"damage_taken":0},{"event_name":"Tomb of Lord Red Mask","player_choice":"Paid","floor":45,"damage_taken":0},{"event_name":"Match and Keep!","player_choice":"1 cards matched","floor":46,"damage_taken":0}],"boss_relics":[{"not_picked":["White Beast Statue","Astrolabe"],"picked":"Calling Bell"},{"not_picked":["Runic Dome","Sozu"],"picked":"Tiny House"}],"items_purged_floors":[],"potions_floor_spawned":[7,11,16,20,21,28,36,39,40,42],"seed_played":"4697552148439889876","killed_by":"Awakened One","ascension_level":0,"potions_obtained":[{"floor":7,"key":"SteroidPotion"},{"floor":10,"key":"EntropicBrew"},{"floor":10,"key":"Regen Potion"},{"floor":21,"key":"GamblersBrew"},{"floor":28,"key":"Ancient Potion"},{"floor":34,"key":"SpeedPotion"},{"floor":36,"key":"FairyPotion"},{"floor":39,"key":"AttackPotion"},{"floor":40,"key":"Strength Potion"},{"floor":42,"key":"FearPotion"}],"is_trial":false}