{"gold_per_floor":[119,130,144,158,233,233,249,249,249,249,277,277,277,289,289,393,393,407,420,437,56,76,76,104,104,155,155,155],"floor_reached":28,"playtime":1255,"items_purged":["Go for the Eyes"],"score":252,"play_id":"b107ad5d-37d6-4f0e-92ba-8405e3c8d242","local_time":"20181025183410","is_ascension_mode":true,"campfire_choices":[{"data":"Dualcast","floor":6,"key":"SMITH"},{"data":"Tempest","floor":10,"key":"SMITH"},{"data":"Melter","floor":13,"key":"SMITH"},{"data":"Loop","floor":15,"key":"SMITH"},{"floor":23,"key":"REST"}],"neow_cost":"NONE","seed_source_timestamp":83442647195164,"circlet_count":0,"master_deck":["Strike_B+1","Strike_B+1","Defend_B+1","Defend_B+1","Defend_B+1","Defend_B+1","Zap","Dualcast+1","Cold Snap","Gash","Leap","Tempest+1","Melter+1","Loop+1","Multi-Cast+1","Capacitor","Conserve Battery+1","Rebound","Redo+1"],"relics":["Cracked Core","Toxic Egg 2","Anchor","GremlinMask","Nuclear Battery","Ginger","Du-Vu Doll","Lantern"],"potions_floor_usage":[11,20,20],"damage_taken":[{"damage":0,"enemies":"Cultist","floor":1,"turns":4},{"damage":0,"enemies":"Small Slimes","floor":2,"turns":3},{"damage":4,"enemies":"Jaw Worm","floor":3,"turns":4},{"damage":8,"enemies":"Lots of Slimes","floor":4,"turns":4},{"damage":2,"enemies":"2 Fungi Beasts","floor":7,"turns":3},{"damage":19,"enemies":"3 Sentries","floor":11,"turns":8},{"damage":0,"enemies":"Large Slime","floor":14,"turns":3},{"damage":13,"enemies":"Hexaghost","floor":16,"turns":9},{"damage":0,"enemies":"Spheric Guardian","floor":18,"turns":1},{"damage":5,"enemies":"Chosen","floor":19,"turns":4},{"damage":30,"enemies":"Sentry and Sphere","floor":20,"turns":4},{"damage":11,"enemies":"Snake Plant","floor":22,"turns":4},{"damage":53,"enemies":"Gremlin Leader","floor":24,"turns":6},{"damage":9,"enemies":"Slavers","floor":28,"turns":1}],"seed_played":"-4474432993402017258","potions_obtained":[{"floor":2,"key":"Regen Potion"},{"floor":3,"key":"Ancient Potion"},{"floor":7,"key":"GamblersBrew"},{"floor":11,"key":"Explosive Potion"},{"floor":18,"key":"Regen Potion"},{"floor":19,"key":"EssenceOfSteel"}],"is_trial":false,"path_per_floor":["M","M","M","M","?","R","M","?","T","R","E","?","R","M","R","B",null,"M","M","M","$","M","R","E","?","T","?"],"character_chosen":"DEFECT","items_purchased":["Ginger"],"campfire_rested":1,"item_purchase_floors":[21],"current_hp_per_floor":[75,75,71,63,52,52,50,50,50,50,46,46,46,46,46,33,75,75,70,49,49,38,60,7,7,7,7,0],"gold":155,"neow_bonus":"REMOVE_CARD","is_prod":false,"is_daily":false,"chose_seed":false,"campfire_upgraded":4,"win_rate":1,"timestamp":1540517650,"path_taken":["M","?","M","?","?","R","M","?","T","R","E","?","R","M","R","BOSS","M","M","M","$","M","R","E","?","T","?","E"],"build_version":"2018-10-25","purchased_purges":1,"victory":false,"max_hp_per_floor":[75,75,75,75,75,75,75,75,75,75,75,75,75,75,75,75,75,75,75,75,75,75,75,75,75,75,75,75],"card_choices":[{"not_picked":["Blizzard","Hologram"],"picked":"Cold Snap","floor":1},{"not_picked":["Barrage","Chill"],"picked":"Gash","floor":2},{"not_picked":["Darkness","Coolheaded"],"picked":"Leap","floor":3},{"not_picked":["Static Discharge","Storm"],"picked":"Tempest","floor":4},{"not_picked":["Force Field","Darkness"],"picked":"Go for the Eyes","floor":7},{"not_picked":["Storm","Go for the Eyes"],"picked":"Melter","floor":11},{"not_picked":["Barrage","Steam+1"],"picked":"Loop","floor":14},{"not_picked":["Thunder Strike","Buffer"],"picked":"Multi-Cast+1","floor":16},{"not_picked":["Genetic Algorithm+1","Heatsinks"],"picked":"Capacitor","floor":18},{"not_picked":["Coolheaded+1","Stack+1"],"picked":"Conserve Battery+1","floor":19},{"not_picked":["Cold Snap","Sweeping Beam"],"picked":"Rebound","floor":20},{"not_picked":["Tempest+1","Undo+1"],"picked":"Redo+1","floor":22},{"not_picked":["Sweeping Beam","Hello World","Blizzard"],"picked":"SKIP","floor":24}],"player_experience":86481,"relics_obtained":[{"floor":9,"key":"Toxic Egg 2"},{"floor":11,"key":"Anchor"},{"floor":24,"key":"Du-Vu Doll"},{"floor":26,"key":"Lantern"}],"event_choices":[{"damage_healed":0,"gold_gain":75,"player_choice":"Gather Gold","damage_taken":11,"max_hp_gain":0,"max_hp_loss":0,"event_name":"World of Goop","floor":5,"gold_loss":0},{"damage_healed":0,"gold_gain":0,"player_choice":"Ignored","damage_taken":0,"max_hp_gain":0,"max_hp_loss":0,"event_name":"Liars Game","floor":8,"gold_loss":0},{"damage_healed":0,"gold_gain":0,"player_choice":"Trade","damage_taken":0,"relics_obtained":["GremlinMask"],"max_hp_gain":0,"max_hp_loss":0,"event_name":"FaceTrader","floor":12,"gold_loss":0},{"cards_removed":["Strike_B"],"damage_healed":0,"gold_gain":0,"player_choice":"Purged","damage_taken":0,"max_hp_gain":0,"max_hp_loss":0,"event_name":"Purifier","floor":25,"gold_loss":0},{"damage_healed":0,"gold_gain":0,"player_choice":"Simplicity","damage_taken":0,"max_hp_gain":0,"max_hp_loss":0,"event_name":"Back to Basics","floor":27,"gold_loss":0,"cards_upgraded":["Strike_B","Strike_B","Defend_B","Defend_B","Defend_B","Defend_B"]}],"is_beta":false,"boss_relics":[{"not_picked":["Cursed Key","Inserter"],"picked":"Nuclear Battery"}],"items_purged_floors":[21],"is_endless":false,"potions_floor_spawned":[2,3,7,11,14,18,19],"killed_by":"Slavers","ascension_level":1}