{"gold_per_floor":[18,18,41,64,64,64,83,83,109,144,144,179,179,354,354,448,448,462,477,576,68,193,193,193,206,206,244,18,58,77,100,100,193,256,269,90,90,165,179,179,220,244,270,283,299,5,5,29,29,29],"floor_reached":51,"playtime":3362,"items_purged":["Doubt","Strike_B"],"score":1290,"play_id":"89225855-bb51-4ea8-9169-76bfa3173f2d","local_time":"20190525121229","is_ascension_mode":true,"campfire_choices":[{"floor":6,"key":"REST"},{"data":"Zap","floor":8,"key":"SMITH"},{"floor":13,"key":"REST"},{"data":"Dualcast","floor":15,"key":"SMITH"},{"floor":23,"key":"REST"},{"floor":32,"key":"REST"},{"floor":40,"key":"REST"},{"floor":49,"key":"REST"}],"neow_cost":"NO_GOLD","seed_source_timestamp":498482275021378,"circlet_count":0,"master_deck":["AscendersBane","Strike_B","Defend_B","Defend_B","Defend_B","Zap+1","Dualcast+1","White Noise+1","Conserve Battery","Undo","Ball Lightning","Skim","Compile Driver+1","Electrodynamics","Consume","Mayhem+1","Coolheaded+1","Necronomicurse","Go for the Eyes+1","Seek+1","Thunder Strike","Conserve Battery+1","Loop","Coolheaded+1","Buffer","Stack+1","Seek+1","Conserve Battery+1","Apotheosis+1","Reinforced Body+1","White Noise+1","Ball Lightning+1","Coolheaded+1","Sunder","Hologram+1","Hologram+1"],"relics":["Cracked Core","Golden Idol","Anchor","Bronze Scales","Orichalcum","Nuclear Battery","StoneCalendar","Toxic Egg 2","Necronomicon","Pear","PreservedInsect","Matryoshka","Tiny House","Bottled Flame","Lantern","Oddly Smooth Stone"],"potions_floor_usage":[10,12,22,27,29,33,35,41,48],"damage_taken":[{"damage":0,"enemies":"Small Slimes","floor":1,"turns":3},{"damage":4,"enemies":"Jaw Worm","floor":3,"turns":5},{"damage":0,"enemies":"2 Louse","floor":4,"turns":3},{"damage":8,"enemies":"Large Slime","floor":7,"turns":8},{"damage":0,"enemies":"3 Sentries","floor":10,"turns":6},{"damage":14,"enemies":"Gremlin Nob","floor":12,"turns":3},{"damage":42,"enemies":"The Guardian","floor":16,"turns":11},{"damage":11,"enemies":"Spheric Guardian","floor":18,"turns":4},{"damage":0,"enemies":"3 Byrds","floor":19,"turns":2},{"damage":0,"enemies":"Colosseum Slavers","floor":22,"turns":3},{"damage":20,"enemies":"Colosseum Nobs","floor":22,"turns":3},{"damage":3,"enemies":"3 Cultists","floor":25,"turns":4},{"damage":26,"enemies":"Slavers","floor":27,"turns":5},{"damage":2,"enemies":"Gremlin Leader","floor":29,"turns":4},{"damage":0,"enemies":"Snecko","floor":30,"turns":3},{"damage":0,"enemies":"Shelled Parasite and Fungi","floor":31,"turns":4},{"damage":26,"enemies":"Collector","floor":33,"turns":8},{"damage":0,"enemies":"Orb Walker","floor":35,"turns":4},{"damage":0,"enemies":"3 Shapes","floor":39,"turns":4},{"damage":3,"enemies":"Giant Head","floor":41,"turns":8},{"damage":9,"enemies":"Maw","floor":42,"turns":7},{"damage":10,"enemies":"3 Darklings","floor":44,"turns":3},{"damage":48,"enemies":"Spire Growth","floor":45,"turns":6},{"damage":20,"enemies":"Writhing Mass","floor":48,"turns":6},{"damage":8,"enemies":"Time Eater","floor":50,"turns":11}],"seed_played":"247189855733267140","potions_obtained":[{"floor":1,"key":"Dexterity Potion"},{"floor":3,"key":"Weak Potion"},{"floor":7,"key":"EssenceOfSteel"},{"floor":22,"key":"FearPotion"},{"floor":25,"key":"SkillPotion"},{"floor":27,"key":"Fire Potion"},{"floor":33,"key":"SteroidPotion"},{"floor":34,"key":"Fruit Juice"},{"floor":35,"key":"FocusPotion"}],"is_trial":false,"path_per_floor":["M","?","M","M","?","R","M","R","T","E","?","E","R","?","R","B",null,"M","M","?","$","?","R","?","M","T","E","$","E","M","M","R","B",null,"M","$","?","?","M","R","E","M","T","M","M","$","?","M","R","B",null],"character_chosen":"DEFECT","items_purchased":["Electrodynamics","Consume","Mayhem","SpeedPotion","Thunder Strike","Conserve Battery+1","Loop","Apotheosis+1","Sunder","Regen Potion","Hologram+1"],"campfire_rested":6,"item_purchase_floors":[21,21,21,21,28,28,28,36,46,46,46],"current_hp_per_floor":[64,47,43,43,36,57,49,49,49,49,49,35,56,56,56,14,57,46,46,46,46,26,47,31,28,38,12,12,10,10,10,34,8,68,73,73,73,64,64,91,88,79,79,69,21,21,21,16,43,35],"gold":29,"neow_bonus":"REMOVE_TWO","is_prod":false,"is_daily":false,"chose_seed":false,"campfire_upgraded":2,"win_rate":0,"timestamp":1558811549,"path_taken":["M","?","M","M","?","R","M","R","T","E","?","E","R","?","R","BOSS","M","M","?","$","?","R","?","M","T","E","$","E","M","M","R","BOSS","M","$","?","?","M","R","E","?","T","M","M","$","?","M","R","BOSS"],"build_version":"2019-01-23","purchased_purges":2,"victory":true,"max_hp_per_floor":[71,71,71,71,71,71,71,71,71,71,71,71,71,71,71,71,71,71,71,71,71,71,71,71,71,81,81,81,81,81,81,81,81,86,91,91,91,91,91,91,91,91,91,91,91,91,91,91,91,91],"card_choices":[{"not_picked":["Aggregate","Conserve Battery"],"picked":"White Noise","floor":1},{"not_picked":["Hologram","Go for the Eyes"],"picked":"Conserve Battery","floor":3},{"not_picked":["Ball Lightning","Darkness"],"picked":"Undo","floor":4},{"not_picked":["Heatsinks","Chaos"],"picked":"Ball Lightning","floor":7},{"not_picked":["Heatsinks","Tempest","Scrape"],"picked":"SKIP","floor":10},{"not_picked":["Hello World","Compile Driver"],"picked":"Skim","floor":12},{"not_picked":["Fission","Hyperbeam"],"picked":"Amplify","floor":16},{"not_picked":["Stack","Streamline+1"],"picked":"Compile Driver+1","floor":18},{"not_picked":["Ball Lightning","Gash","Rip and Tear"],"picked":"SKIP","floor":19},{"not_picked":["Ball Lightning","Turbo"],"picked":"Coolheaded","floor":22},{"not_picked":["Turbo+1","Rebound+1"],"picked":"Go for the Eyes+1","floor":25},{"not_picked":["Stack+1","Cold Snap"],"picked":"Seek+1","floor":27},{"not_picked":["Leap+1","Compile Driver"],"picked":"Coolheaded+1","floor":29},{"not_picked":["Beam Cell","Darkness+1"],"picked":"Buffer","floor":30},{"not_picked":["Coolheaded+1","Redo+1"],"picked":"Stack+1","floor":31},{"not_picked":["Hyperbeam","Core Surge"],"picked":"Seek+1","floor":33},{"not_picked":["Storm","Leap+1"],"picked":"Conserve Battery+1","floor":35},{"not_picked":["Compile Driver","Leap+1"],"picked":"Reinforced Body+1","floor":39},{"not_picked":["Go for the Eyes","Electrodynamics","Scrape+1"],"picked":"SKIP","floor":41},{"not_picked":["Turbo+1","Beam Cell"],"picked":"White Noise+1","floor":42},{"not_picked":["Redo+1","Aggregate+1"],"picked":"Ball Lightning+1","floor":44},{"not_picked":["Streamline","Genetic Algorithm+1"],"picked":"Coolheaded+1","floor":45},{"not_picked":["Compile Driver","Ball Lightning"],"picked":"Hologram+1","floor":48}],"player_experience":405214,"relics_obtained":[{"floor":9,"key":"Anchor"},{"floor":10,"key":"Bronze Scales"},{"floor":12,"key":"Orichalcum"},{"floor":22,"key":"StoneCalendar"},{"floor":22,"key":"Toxic Egg 2"},{"floor":24,"key":"Necronomicon"},{"floor":26,"key":"Pear"},{"floor":27,"key":"PreservedInsect"},{"floor":29,"key":"Matryoshka"},{"floor":41,"key":"Bottled Flame"},{"floor":43,"key":"Lantern"},{"floor":43,"key":"Oddly Smooth Stone"}],"event_choices":[{"damage_healed":0,"gold_gain":0,"player_choice":"Take Damage","damage_taken":17,"relics_obtained":["Golden Idol"],"max_hp_gain":0,"max_hp_loss":0,"event_name":"Golden Idol","floor":2,"gold_loss":0},{"cards_removed":["Strike_B"],"damage_healed":0,"gold_gain":0,"player_choice":"Card Removal","damage_taken":7,"max_hp_gain":0,"max_hp_loss":0,"event_name":"Golden Wing","floor":5,"gold_loss":0},{"damage_healed":0,"gold_gain":0,"player_choice":"Grow","damage_taken":0,"max_hp_gain":0,"max_hp_loss":0,"event_name":"Living Wall","floor":11,"gold_loss":0,"cards_upgraded":["White Noise"]},{"damage_healed":0,"gold_gain":175,"player_choice":"AGREE","damage_taken":0,"max_hp_gain":0,"max_hp_loss":0,"event_name":"Liars Game","floor":14,"gold_loss":0,"cards_obtained":["Doubt"]},{"damage_healed":0,"gold_gain":99,"player_choice":"Stole From Cult","damage_taken":0,"max_hp_gain":0,"max_hp_loss":0,"event_name":"Nest","floor":20,"gold_loss":0},{"damage_healed":0,"gold_gain":0,"player_choice":"Fight","damage_taken":0,"max_hp_gain":0,"max_hp_loss":0,"event_name":"Colosseum","floor":22,"gold_loss":0},{"damage_healed":0,"gold_gain":0,"player_choice":"Fought Nobs","damage_taken":0,"max_hp_gain":0,"max_hp_loss":0,"event_name":"Colosseum","floor":22,"gold_loss":0},{"damage_healed":0,"gold_gain":0,"player_choice":"Obtained Book","damage_taken":16,"max_hp_gain":0,"max_hp_loss":0,"event_name":"Cursed Tome","floor":24,"gold_loss":0},{"damage_healed":0,"gold_gain":0,"player_choice":"Ignored","damage_taken":0,"max_hp_gain":0,"max_hp_loss":0,"event_name":"Tomb of Lord Red Mask","floor":37,"gold_loss":0},{"damage_healed":0,"gold_gain":75,"player_choice":"Touch","damage_taken":9,"max_hp_gain":0,"max_hp_loss":0,"event_name":"FaceTrader","floor":38,"gold_loss":0},{"cards_removed":["Amplify"],"damage_healed":0,"gold_gain":0,"player_choice":"Removed Skill","damage_taken":0,"max_hp_gain":0,"max_hp_loss":0,"event_name":"Falling","floor":47,"gold_loss":0}],"is_beta":false,"boss_relics":[{"not_picked":["Astrolabe","Ectoplasm"],"picked":"Nuclear Battery"},{"not_picked":["Calling Bell","Pandora\u0027s Box"],"picked":"Tiny House"}],"items_purged_floors":[21,46],"is_endless":false,"potions_floor_spawned":[1,3,4,7,22,25,27,33,35,39],"ascension_level":14}