{"gold_per_floor":[18,193,14,14,32,32,66,66,66,95,114,129,144,178,178,257,257,272,272,272,292,303,303,303,319,319,319,339,339,373,387,387,465,465,482,482,482,494,510,510,525,525,525,625,639,651,698,708,708,708],"floor_reached":51,"playtime":3813,"items_purged":["Doubt"],"score":1108,"play_id":"994f93d9-8e62-424c-9f02-c5b45ab71958","local_time":"20190514195657","is_ascension_mode":true,"campfire_choices":[{"data":"Armaments","floor":6,"key":"SMITH"},{"data":"True Grit","floor":8,"key":"SMITH"},{"data":"True Grit","floor":15,"key":"SMITH"},{"data":"Exhume","floor":23,"key":"SMITH"},{"data":"Feel No Pain","floor":27,"key":"SMITH"},{"data":"Burning Pact","floor":29,"key":"SMITH"},{"data":"Shrug It Off","floor":32,"key":"SMITH"},{"floor":40,"key":"REST"},{"floor":42,"key":"RECALL"},{"floor":49,"key":"REST"}],"neow_cost":"NO_GOLD","seed_source_timestamp":1475199406376339,"circlet_count":0,"master_deck":["AscendersBane","Strike_R+1","Strike_R+1","Strike_R+1","Strike_R+1","Strike_R+1","Defend_R+1","Defend_R+1","Defend_R+1","Defend_R+1","Bash+1","Bludgeon+1","Armaments+1","True Grit+1","Burning Pact+1","True Grit+1","Feel No Pain+1","Exhume+1","Shrug It Off+1","Battle Trance+1","Fiend Fire","Sentinel+1","Finesse","Mayhem","Havoc","Seeing Red+1","Uppercut+1"],"relics":["Burning Blood","Matryoshka","PreservedInsect","Singing Bowl","Boot","Dead Branch","Busted Crown","Whetstone","Meat on the Bone","Omamori","Lantern","Fusion Hammer","Bag of Preparation","Shuriken","FossilizedHelix","Thread and Needle"],"potions_floor_usage":[7,10,12,14,16,30,47,50],"damage_taken":[{"damage":12,"enemies":"Jaw Worm","floor":1,"turns":2},{"damage":7,"enemies":"Small Slimes","floor":5,"turns":2},{"damage":24,"enemies":"Gremlin Nob","floor":7,"turns":4},{"damage":12,"enemies":"Lagavulin","floor":10,"turns":8},{"damage":5,"enemies":"Cultist","floor":11,"turns":5},{"damage":19,"enemies":"Red Slaver","floor":12,"turns":6},{"damage":23,"enemies":"Exordium Thugs","floor":13,"turns":6},{"damage":13,"enemies":"Gremlin Nob","floor":14,"turns":4},{"damage":11,"enemies":"The Guardian","floor":16,"turns":13},{"damage":6,"enemies":"Spheric Guardian","floor":18,"turns":4},{"damage":6,"enemies":"Shell Parasite","floor":21,"turns":10},{"damage":10,"enemies":"3 Cultists","floor":22,"turns":7},{"damage":0,"enemies":"Snecko","floor":25,"turns":3},{"damage":2,"enemies":"Snake Plant","floor":28,"turns":5},{"damage":10,"enemies":"Gremlin Leader","floor":30,"turns":8},{"damage":4,"enemies":"Chosen and Byrds","floor":31,"turns":6},{"damage":55,"enemies":"Automaton","floor":33,"turns":10},{"damage":7,"enemies":"Orb Walker","floor":35,"turns":4},{"damage":14,"enemies":"3 Shapes","floor":38,"turns":5},{"damage":4,"enemies":"Writhing Mass","floor":39,"turns":5},{"damage":0,"enemies":"3 Darklings","floor":41,"turns":5},{"damage":3,"enemies":"Mind Bloom Boss Battle","floor":44,"turns":4},{"damage":0,"enemies":"Maw","floor":45,"turns":3},{"damage":13,"enemies":"4 Shapes","floor":46,"turns":3},{"damage":0,"enemies":"2 Orb Walkers","floor":47,"turns":4},{"damage":2,"enemies":"Jaw Worm Horde","floor":48,"turns":3},{"damage":103,"enemies":"Awakened One","floor":50,"turns":13}],"seed_played":"8429326834186484012","potions_obtained":[{"floor":1,"key":"Regen Potion"},{"floor":11,"key":"SneckoOil"},{"floor":13,"key":"BloodPotion"},{"floor":14,"key":"Explosive Potion"},{"floor":22,"key":"Ancient Potion"},{"floor":28,"key":"SpeedPotion"},{"floor":30,"key":"SmokeBomb"},{"floor":31,"key":"Explosive Potion"},{"floor":33,"key":"SteroidPotion"},{"floor":39,"key":"AttackPotion"},{"floor":48,"key":"SpeedPotion"}],"is_trial":false,"path_per_floor":["M","?","$","?","M","R","E","R","T","E","M","M","M","E","R","B",null,"M","?","?","M","M","R","T","M","T","R","M","R","E","M","R","B",null,"M","?","T","M","M","R","M","R","T","?","M","M","?","M","R","B",null],"character_chosen":"IRONCLAD","items_purchased":["Armaments","Energy Potion"],"campfire_rested":2,"item_purchase_floors":[3,3],"current_hp_per_floor":[66,66,66,71,70,70,52,52,52,63,64,51,36,39,39,34,77,77,77,77,79,77,77,77,85,85,85,89,89,87,91,91,54,89,88,80,80,72,76,105,107,107,107,109,109,104,110,113,113,28],"gold":708,"neow_bonus":"THREE_RARE_CARDS","is_prod":false,"is_daily":false,"chose_seed":false,"campfire_upgraded":7,"win_rate":0,"timestamp":1557889017,"path_taken":["M","?","$","?","M","R","E","R","T","E","M","M","M","E","R","BOSS","M","?","?","M","M","R","?","M","T","R","?","R","E","M","R","BOSS","M","?","?","?","M","R","M","R","T","?","M","M","?","?","R","BOSS"],"build_version":"2019-01-23","purchased_purges":1,"victory":true,"max_hp_per_floor":[80,80,80,85,85,85,85,85,85,87,87,87,89,91,91,91,91,91,91,91,93,95,95,95,97,97,97,97,97,99,101,101,101,101,101,103,103,103,105,105,107,107,107,109,109,111,111,113,113,113],"card_choices":[{"not_picked":["Berserk","Double Tap"],"picked":"Bludgeon","floor":0},{"not_picked":["Evolve","Anger","Headbutt"],"picked":"SKIP","floor":1},{"not_picked":["Flex","Iron Wave"],"picked":"True Grit","floor":5},{"not_picked":["Entrench","Perfected Strike"],"picked":"Burning Pact","floor":7},{"not_picked":["Havoc","Bludgeon","Intimidate"],"picked":"Singing Bowl","floor":10},{"not_picked":["Heavy Blade","Perfected Strike"],"picked":"True Grit","floor":11},{"not_picked":["Anger","Uppercut"],"picked":"Feel No Pain","floor":12},{"not_picked":["Clothesline","Evolve","Body Slam"],"picked":"Singing Bowl","floor":13},{"not_picked":["Brutality","Perfected Strike","Sword Boomerang"],"picked":"Singing Bowl","floor":14},{"not_picked":["Reaper","Fiend Fire"],"picked":"Exhume","floor":16},{"not_picked":[],"picked":"Shrug It Off","floor":18},{"not_picked":["Clash"],"picked":"Singing Bowl","floor":21},{"not_picked":["Dropkick"],"picked":"Singing Bowl","floor":22},{"not_picked":["Sever Soul+1"],"picked":"Singing Bowl","floor":25},{"not_picked":[],"picked":"Battle Trance+1","floor":28},{"not_picked":["Iron Wave"],"picked":"Singing Bowl","floor":30},{"not_picked":["Sword Boomerang"],"picked":"Singing Bowl","floor":31},{"not_picked":[],"picked":"Fiend Fire","floor":33},{"not_picked":[],"picked":"Sentinel+1","floor":35},{"not_picked":[],"picked":"Finesse","floor":36},{"not_picked":["PanicButton"],"picked":"Singing Bowl","floor":36},{"not_picked":[],"picked":"Mayhem","floor":36},{"not_picked":[],"picked":"Havoc","floor":38},{"not_picked":["Entrench"],"picked":"Singing Bowl","floor":39},{"not_picked":["Sword Boomerang"],"picked":"Singing Bowl","floor":41},{"not_picked":["Iron Wave"],"picked":"Singing Bowl","floor":44},{"not_picked":[],"picked":"Seeing Red+1","floor":45},{"not_picked":["Anger"],"picked":"Singing Bowl","floor":46},{"not_picked":[],"picked":"Uppercut+1","floor":47},{"not_picked":["Heavy Blade"],"picked":"Singing Bowl","floor":48}],"player_experience":387022,"relics_obtained":[{"floor":7,"key":"Matryoshka"},{"floor":9,"key":"PreservedInsect"},{"floor":9,"key":"Singing Bowl"},{"floor":10,"key":"Boot"},{"floor":14,"key":"Dead Branch"},{"floor":24,"key":"Whetstone"},{"floor":24,"key":"Meat on the Bone"},{"floor":26,"key":"Omamori"},{"floor":30,"key":"Lantern"},{"floor":37,"key":"Bag of Preparation"},{"floor":43,"key":"Shuriken"},{"floor":44,"key":"FossilizedHelix"},{"floor":47,"key":"Thread and Needle"}],"event_choices":[{"damage_healed":0,"gold_gain":175,"player_choice":"AGREE","damage_taken":0,"max_hp_gain":0,"max_hp_loss":0,"event_name":"Liars Game","floor":2,"gold_loss":0,"cards_obtained":["Doubt"]},{"damage_healed":0,"gold_gain":0,"player_choice":"Donut","damage_taken":0,"max_hp_gain":5,"max_hp_loss":0,"event_name":"Big Fish","floor":4,"gold_loss":0},{"damage_healed":0,"gold_gain":0,"player_choice":"Simplicity","damage_taken":0,"max_hp_gain":0,"max_hp_loss":0,"event_name":"Back to Basics","floor":19,"gold_loss":0,"cards_upgraded":["Strike_R","Strike_R","Strike_R","Strike_R","Strike_R","Defend_R","Defend_R","Defend_R","Defend_R"]},{"damage_healed":0,"gold_gain":0,"player_choice":"Ignored","damage_taken":0,"max_hp_gain":0,"max_hp_loss":0,"event_name":"Vampires","floor":20,"gold_loss":0},{"damage_healed":0,"gold_gain":0,"player_choice":"Memory 3","damage_taken":10,"max_hp_gain":0,"max_hp_loss":0,"event_name":"SensoryStone","floor":36,"gold_loss":0},{"damage_healed":0,"gold_gain":0,"player_choice":"Fight","damage_taken":0,"max_hp_gain":0,"max_hp_loss":0,"event_name":"MindBloom","floor":44,"gold_loss":0},{"damage_healed":0,"gold_gain":0,"player_choice":"Fight","damage_taken":0,"max_hp_gain":0,"max_hp_loss":0,"event_name":"Mysterious Sphere","floor":47,"gold_loss":0}],"is_beta":false,"boss_relics":[{"not_picked":["Runic Dome","Runic Cube"],"picked":"Busted Crown"},{"not_picked":["Runic Pyramid","Tiny House"],"picked":"Fusion Hammer"}],"items_purged_floors":[3],"is_endless":false,"potions_floor_spawned":[1,5,11,13,14,22,28,30,31,33,39,41,48],"ascension_level":13}