{"gold_per_floor":[110,110,127,137,157,157,183,183,183,194,194,58,78,91,91,191,191,210,210,210,210,158,158,176,191,191,209,226,226,226,255,255,350,350,360,50,150,169,181,181,181],"floor_reached":41,"playtime":5561,"items_purged":[],"score":415,"play_id":"c6458581-21af-49f3-94c4-8081db89464c","local_time":"20190526002820","is_ascension_mode":false,"campfire_choices":[{"data":"Conserve Battery","floor":6.0,"key":"SMITH"},{"floor":8.0,"key":"REST"},{"data":"Conserve Battery","floor":15.0,"key":"SMITH"},{"floor":23.0,"key":"REST"},{"floor":29,"key":"REST"},{"data":"Writhe","floor":32,"key":"PURGE"},{"data":"Iron Wave","floor":40,"key":"PURGE"}],"neow_cost":"NONE","seed_source_timestamp":0,"circlet_count":0,"master_deck":["Strike_B","Strike_B","Strike_B","Strike_B","Defend_B","Defend_B","Defend_B","Defend_B","Zap+1","Dualcast","Ball Lightning","Conserve Battery+1","Seek","Skim","BootSequence","Conserve Battery+1","Cold Snap","Rainbow","Cold Snap+1","Conserve Battery","Stack","Barrage+1","Electrodynamics","Redo","Creative AI","Loop","Coolheaded+1"],"special_seed":0,"relics":["Cracked Core","Anchor","Happy Flower","Fusion Hammer","Mercury Hourglass","Dodecahedron","Peace Pipe","Velvet Choker","Ice Cream","Torii"],"potions_floor_usage":[33,33,33],"damage_taken":[{"damage":1.0,"enemies":"Cultist","floor":1.0,"turns":4.0},{"damage":6.0,"enemies":"Jaw Worm","floor":3.0,"turns":3.0},{"damage":4.0,"enemies":"Small Slimes","floor":4.0,"turns":3.0},{"damage":1.0,"enemies":"Red Slaver","floor":5.0,"turns":2.0},{"damage":11.0,"enemies":"3 Sentries","floor":7.0,"turns":7.0},{"damage":0.0,"enemies":"Blue Slaver","floor":10.0,"turns":3.0},{"damage":0.0,"enemies":"3 Louse","floor":13.0,"turns":4.0},{"damage":0.0,"enemies":"Large Slime","floor":14.0,"turns":4.0},{"damage":42.0,"enemies":"Hexaghost","floor":16.0,"turns":12.0},{"damage":0.0,"enemies":"Chosen","floor":18.0,"turns":4.0},{"damage":3.0,"enemies":"Shell Parasite","floor":24.0,"turns":4.0},{"damage":0.0,"enemies":"Snake Plant","floor":25.0,"turns":5.0},{"damage":2,"enemies":"Centurion and Healer","floor":27,"turns":6},{"damage":1,"enemies":"Chosen and Byrds","floor":28,"turns":6},{"damage":21,"enemies":"Gremlin Leader","floor":31,"turns":6},{"damage":45,"enemies":"Collector","floor":33,"turns":13},{"damage":0,"enemies":"Orb Walker","floor":35,"turns":3},{"damage":0,"enemies":"Mind Bloom Boss Battle","floor":37,"turns":6},{"damage":0,"enemies":"3 Shapes","floor":38,"turns":3},{"damage":2,"enemies":"3 Darklings","floor":39,"turns":4},{"damage":82,"enemies":"Giant Head","floor":41,"turns":8}],"seed_played":"-2674511138985587940","potions_obtained":[{"floor":3.0,"key":"Regen Potion"},{"floor":10.0,"key":"FocusPotion"},{"floor":14.0,"key":"SteroidPotion"},{"floor":24.0,"key":"Energy Potion"},{"floor":28,"key":"Ancient Potion"}],"is_trial":false,"path_per_floor":["M","$","M","M","M","R","E","R","T","M","?","$","M","M","R","B",null,"M","?","$","?","$","R","M","M","T","M","M","R","?","E","R","B",null,"M","$","?","M","M","R","E"],"character_chosen":"DEFECT","items_purchased":["BootSequence","Conserve Battery","Conserve Battery","Ice Cream"],"campfire_rested":3,"item_purchase_floors":[12,12,22,36],"current_hp_per_floor":[74,74,68,64,63,63,52,74,74,74,74,74,74,74,74,32,75,75,75,75,75,75,75,72,72,72,70,69,75,75,54,54,18,75,75,75,75,75,73,73,0],"gold":181,"neow_bonus":"UPGRADE_CARD","is_prod":false,"is_daily":false,"chose_seed":false,"campfire_upgraded":2,"win_rate":0.0,"timestamp":1558855700,"path_taken":["M","?","M","?","M","R","E","R","T","M","?","$","M","M","R","BOSS","M","?","$","?","$","R","?","M","T","M","M","R","?","E","R","BOSS","M","$","?","M","M","R","E"],"build_version":"2019-01-23","purchased_purges":0,"victory":false,"max_hp_per_floor":[75,75,75,75,75,75,75,75,75,75,75,75,75,75,75,75,75,75,75,75,75,75,75,75,75,75,75,75,75,75,75,75,75,75,75,75,75,75,75,75,75],"card_choices":[{"not_picked":["Beam Cell","Lockon"],"picked":"Ball Lightning","floor":1.0},{"not_picked":["Beam Cell","Compile Driver","Sweeping Beam"],"picked":"SKIP","floor":3.0},{"not_picked":["Go for the Eyes","Barrage"],"picked":"Conserve Battery","floor":4.0},{"not_picked":["Steam Power","Hello World"],"picked":"Seek","floor":5.0},{"not_picked":["Lockon","Rip and Tear","Hello World"],"picked":"SKIP","floor":7.0},{"not_picked":["Gash","Double Energy"],"picked":"Skim","floor":10.0},{"not_picked":["Fusion","Sweeping Beam"],"picked":"Scrape","floor":13.0},{"not_picked":["Compile Driver","Barrage"],"picked":"Cold Snap","floor":14.0},{"not_picked":["All For One","Multi-Cast"],"picked":"Rainbow","floor":16.0},{"not_picked":["Rebound","Streamline"],"picked":"Cold Snap+1","floor":18.0},{"not_picked":["Steam","Barrage"],"picked":"Stack","floor":24.0},{"not_picked":["Turbo+1","Leap+1"],"picked":"Barrage+1","floor":25.0},{"not_picked":["Leap","Redo"],"picked":"Electrodynamics","floor":27},{"not_picked":["Defragment","Turbo+1"],"picked":"Redo","floor":28},{"not_picked":["Force Field","Rebound","Hello World"],"picked":"SKIP","floor":31},{"not_picked":["Amplify","Rainbow"],"picked":"Creative AI","floor":33},{"not_picked":["Streamline","Rebound+1","Compile Driver"],"picked":"SKIP","floor":35},{"not_picked":["Coolheaded","Beam Cell"],"picked":"Loop","floor":37},{"not_picked":["Scrape+1","Leap"],"picked":"Coolheaded+1","floor":38},{"not_picked":["Barrage","Undo+1","Rebound+1"],"picked":"SKIP","floor":39},{"not_picked":["Barrage","Undo+1","Rebound+1"],"picked":"SKIP","floor":39}],"player_experience":15066,"relics_obtained":[{"floor":7.0,"key":"Anchor"},{"floor":9.0,"key":"Happy Flower"},{"floor":26,"key":"Mercury Hourglass"},{"floor":31,"key":"Peace Pipe"},{"floor":37,"key":"Torii"}],"event_choices":[{"damage_healed":0.0,"max_hp_gain":0.0,"max_hp_loss":0.0,"gold_gain":0.0,"event_name":"The Cleric","player_choice":"Leave","floor":11.0,"gold_loss":0.0,"damage_taken":0.0},{"damage_healed":0.0,"max_hp_gain":0.0,"max_hp_loss":0.0,"gold_gain":0.0,"event_name":"Ghosts","player_choice":"Ignored","floor":19.0,"gold_loss":0.0,"damage_taken":0.0},{"cards_removed":["Scrape"],"damage_healed":0.0,"max_hp_gain":0.0,"max_hp_loss":0.0,"gold_gain":0.0,"event_name":"NoteForYourself","player_choice":"Took Card","floor":21.0,"gold_loss":0.0,"damage_taken":0.0,"cards_obtained":["Iron Wave"]},{"damage_healed":0,"gold_gain":0,"player_choice":"Opened","damage_taken":0,"relics_obtained":["Dodecahedron"],"max_hp_gain":0,"max_hp_loss":0,"event_name":"The Mausoleum","floor":30,"gold_loss":0,"cards_obtained":["Writhe"]},{"damage_healed":0,"gold_gain":0,"player_choice":"Fight","damage_taken":0,"max_hp_gain":0,"max_hp_loss":0,"event_name":"MindBloom","floor":37,"gold_loss":0}],"is_beta":false,"boss_relics":[{"not_picked":["Empty Cage","Ectoplasm"],"picked":"Fusion Hammer"},{"not_picked":["Orrery","Snecko Eye"],"picked":"Velvet Choker"}],"items_purged_floors":[],"is_endless":false,"potions_floor_spawned":[3,10,14,16,24,27,28],"killed_by":"Giant Head","ascension_level":0}