{"gold_per_floor":[112,127,140,157,77,104,104,104,185,213,18,28,28,58,58,58],"floor_reached":16,"playtime":605,"items_purged":[],"score":110,"play_id":"320670a3-0f9b-4630-8328-d32546f6c7ba","local_time":"20180818223315","is_ascension_mode":false,"campfire_choices":[{"floor":8,"key":"REST"},{"floor":13,"key":"REST"},{"data":"Turbo","floor":15,"key":"SMITH"}],"neow_cost":"NONE","seed_source_timestamp":9214118194710,"circlet_count":0,"master_deck":["Strike_B","Strike_B","Strike_B","Strike_B","Defend_B","Defend_B","Defend_B","Defend_B","Zap","Heatsinks","White Noise+1","Gash","Leap","Conserve Battery","Self Repair","Sweeping Beam","Coolheaded","Sweeping Beam","Turbo+1","Chill","Regret"],"relics":["Cracked Core","Unceasing Top","Darkstone Periapt","Potion Belt","Orichalcum","Tiny Chest"],"potions_floor_usage":[4,6,10],"damage_taken":[{"damage":1,"enemies":"Cultist","floor":1,"turns":3},{"damage":7,"enemies":"2 Louse","floor":2,"turns":2},{"damage":6,"enemies":"Jaw Worm","floor":3,"turns":3},{"damage":14,"enemies":"Exordium Wildlife","floor":4,"turns":5},{"damage":25,"enemies":"Gremlin Nob","floor":6,"turns":5},{"damage":21,"enemies":"Lagavulin","floor":10,"turns":8},{"damage":0,"enemies":"2 Fungi Beasts","floor":12,"turns":1},{"damage":66,"enemies":"Slime Boss","floor":16,"turns":11}],"seed_played":"-7670810275330624184","potions_obtained":[{"floor":3,"key":"Dexterity Potion"},{"floor":4,"key":"AttackPotion"},{"floor":6,"key":"Ancient Potion"}],"is_trial":false,"path_per_floor":["M","M","M","M","$","E","?","R","T","E","$","M","R","?","R"],"character_chosen":"DEFECT","items_purchased":["Self Repair","Sweeping Beam","Orichalcum","Turbo"],"campfire_rested":2,"item_purchase_floors":[5,5,11,11],"current_hp_per_floor":[74,67,61,47,47,29,29,51,51,37,37,37,59,65,65,0],"gold":58,"neow_bonus":"TRANSFORM_CARD","is_prod":false,"is_daily":false,"chose_seed":false,"campfire_upgraded":1,"win_rate":0,"timestamp":1534624395,"path_taken":["M","M","?","?","$","E","?","R","T","E","?","?","R","?","R","BOSS"],"build_version":"2018-08-16","purchased_purges":0,"victory":false,"max_hp_per_floor":[75,75,75,75,75,75,75,75,75,75,75,75,75,81,81,81],"card_choices":[{"not_picked":["Sweeping Beam","Genetic Algorithm"],"picked":"White Noise","floor":1},{"not_picked":["Streamline","Doom and Gloom"],"picked":"Gash","floor":2},{"not_picked":["Beam Cell","Rebound"],"picked":"Leap","floor":3},{"not_picked":["Reinforced Body","Undo"],"picked":"Conserve Battery","floor":4},{"not_picked":["Beam Cell","Steam"],"picked":"Coolheaded","floor":6},{"not_picked":["Reinforced Body","Steam Power"],"picked":"Sweeping Beam","floor":10},{"not_picked":["Steam Power","Leap"],"picked":"Chill","floor":12}],"player_experience":159606,"relics_obtained":[{"floor":6,"key":"Unceasing Top"},{"floor":9,"key":"Darkstone Periapt"},{"floor":10,"key":"Potion Belt"}],"event_choices":[{"event_name":"Upgrade Shrine","player_choice":"Upgraded","floor":7,"damage_taken":0},{"event_name":"Big Fish","player_choice":"Box","floor":14,"damage_taken":0}],"is_beta":false,"boss_relics":[],"items_purged_floors":[],"is_endless":false,"potions_floor_spawned":[3,4,6],"killed_by":"Slime Boss","ascension_level":0}