{"gold_per_floor":[109,119,84,84,101,128,128,154,181,193,221,221,251,251],"floor_reached":14,"playtime":646,"items_purged":[],"score":167,"play_id":"3bd960cc-bb58-431e-8e44-db23a21a296e","local_time":"20190525024010","is_ascension_mode":true,"campfire_choices":[{"floor":7,"key":"REST"},{"floor":12,"key":"REST"}],"neow_cost":"PERCENT_DAMAGE","seed_source_timestamp":211399696155281,"circlet_count":0,"master_deck":["AscendersBane","Strike_B","Strike_B","Strike_B","Strike_B","Defend_B","Defend_B","Defend_B","Defend_B","Zap","Dualcast","Creative AI+1","Leap","Storm","Consume","Conserve Battery","Tempest"],"relics":["Cracked Core","Juzu Bracelet","Happy Flower","Blood Vial","Art of War"],"potions_floor_usage":[6,6,11],"damage_taken":[{"damage":9,"enemies":"Small Slimes","floor":1,"turns":3},{"damage":3,"enemies":"2 Louse","floor":2,"turns":3},{"damage":0,"enemies":"Cultist","floor":5,"turns":3},{"damage":28,"enemies":"Gremlin Nob","floor":6,"turns":4},{"damage":16,"enemies":"3 Sentries","floor":8,"turns":4},{"damage":9,"enemies":"Blue Slaver","floor":10,"turns":5},{"damage":21,"enemies":"Lagavulin","floor":11,"turns":8},{"damage":35,"enemies":"The Mushroom Lair","floor":14,"turns":3}],"seed_played":"3929184900924927482","potions_obtained":[{"floor":2,"key":"PowerPotion"},{"floor":5,"key":"Poison Potion"},{"floor":10,"key":"Dexterity Potion"}],"is_trial":false,"path_per_floor":["M","M","?","?","M","E","R","E","T","M","E","R","?","?"],"character_chosen":"DEFECT","items_purchased":[],"campfire_rested":2,"item_purchase_floors":[],"current_hp_per_floor":[41,38,56,56,56,28,50,34,34,27,8,30,30,0],"gold":251,"neow_bonus":"THREE_RARE_CARDS","is_prod":false,"is_daily":false,"chose_seed":false,"campfire_upgraded":0,"win_rate":0,"timestamp":1558741210,"path_taken":["M","M","?","?","M","E","R","E","T","M","E","R","?","?"],"build_version":"2019-01-23","purchased_purges":0,"victory":false,"max_hp_per_floor":[75,75,75,75,75,75,75,75,75,75,75,75,75,75],"card_choices":[{"not_picked":["Rainbow","Seek"],"picked":"Creative AI","floor":0},{"not_picked":["Rebound","Static Discharge"],"picked":"Leap","floor":1},{"not_picked":["Recycle","Redo","Turbo"],"picked":"SKIP","floor":2},{"not_picked":["Beam Cell","Turbo"],"picked":"Storm","floor":5},{"not_picked":["Hologram","Streamline"],"picked":"Consume","floor":6},{"not_picked":["Scrape","Steam Power","Reprogram"],"picked":"SKIP","floor":8},{"not_picked":["Ball Lightning","Barrage"],"picked":"Conserve Battery","floor":10},{"not_picked":["Darkness","Genetic Algorithm"],"picked":"Tempest","floor":11}],"player_experience":500869,"relics_obtained":[{"floor":6,"key":"Juzu Bracelet"},{"floor":8,"key":"Happy Flower"},{"floor":9,"key":"Blood Vial"},{"floor":11,"key":"Art of War"}],"event_choices":[{"damage_healed":18,"gold_gain":0,"player_choice":"Healed","damage_taken":0,"max_hp_gain":0,"max_hp_loss":0,"event_name":"The Cleric","floor":3,"gold_loss":35},{"damage_healed":0,"gold_gain":0,"player_choice":"Upgraded","damage_taken":0,"max_hp_gain":0,"max_hp_loss":0,"event_name":"Upgrade Shrine","floor":4,"gold_loss":0,"cards_upgraded":["Creative AI"]},{"damage_healed":0,"gold_gain":30,"player_choice":"Searched \u00272\u0027 times","damage_taken":0,"max_hp_gain":0,"max_hp_loss":0,"event_name":"Dead Adventurer","floor":13,"gold_loss":0},{"damage_healed":0,"gold_gain":0,"player_choice":"Fought Mushrooms","damage_taken":0,"max_hp_gain":0,"max_hp_loss":0,"event_name":"Mushrooms","floor":14,"gold_loss":0}],"is_beta":false,"boss_relics":[],"items_purged_floors":[],"is_endless":false,"potions_floor_spawned":[2,5,10],"killed_by":"The Mushroom Lair","ascension_level":11}