{"gold_per_floor":[115,126,145,18,34,34,34,54,81,92,121,141,141,160,160,263,263,250,250,58,74,74],"floor_reached":22,"playtime":1022,"items_purged":["Strike_B"],"score":188,"play_id":"e9464be3-5b5e-40cc-b388-9987450df638","local_time":"20181025214541","is_ascension_mode":false,"campfire_choices":[{"data":"White Noise","floor":6,"key":"SMITH"},{"data":"Chill","floor":15,"key":"SMITH"}],"neow_cost":"NONE","seed_source_timestamp":95166838554933,"circlet_count":0,"master_deck":["Strike_B","Strike_B","Strike_B","Defend_B","Defend_B","Defend_B","Defend_B","Zap","Dualcast","Sweeping Beam","Chill+1","Defragment","White Noise+1","Cold Snap","Conserve Battery","Double Energy","Genetic Algorithm","Double Energy","Creative AI+1","Barrage+1","Electrodynamics","Aggregate"],"relics":["Cracked Core","NeowsBlessing","Potion Belt","Strawberry","Smiling Mask","Odd Mushroom","Sozu"],"potions_floor_usage":[3,18,22],"damage_taken":[{"damage":0,"enemies":"Jaw Worm","floor":1,"turns":1},{"damage":0,"enemies":"2 Louse","floor":2,"turns":1},{"damage":0,"enemies":"Cultist","floor":3,"turns":1},{"damage":9,"enemies":"Blue Slaver","floor":5,"turns":3},{"damage":0,"enemies":"3 Louse","floor":8,"turns":4},{"damage":5,"enemies":"2 Fungi Beasts","floor":10,"turns":3},{"damage":5,"enemies":"3 Sentries","floor":11,"turns":7},{"damage":3,"enemies":"The Mushroom Lair","floor":12,"turns":5},{"damage":0,"enemies":"Exordium Thugs","floor":14,"turns":3},{"damage":17,"enemies":"Hexaghost","floor":16,"turns":13},{"damage":11,"enemies":"2 Thieves","floor":18,"turns":4},{"damage":13,"enemies":"Chosen","floor":21,"turns":6},{"damage":20,"enemies":"Colosseum Slavers","floor":22,"turns":4},{"damage":44,"enemies":"Colosseum Nobs","floor":22,"turns":3}],"seed_played":"-1107578517560067165","potions_obtained":[{"floor":1,"key":"Swift Potion"},{"floor":2,"key":"SteroidPotion"},{"floor":3,"key":"Fruit Juice"},{"floor":10,"key":"SpeedPotion"},{"floor":12,"key":"Fire Potion"}],"is_trial":false,"path_per_floor":["M","M","M","$","M","R","?","M","T","M","E","?","?","M","R","B",null,"M","?","$","M"],"character_chosen":"DEFECT","items_purchased":["White Noise","Cold Snap","Electrodynamics"],"campfire_rested":0,"item_purchase_floors":[4,4,20],"current_hp_per_floor":[75,75,80,80,71,71,38,38,45,40,35,32,32,32,32,15,87,76,76,76,63,0],"gold":74,"neow_bonus":"THREE_ENEMY_KILL","is_prod":false,"is_daily":false,"chose_seed":false,"campfire_upgraded":2,"win_rate":0,"timestamp":1540529141,"path_taken":["M","M","M","$","M","R","?","?","T","M","E","?","?","M","R","BOSS","M","?","?","M","?"],"build_version":"2018-10-25","purchased_purges":1,"victory":false,"max_hp_per_floor":[75,75,80,80,80,80,80,80,87,87,87,87,87,87,87,87,87,87,87,87,87,87],"card_choices":[{"not_picked":["Streamline","Redo"],"picked":"Sweeping Beam","floor":1},{"not_picked":["Sweeping Beam","Chaos"],"picked":"Chill","floor":2},{"not_picked":["Coolheaded","Skim"],"picked":"Defragment","floor":3},{"not_picked":["BootSequence","Consume"],"picked":"Conserve Battery","floor":5},{"not_picked":["Biased Cognition","Cold Snap"],"picked":"Double Energy","floor":8},{"not_picked":["FTL","Fusion","Glacier"],"picked":"SKIP","floor":10},{"not_picked":["Streamline","Go for the Eyes"],"picked":"Genetic Algorithm","floor":11},{"not_picked":["Cold Snap","Fusion"],"picked":"Double Energy","floor":12},{"not_picked":["Beam Cell","Conserve Battery","Go for the Eyes"],"picked":"SKIP","floor":14},{"not_picked":["Buffer","Biased Cognition"],"picked":"Creative AI","floor":16},{"not_picked":["Stack","Gash"],"picked":"Barrage+1","floor":18},{"not_picked":["Static Discharge","BootSequence"],"picked":"Aggregate","floor":21}],"player_experience":96785,"relics_obtained":[{"floor":9,"key":"Strawberry"},{"floor":11,"key":"Smiling Mask"},{"floor":12,"key":"Odd Mushroom"}],"event_choices":[{"damage_healed":0,"gold_gain":0,"player_choice":"Success","damage_taken":33,"relics_obtained":["Potion Belt"],"max_hp_gain":0,"max_hp_loss":0,"event_name":"Scrap Ooze","floor":7,"gold_loss":0},{"damage_healed":0,"gold_gain":0,"player_choice":"Fought Mushrooms","damage_taken":0,"max_hp_gain":0,"max_hp_loss":0,"event_name":"Mushrooms","floor":12,"gold_loss":0},{"damage_healed":0,"gold_gain":0,"player_choice":"Ignored","damage_taken":0,"max_hp_gain":0,"max_hp_loss":0,"event_name":"Liars Game","floor":13,"gold_loss":0},{"damage_healed":0,"gold_gain":0,"player_choice":"Upgraded","damage_taken":0,"max_hp_gain":0,"max_hp_loss":0,"event_name":"Upgrade Shrine","floor":19,"gold_loss":0,"cards_upgraded":["Creative AI"]},{"damage_healed":0,"gold_gain":0,"player_choice":"Fight","damage_taken":0,"max_hp_gain":0,"max_hp_loss":0,"event_name":"Colosseum","floor":22,"gold_loss":0},{"damage_healed":0,"gold_gain":0,"player_choice":"Fought Nobs","damage_taken":0,"max_hp_gain":0,"max_hp_loss":0,"event_name":"Colosseum","floor":22,"gold_loss":0}],"is_beta":false,"boss_relics":[{"not_picked":["Busted Crown","Eternal Feather"],"picked":"Sozu"}],"items_purged_floors":[20],"is_endless":false,"potions_floor_spawned":[1,2,3,10,12,21],"killed_by":"Colosseum Nobs","ascension_level":0}