{"path_per_floor":["M","M","?","?","M","R","?","M","T","M","$","M","R","M","R"],"character_chosen":"IRONCLAD","items_purchased":["Combust+1","Shrug It Off","Clothesline"],"gold_per_floor":[109,122,122,122,141,141,141,159,230,250,67,79,79,95,95,95],"floor_reached":16,"campfire_rested":1,"playtime":1449,"item_purchase_floors":[11,11,11],"current_hp_per_floor":[74,80,80,73,75,75,75,75,75,61,61,54,79,74,74,0],"items_purged":[],"gold":95,"score":94,"play_id":"0bd78d97-ab5d-497e-8dc1-d14295f82a0b","local_time":"20180602020613","is_prod":false,"is_daily":false,"chose_seed":false,"is_ascension_mode":false,"campfire_upgraded":2,"win_rate":0.0,"timestamp":1527897973,"campfire_choices":[{"data":"Dark Embrace","floor":6,"key":"SMITH"},{"floor":13,"key":"REST"},{"data":"Twin Strike","floor":15,"key":"SMITH"}],"path_taken":["M","M","?","?","M","R","?","M","T","?","$","M","R","M","R","BOSS"],"build_version":"2018-05-31","seed_source_timestamp":9083900729537,"purchased_purges":0,"victory":false,"master_deck":["Strike_R","Strike_R","Strike_R","Strike_R","Strike_R","Defend_R","Defend_R","Defend_R","Bash","Anger+1","Anger","Dark Embrace+1","Dropkick","Pommel Strike","Combust+1","Shrug It Off","Clothesline","Twin Strike+1","Cleave"],"max_hp_per_floor":[80,80,80,80,85,85,85,85,85,85,85,85,85,85,85,85],"relics":["Burning Blood","Frozen Egg 2"],"card_choices":[{"not_picked":["Infernal Blade","Clothesline"],"picked":"Anger","floor":1},{"not_picked":["Second Wind","Body Slam"],"picked":"Anger","floor":2},{"not_picked":["Clash","Shrug It Off"],"picked":"Dark Embrace","floor":5},{"not_picked":["Clothesline","Clash"],"picked":"Dropkick","floor":8},{"not_picked":["Anger","Warcry"],"picked":"Pommel Strike","floor":10},{"not_picked":["Reckless Charge","Intimidate"],"picked":"Twin Strike","floor":12},{"not_picked":["Clothesline","Rampage"],"picked":"Cleave","floor":14}],"player_experience":0,"potions_floor_usage":[5,8,10,12,16],"damage_taken":[{"damage":12,"enemies":"2 Louse","floor":1,"turns":3},{"damage":0,"enemies":"Cultist","floor":2,"turns":3},{"damage":9,"enemies":"Small Slimes","floor":5,"turns":3},{"damage":6,"enemies":"3 Louse","floor":8,"turns":3},{"damage":20,"enemies":"Lots of Slimes","floor":10,"turns":4},{"damage":13,"enemies":"Exordium Thugs","floor":12,"turns":4},{"damage":11,"enemies":"Looter","floor":14,"turns":2},{"damage":93,"enemies":"The Guardian","floor":16,"turns":9}],"relics_obtained":[{"floor":9,"key":"Frozen Egg 2"}],"event_choices":[{"event_name":"The Lab","player_choice":"Got Potions","floor":3,"damage_taken":0},{"event_name":"Golden Wing","player_choice":"Card Removal","floor":4,"damage_taken":0},{"event_name":"Living Wall","player_choice":"Grow","floor":7,"damage_taken":0}],"boss_relics":[],"items_purged_floors":[],"potions_floor_spawned":[1,5,14],"seed_played":"8150109559713427378","killed_by":"The Guardian","ascension_level":0,"potions_obtained":[{"floor":1,"key":"Explosive Potion"},{"floor":3,"key":"SteroidPotion"},{"floor":3,"key":"Fruit Juice"},{"floor":3,"key":"Swift Potion"},{"floor":5,"key":"Energy Potion"},{"floor":14,"key":"Regen Potion"}],"is_trial":false}