{"path_per_floor":["M","M","M","M","?","E","R","M","T","?","M","E","T","M","R","B",null,"M","M","?"],"character_chosen":"THE_SILENT","items_purchased":[],"gold_per_floor":[118,133,149,163,163,190,190,200,200,259,271,306,306,317,317,421,421,438,451,451,451],"floor_reached":21,"campfire_rested":1,"playtime":1380,"current_hp_per_floor":[70,70,70,64,64,51,51,44,44,33,33,33,33,32,53,22,58,40,38,38,0],"items_purged":[],"gold":451,"score":273,"play_id":"0e6fa6a3-6b31-4fa4-8d04-761859657469","local_time":"20180321212201","is_prod":false,"is_daily":false,"is_ascension_mode":true,"campfire_upgraded":1,"timestamp":1521660121,"path_taken":["M","?","M","M","?","E","R","M","T","?","M","E","?","M","R","BOSS","M","M","?","?"],"build_version":"2018-03-20","purchased_purges":0,"victory":false,"master_deck":["Defend_G","Defend_G","Defend_G","Defend_G","Defend_G","Strike_G","Strike_G","Strike_G","Strike_G","Strike_G","Survivor","Neutralize+1","Dagger Throw","Dagger Spray","Footwork+1","Endless Agony","Underhanded Strike","Underhanded Strike","Parasite","Underhanded Strike","Backflip","A Thousand Cuts","Pain","Dagger Spray","Tactician+1","Acrobatics+1","Choke","Decay"],"max_hp_per_floor":[70,70,70,70,70,70,70,70,70,70,70,70,70,70,70,70,70,70,70,70,70],"relics":["Cursed Key","Ninja Scroll","Torii","Gambling Chip","Toxic Egg 2","Ice Cream","Sozu"],"card_choices":[{"not_picked":["Flying Knee","Reflex"],"picked":"Dagger Throw","floor":1},{"not_picked":["Distraction","Deflect"],"picked":"Dagger Spray","floor":2},{"not_picked":["Backflip","Malaise"],"picked":"Footwork","floor":3},{"not_picked":["Expertise","Sucker Punch"],"picked":"Endless Agony","floor":4},{"not_picked":["Dagger Throw","Noxious Fumes"],"picked":"Underhanded Strike","floor":6},{"not_picked":["All Out Attack","Terror"],"picked":"Underhanded Strike","floor":8},{"not_picked":["Phantasmal Killer","Finisher"],"picked":"Underhanded Strike","floor":10},{"not_picked":["PiercingWail","Flying Knee"],"picked":"Backflip","floor":11},{"not_picked":["Predator","Blade Dance"],"picked":"A Thousand Cuts","floor":12},{"not_picked":["Quick Slash","Infinite Blades"],"picked":"Dagger Spray","floor":14},{"not_picked":["Venomology","Night Terror"],"picked":"Tactician","floor":16},{"not_picked":["Malaise","Finisher"],"picked":"Acrobatics","floor":18},{"not_picked":["Dodge and Roll","Prepared"],"picked":"Choke","floor":19}],"player_experience":155829,"potions_floor_usage":[12,16],"damage_taken":[{"damage":0,"enemies":"Cultist","floor":1,"turns":4},{"damage":0,"enemies":"Jaw Worm","floor":2,"turns":4},{"damage":0,"enemies":"2 Louse","floor":3,"turns":2},{"damage":6,"enemies":"Looter","floor":4,"turns":4},{"damage":13,"enemies":"Lagavulin","floor":6,"turns":9},{"damage":7,"enemies":"Gremlin Gang","floor":8,"turns":4},{"damage":11,"enemies":"3 Sentries","floor":10,"turns":8},{"damage":0,"enemies":"Lots of Slimes","floor":11,"turns":1},{"damage":0,"enemies":"Gremlin Nob","floor":12,"turns":3},{"damage":1,"enemies":"3 Louse","floor":14,"turns":2},{"damage":31,"enemies":"Hexaghost","floor":16,"turns":11},{"damage":18,"enemies":"Spheric Guardian","floor":18,"turns":4},{"damage":2,"enemies":"3 Byrds","floor":19,"turns":3},{"damage":48,"enemies":"Cultist and Chosen","floor":21,"turns":5}],"event_choices":[{"event_name":"Living Wall","player_choice":"Grow","floor":5,"damage_taken":0},{"event_name":"Dead Adventurer","player_choice":"Searched \u00271\u0027 times","floor":10,"damage_taken":0},{"event_name":"Wheel of Change","player_choice":"Curse","floor":20,"damage_taken":0}],"boss_relics":[{"not_picked":["Astrolabe","Question Card"],"picked":"Sozu"}],"potions_floor_spawned":[3,10,10,11,14,18,19],"seed_played":"-6605148195234259643","killed_by":"Cultist and Chosen","ascension_level":5,"is_trial":false}