{"path_per_floor":["M","M","M","M","?","E","R","M","T","M","E","M","E","$","R"],"character_chosen":"THE_SILENT","items_purchased":["War Paint","Infinite Blades"],"gold_per_floor":[118,138,153,172,172,205,205,219,219,230,263,273,306,5,5,5],"floor_reached":16,"campfire_rested":0,"playtime":757,"current_hp_per_floor":[63,62,54,53,53,50,50,50,50,50,30,27,30,30,30,0],"items_purged":["Strike_G"],"gold":5,"score":124,"play_id":"8b762f3f-58ba-4ef4-8d85-b4a06cc95bdf","local_time":"20180401104117","is_prod":false,"is_daily":false,"is_ascension_mode":false,"campfire_upgraded":2,"timestamp":1522604477,"path_taken":["M","M","M","M","?","E","R","M","T","M","E","M","E","$","R","BOSS"],"build_version":"2018-03-29v2","purchased_purges":1,"victory":false,"master_deck":["Defend_G","Defend_G","Defend_G","Defend_G","Defend_G","Strike_G","Strike_G","Strike_G","Survivor+1","Neutralize","Infinite Blades","Dash+1","Quick Slash","Backflip","Glass Knife","Setup+1","Slice","Adrenaline+1","Backstab","Quick Slash","Slice","Infinite Blades+1"],"max_hp_per_floor":[70,70,70,70,70,70,70,70,70,70,70,70,70,70,70,70],"relics":["Philosopher\u0027s Stone","Ancient Tea Set","Frozen Egg 2","Bag of Preparation","Omamori","War Paint"],"card_choices":[{"not_picked":["Dodge and Roll","Endless Agony"],"picked":"Infinite Blades","floor":1},{"not_picked":["Bouncing Flask","Distraction"],"picked":"Dash","floor":2},{"not_picked":["Leg Sweep","Deadly Poison"],"picked":"Quick Slash","floor":3},{"not_picked":["Slice","Prepared"],"picked":"Backflip","floor":4},{"not_picked":["Venomology","Outmaneuver"],"picked":"Setup","floor":6},{"not_picked":["Blur","Bane"],"picked":"Slice","floor":8},{"not_picked":["Concentrate","Slice"],"picked":"Adrenaline","floor":10},{"not_picked":["Dagger Spray","Acrobatics"],"picked":"Backstab","floor":11},{"not_picked":["Dodge and Roll","Endless Agony"],"picked":"Quick Slash","floor":12},{"not_picked":["Flechettes","Burst"],"picked":"Slice","floor":13}],"player_experience":72102,"potions_floor_usage":[6,6,12,13,13,16],"damage_taken":[{"damage":7,"enemies":"Small Slimes","floor":1,"turns":4},{"damage":1,"enemies":"Cultist","floor":2,"turns":4},{"damage":8,"enemies":"Jaw Worm","floor":3,"turns":4},{"damage":1,"enemies":"Red Slaver","floor":4,"turns":4},{"damage":3,"enemies":"Gremlin Nob","floor":6,"turns":3},{"damage":0,"enemies":"Exordium Wildlife","floor":8,"turns":4},{"damage":0,"enemies":"Looter","floor":10,"turns":2},{"damage":20,"enemies":"3 Sentries","floor":11,"turns":7},{"damage":3,"enemies":"2 Fungi Beasts","floor":12,"turns":3},{"damage":3,"enemies":"Gremlin Nob","floor":13,"turns":3},{"damage":33,"enemies":"The Guardian","floor":16,"turns":7}],"event_choices":[{"event_name":"Transmorgrifier","player_choice":"Transform","floor":5,"damage_taken":0}],"boss_relics":[],"potions_floor_spawned":[3,4,6,10,11,12],"seed_played":"195774841221537228","killed_by":"The Guardian","ascension_level":0,"is_trial":false}