{"path_per_floor":["M","$","?","M","M","R","E","?","T","M","R","?","E","$","R","B",null,"M","M","?","?","?","R","E","R","T","M","R","M","M","$","R","B",null,"M","?","$","M","$","E","R","E","T","E","R","M","M","?","R"],"character_chosen":"THE_SILENT","items_purchased":["Footwork","Slice","Infinite Blades","Bronze Scales","Infinite Blades"],"gold_per_floor":[113,32,32,43,54,54,80,80,80,94,94,94,124,42,42,139,139,155,168,128,128,128,128,153,153,153,167,167,184,204,3,3,100,130,147,147,97,110,42,77,77,106,106,137,137,153,166,166,166],"floor_reached":50,"campfire_rested":2,"playtime":3872,"current_hp_per_floor":[70,70,75,72,71,71,50,85,85,84,84,84,84,84,84,49,85,85,85,85,85,69,69,55,55,55,55,55,28,17,17,44,17,95,93,93,93,93,93,83,83,72,72,47,47,26,26,26,54],"items_purged":["Strike_G","Strike_G"],"gold":166,"score":581,"play_id":"4f6a03c5-5265-43e0-9a8b-17977128e1d2","is_prod":false,"is_daily":false,"is_ascension_mode":false,"campfire_upgraded":8,"path_taken":["M","?","?","M","M","R","E","?","T","M","R","?","E","$","R","BOSS","M","M","?","?","?","R","E","R","T","M","R","M","?","$","R","BOSS","M","?","?","M","$","E","R","E","T","E","R","M","M","?","R","BOSS"],"build_version":"2018-02-22-PROD2","purchased_purges":2,"victory":false,"master_deck":["Defend_G","Defend_G","Defend_G","Defend_G","Defend_G","Strike_G+1","Strike_G","Strike_G","Survivor","Neutralize+1","Leg Sweep","Footwork+1","Deflect","Quick Slash","Adrenaline+1","Quick Slash","Bullet Time+1","Slice+1","Infinite Blades+1","After Image+1","Dagger Spray+1","Setup+1","Backflip","Dagger Spray+1","Blur+1","After Image+1","Flying Knee+1","Accuracy+1","Deflect+1","Infinite Blades","Outmaneuver+1","Terror+1","Burst","Endless Agony","Well Laid Plans"],"max_hp_per_floor":[70,70,75,75,75,75,75,85,85,85,85,85,85,85,85,85,85,85,85,85,85,90,90,90,90,90,90,90,90,90,90,90,90,95,95,95,95,95,95,95,95,95,95,95,95,95,95,95,95],"relics":["Ring of the Snake","Toolbox","Thread and Needle","Prayer Wheel","Sozu","Smiling Mask","Ginger","Unceasing Top","Bronze Scales","Tiny House","Whetstone","Du-Vu Doll","Singing Bowl","Blue Candle"],"card_choices":[{"not_picked":["Cloak And Dagger","Quick Slash"],"picked":"Leg Sweep"},{"not_picked":["Slice","Malaise"],"picked":"Deflect"},{"not_picked":["Outmaneuver","Poisoned Stab"],"picked":"Quick Slash"},{"not_picked":["Bane","Outmaneuver"],"picked":"Adrenaline"},{"not_picked":["Sucker Punch","Poisoned Stab"],"picked":"Quick Slash"},{"not_picked":["Bane","Quick Slash"],"picked":"Bullet Time"},{"not_picked":["Die Die Die","Glass Knife"],"picked":"After Image"},{"not_picked":["Riddle With Holes","Flechettes"],"picked":"Dagger Spray"},{"not_picked":["Dash","Prepared"],"picked":"Setup"},{"not_picked":["Deflect","Well Laid Plans"],"picked":"Backflip"},{"not_picked":["Poisoned Stab","Deflect"],"picked":"Dagger Spray"},{"not_picked":["Dodge and Roll","Bane"],"picked":"Blur"},{"not_picked":["Die Die Die","Grand Finale"],"picked":"After Image"},{"not_picked":["Bane","Deadly Poison"],"picked":"Flying Knee"},{"not_picked":["Cloak And Dagger","Underhanded Strike"],"picked":"Accuracy"},{"not_picked":["Well Laid Plans","Reflex"],"picked":"Deflect"},{"not_picked":["Underhanded Strike","Cloak And Dagger"],"picked":"Outmaneuver"},{"not_picked":["Bane","Deadly Poison"],"picked":"Terror"},{"not_picked":["Storm of Steel","Deadly Poison"],"picked":"Burst"},{"not_picked":["Poisoned Stab","Underhanded Strike"],"picked":"Endless Agony"},{"not_picked":["Deadly Poison","Riddle With Holes"],"picked":"Well Laid Plans"}],"player_experience":125648,"potions_floor_usage":[],"damage_taken":[{"damage":0.0,"enemies":"Cultist","floor":1.0,"turns":5.0},{"damage":3.0,"enemies":"2 Louse","floor":4.0,"turns":4.0},{"damage":1.0,"enemies":"Small Slimes","floor":5.0,"turns":5.0},{"damage":21.0,"enemies":"Lagavulin","floor":7.0,"turns":13.0},{"damage":1.0,"enemies":"3 Louse","floor":10.0,"turns":3.0},{"damage":0.0,"enemies":"Gremlin Nob","floor":13.0,"turns":3.0},{"damage":35.0,"enemies":"Slime Boss","floor":16.0,"turns":20.0},{"damage":0.0,"enemies":"2 Thieves","floor":18.0,"turns":4.0},{"damage":0.0,"enemies":"Chosen","floor":19.0,"turns":8.0},{"damage":14.0,"enemies":"Slavers","floor":24.0,"turns":12.0},{"damage":0.0,"enemies":"Snecko","floor":27.0,"turns":6.0},{"damage":27,"enemies":"Cultist and Chosen","floor":29,"turns":7},{"damage":11,"enemies":"Chosen and Byrds","floor":30,"turns":7},{"damage":27,"enemies":"Automaton","floor":33,"turns":18},{"damage":6,"enemies":"3 Darklings","floor":35,"turns":9},{"damage":0,"enemies":"Orb Walker","floor":38,"turns":5},{"damage":10,"enemies":"Giant Head","floor":40,"turns":13},{"damage":11,"enemies":"Nemesis","floor":42,"turns":11},{"damage":25,"enemies":"2 Orb Walkers","floor":44,"turns":6},{"damage":21,"enemies":"Sphere and 2 Shapes","floor":46,"turns":7},{"damage":0,"enemies":"3 Darklings","floor":47,"turns":6},{"damage":61,"enemies":"Awakened One","floor":50,"turns":3}],"event_choices":[{"event_name":"Big Fish","player_choice":"Donut","floor":3.0,"damage_taken":0.0},{"event_name":"Bonfire Elementals","player_choice":"RARE","floor":8.0,"damage_taken":0.0},{"event_name":"Golden Wing","player_choice":"Ignored","floor":12.0,"damage_taken":0.0},{"event_name":"The Woman in Blue","player_choice":"Bought 3 Potions","floor":20.0,"damage_taken":0.0},{"event_name":"The Mausoleum","player_choice":"Yes","floor":21.0,"damage_taken":0.0},{"event_name":"Forgotten Altar","player_choice":"Shed Blood","floor":22.0,"damage_taken":0.0},{"event_name":"Upgrade Shrine","player_choice":"Upgraded","floor":36,"damage_taken":0},{"event_name":"The Lab","player_choice":"Got Potions","floor":48,"damage_taken":0}],"boss_relics":[{"not_picked":["Velvet Choker","Runic Dome"],"picked":"Tiny House"}],"potions_floor_spawned":[4,5,10,16,24,30,33,35,40,44],"seed_played":"-7333386525278494537","killed_by":"Awakened One","ascension_level":0,"is_trial":false}