{"gold_per_floor":[214,214,65,80,96,96,125,125,151,183,201,201,262,291,291,391,391,405,405,42,53,76,76,106,106,152,180,180,511,528,528,528,624,624,640,590,605,619,629,629],"floor_reached":40,"playtime":1896,"items_purged":["Normality","Pain"],"score":634,"play_id":"1e575d44-b24c-49b7-a60e-2203303fb334","local_time":"20181107230930","is_ascension_mode":true,"campfire_choices":[{"data":"Demon Form","floor":6,"key":"SMITH"},{"data":"Flex","floor":12,"key":"SMITH"},{"data":"Inflame","floor":15,"key":"SMITH"},{"data":"Heavy Blade","floor":23,"key":"SMITH"},{"floor":25,"key":"REST"},{"data":"Double Tap","floor":28,"key":"SMITH"},{"floor":32,"key":"REST"}],"neow_cost":"NONE","seed_source_timestamp":1702804472292408,"circlet_count":0,"master_deck":["Strike_R+1","Strike_R","Strike_R","Strike_R+1","Strike_R","Defend_R","Defend_R","Defend_R","Bash","Twin Strike","Flex+1","Demon Form+1","Sword Boomerang","Cleave","Twin Strike","Sword Boomerang","Inflame+1","Double Tap+1","Injury","Whirlwind","Writhe","Heavy Blade+1","Flame Barrier","Thunderclap+1","Power Through+1","Heavy Blade","Flex","Demon Form","Dark Embrace+1","Headbutt+1","Havoc+1","Sword Boomerang","Thunderclap"],"relics":["Burning Blood","PreservedInsect","Whetstone","Meat on the Bone","Smiling Mask","Regal Pillow","Orichalcum","Boot","Calling Bell","Vajra","Mummified Hand","Incense Burner","Art of War","Tiny Chest","HandDrill","Blood Vial","Matryoshka","Omamori","Dream Catcher","Ancient Tea Set","Old Coin","Astrolabe"],"potions_floor_usage":[7,11,16,24,27,37,40],"damage_taken":[{"damage":1,"enemies":"Cultist","floor":1,"turns":3},{"damage":6,"enemies":"2 Louse","floor":4,"turns":3},{"damage":4,"enemies":"Small Slimes","floor":5,"turns":4},{"damage":16,"enemies":"Gremlin Nob","floor":7,"turns":3},{"damage":32,"enemies":"3 Sentries","floor":10,"turns":6},{"damage":0,"enemies":"Exordium Wildlife","floor":11,"turns":2},{"damage":16,"enemies":"Gremlin Nob","floor":13,"turns":3},{"damage":17,"enemies":"Lagavulin","floor":14,"turns":5},{"damage":31,"enemies":"Hexaghost","floor":16,"turns":6},{"damage":7,"enemies":"Chosen","floor":18,"turns":3},{"damage":34,"enemies":"2 Thieves","floor":21,"turns":3},{"damage":34,"enemies":"Slavers","floor":24,"turns":4},{"damage":2,"enemies":"Gremlin Leader","floor":27,"turns":5},{"damage":46,"enemies":"Slavers","floor":29,"turns":4},{"damage":41,"enemies":"Sentry and Sphere","floor":30,"turns":5},{"damage":44,"enemies":"Collector","floor":33,"turns":7},{"damage":16,"enemies":"Orb Walker","floor":35,"turns":4},{"damage":4,"enemies":"3 Darklings","floor":37,"turns":4},{"damage":27,"enemies":"4 Shapes","floor":38,"turns":6},{"damage":24,"enemies":"Spire Growth","floor":39,"turns":4},{"damage":49,"enemies":"Nemesis","floor":40,"turns":3}],"seed_played":"3570082905173197257","potions_obtained":[{"floor":4,"key":"Energy Potion"},{"floor":10,"key":"AttackPotion"},{"floor":13,"key":"EssenceOfSteel"},{"floor":18,"key":"Weak Potion"},{"floor":24,"key":"GamblersBrew"},{"floor":35,"key":"Poison Potion"},{"floor":38,"key":"Fire Potion"},{"floor":39,"key":"PowerPotion"}],"is_trial":false,"path_per_floor":["M","?","$","M","M","R","E","?","T","E","M","R","?","E","R","B",null,"M","?","$","M","T","R","E","R","T","E","R","E","M","?","R","B",null,"M","$","M","M","M","E"],"character_chosen":"IRONCLAD","items_purchased":["PreservedInsect","Tiny Chest","HandDrill"],"campfire_rested":2,"item_purchase_floors":[3,20,20],"current_hp_per_floor":[80,80,80,80,80,80,70,70,70,56,62,62,52,53,53,40,70,69,69,69,53,53,53,39,78,78,80,80,52,31,31,70,46,72,64,64,68,49,45,0],"gold":629,"neow_bonus":"HUNDRED_GOLD","is_prod":false,"is_daily":false,"chose_seed":false,"campfire_upgraded":5,"win_rate":0,"timestamp":1541624970,"path_taken":["M","?","$","?","M","R","E","?","T","E","M","R","?","E","R","BOSS","M","?","$","M","?","R","E","R","T","E","R","E","M","?","R","BOSS","M","$","M","?","M","E"],"build_version":"2018-11-06","purchased_purges":2,"victory":false,"max_hp_per_floor":[80,80,80,80,80,80,80,80,80,80,80,80,80,80,80,80,80,80,80,80,80,80,80,80,80,80,80,80,80,80,80,80,80,80,80,80,80,80,80,80],"card_choices":[{"not_picked":["Iron Wave","Disarm"],"picked":"Twin Strike","floor":1},{"not_picked":["Body Slam","Iron Wave"],"picked":"Flex","floor":4},{"not_picked":["Shrug It Off","Clothesline"],"picked":"Demon Form","floor":5},{"not_picked":["Cleave","Warcry"],"picked":"Sword Boomerang","floor":7},{"not_picked":["Rampage","Disarm"],"picked":"Cleave","floor":10},{"not_picked":["Thunderclap","Wild Strike"],"picked":"Twin Strike","floor":11},{"not_picked":["Power Through","Anger"],"picked":"Sword Boomerang","floor":13},{"not_picked":["Blood for Blood","Corruption"],"picked":"Inflame","floor":14},{"not_picked":["Juggernaut","Reaper"],"picked":"Double Tap","floor":16},{"not_picked":["Perfected Strike","Body Slam"],"picked":"Whirlwind","floor":18},{"not_picked":["Shockwave","True Grit"],"picked":"Heavy Blade","floor":21},{"not_picked":["True Grit","Bludgeon"],"picked":"Flame Barrier","floor":24},{"not_picked":["Power Through+1","Rage"],"picked":"Thunderclap+1","floor":27},{"not_picked":["Sever Soul","Searing Blow"],"picked":"Power Through+1","floor":29},{"not_picked":["Feel No Pain+1","Dual Wield"],"picked":"Heavy Blade","floor":30},{"not_picked":["Perfected Strike+1","True Grit"],"picked":"Flex","floor":32},{"not_picked":["Immolate","Fiend Fire"],"picked":"Demon Form","floor":33},{"not_picked":["Perfected Strike+1","Second Wind"],"picked":"Headbutt+1","floor":35},{"not_picked":["Ghostly Armor+1","Headbutt+1"],"picked":"Havoc+1","floor":37},{"not_picked":["Entrench+1","Clothesline"],"picked":"Sword Boomerang","floor":38},{"not_picked":["Shockwave","Brutality"],"picked":"Thunderclap","floor":39}],"player_experience":276690,"relics_obtained":[{"floor":7,"key":"Whetstone"},{"floor":9,"key":"Smiling Mask"},{"floor":10,"key":"Regal Pillow"},{"floor":13,"key":"Orichalcum"},{"floor":14,"key":"Boot"},{"floor":17,"key":"Vajra"},{"floor":17,"key":"Mummified Hand"},{"floor":17,"key":"Incense Burner"},{"floor":22,"key":"Blood Vial"},{"floor":24,"key":"Matryoshka"},{"floor":26,"key":"Omamori"},{"floor":26,"key":"Dream Catcher"},{"floor":27,"key":"Ancient Tea Set"},{"floor":29,"key":"Old Coin"}],"event_choices":[{"damage_healed":0,"gold_gain":0,"player_choice":"Bought 0 Potions","damage_taken":0,"max_hp_gain":0,"max_hp_loss":0,"event_name":"The Woman in Blue","floor":2,"gold_loss":0},{"damage_healed":0,"gold_gain":0,"player_choice":"Box","damage_taken":0,"relics_obtained":["Meat on the Bone"],"max_hp_gain":0,"max_hp_loss":0,"event_name":"Big Fish","floor":8,"gold_loss":0,"cards_obtained":["Regret"]},{"damage_healed":0,"gold_gain":0,"player_choice":"Searched \u00272\u0027 times","damage_taken":0,"max_hp_gain":0,"max_hp_loss":0,"event_name":"Dead Adventurer","floor":13,"gold_loss":0},{"damage_healed":0,"gold_gain":0,"player_choice":"Opened","damage_taken":0,"relics_obtained":["Art of War"],"max_hp_gain":0,"max_hp_loss":0,"event_name":"The Mausoleum","floor":19,"gold_loss":0,"cards_obtained":["Writhe"]},{"damage_healed":0,"gold_gain":0,"player_choice":"Cursed","damage_taken":0,"max_hp_gain":0,"max_hp_loss":0,"event_name":"Wheel of Change","floor":31,"gold_loss":0,"cards_obtained":["Decay"]}],"is_beta":true,"boss_relics":[{"not_picked":["Busted Crown","White Beast Statue"],"picked":"Calling Bell"},{"not_picked":["Coffee Dripper","Lizard Tail"],"picked":"Astrolabe"}],"items_purged_floors":[20,36],"is_endless":false,"potions_floor_spawned":[4,10,13,18,24,35,38,39],"killed_by":"Nemesis","ascension_level":5}