{"gold_per_floor":[113,113,133,133,149,149,224,224,251,281,281,281,296,330,330,405,405,424,443,443,443,455,487,498,498,498,512,541,541,567,567,567,644,694,711,727,745,845,864,898,898,923,976,994,994,1010,1024,1037,1037,1037,1037,1037,12,40,40],"floor_reached":55,"playtime":3112,"items_purged":["Writhe"],"score":1423,"play_id":"7de87bef-3180-4bb9-b4c4-dae1c4e85a47","local_time":"20190122044011","is_ascension_mode":true,"campfire_choices":[{"data":"Perfected Strike","floor":6.0,"key":"SMITH"},{"data":"Perfected Strike","floor":8.0,"key":"SMITH"},{"floor":12.0,"key":"REST"},{"floor":15.0,"key":"REST"},{"floor":25.0,"key":"REST"},{"floor":29.0,"key":"RECALL"},{"floor":32.0,"key":"REST"},{"floor":41.0,"key":"REST"},{"floor":45.0,"key":"REST"},{"floor":49.0,"key":"REST"},{"floor":52.0,"key":"REST"}],"neow_cost":"NONE","seed_source_timestamp":0,"circlet_count":0,"master_deck":["AscendersBane","Strike_R","Strike_R","Strike_R","Strike_R","Strike_R","Defend_R","Defend_R","Defend_R","Defend_R","Perfected Strike+1","Wild Strike","Perfected Strike+1","Twin Strike+1","Decay","Disarm","Anger","Reaper","Pommel Strike","Rage","Battle Trance","Flame Barrier","Necronomicurse","Intimidate","Pummel","Pommel Strike","Wild Strike","Wild Strike+1","Rage","Second Wind","Sever Soul","Second Wind","Feel No Pain","Bludgeon","Evolve","Warcry+1","Wild Strike","Twin Strike","Inflame","Impervious","Perfected Strike+1","Twin Strike","Twin Strike+1","Wild Strike","Wild Strike","Armaments+1","Perfected Strike+1","Pommel Strike","Evolve","Mayhem"],"special_seed":0,"relics":["Burning Blood","Magic Flower","Regal Pillow","Boot","Prayer Wheel","Fusion Hammer","Necronomicon","Ancient Tea Set","Kunai","Self Forming Clay","Red Skull","Shuriken","Tiny House","Lantern","Vajra","Pear","Anchor","Frozen Eye","Ornamental Fan"],"potions_floor_usage":[55,55],"damage_taken":[{"damage":8.0,"enemies":"2 Louse","floor":1.0,"turns":3.0},{"damage":1.0,"enemies":"Cultist","floor":3.0,"turns":3.0},{"damage":2.0,"enemies":"Jaw Worm","floor":5.0,"turns":3.0},{"damage":25.0,"enemies":"Lagavulin","floor":10.0,"turns":5.0},{"damage":20.0,"enemies":"Lots of Slimes","floor":13.0,"turns":4.0},{"damage":27.0,"enemies":"3 Sentries","floor":14.0,"turns":5.0},{"damage":53.0,"enemies":"The Guardian","floor":16.0,"turns":8.0},{"damage":14.0,"enemies":"2 Thieves","floor":18.0,"turns":3.0},{"damage":5.0,"enemies":"Shell Parasite","floor":19.0,"turns":3.0},{"damage":0.0,"enemies":"Cultist and Chosen","floor":22.0,"turns":4.0},{"damage":111.0,"enemies":"Gremlin Leader","floor":23.0,"turns":8.0},{"damage":2.0,"enemies":"Shelled Parasite and Fungi","floor":24.0,"turns":3.0},{"damage":3.0,"enemies":"Centurion and Healer","floor":27.0,"turns":3.0},{"damage":12.0,"enemies":"Slavers","floor":28.0,"turns":4.0},{"damage":15.0,"enemies":"Gremlin Leader","floor":30.0,"turns":6.0},{"damage":67.0,"enemies":"Collector","floor":33.0,"turns":8.0},{"damage":0.0,"enemies":"Orb Walker","floor":35.0,"turns":1.0},{"damage":26.0,"enemies":"3 Darklings","floor":36.0,"turns":5.0},{"damage":23.0,"enemies":"Jaw Worm Horde","floor":37.0,"turns":5.0},{"damage":10.0,"enemies":"Sphere and 2 Shapes","floor":39.0,"turns":6.0},{"damage":98.0,"enemies":"Nemesis","floor":40.0,"turns":7.0},{"damage":74.0,"enemies":"Giant Head","floor":42.0,"turns":7.0},{"damage":3.0,"enemies":"Maw","floor":44.0,"turns":4.0},{"damage":13.0,"enemies":"3 Darklings","floor":46.0,"turns":4.0},{"damage":8.0,"enemies":"Jaw Worm Horde","floor":47.0,"turns":3.0},{"damage":15.0,"enemies":"Sphere and 2 Shapes","floor":48.0,"turns":3.0},{"damage":84.0,"enemies":"Time Eater","floor":50.0,"turns":9.0},{"damage":8.0,"enemies":"Shield and Spear","floor":54.0,"turns":3.0},{"damage":100,"enemies":"The Heart","floor":55,"turns":6}],"seed_played":"5342202897266319248","potions_obtained":[{"floor":3.0,"key":"Poison Potion"},{"floor":5.0,"key":"GamblersBrew"},{"floor":14.0,"key":"AttackPotion"},{"floor":16.0,"key":"Dexterity Potion"},{"floor":18.0,"key":"Energy Potion"},{"floor":19.0,"key":"Regen Potion"},{"floor":22.0,"key":"Regen Potion"},{"floor":30.0,"key":"FearPotion"},{"floor":33.0,"key":"SneckoOil"},{"floor":34.0,"key":"BloodPotion"},{"floor":35.0,"key":"Ancient Potion"},{"floor":42.0,"key":"Strength Potion"},{"floor":46.0,"key":"Block Potion"}],"is_trial":false,"path_per_floor":["?","M","?","M","?","?","M","?","?","M","?","?","M"],"character_chosen":"IRONCLAD","items_purchased":["Pear","Anchor","Frozen Eye","Evolve","Mayhem","Dexterity Potion","EssenceOfSteel"],"campfire_rested":8,"item_purchase_floors":[53,53,53,53,53,53,53],"current_hp_per_floor":[73,73,78,78,82,82,71,71,71,55,55,82,71,53,82,38,71,74,78,62,62,71,37,72,82,82,82,79,79,76,76,82,40,77,86,69,55,55,84,18,59,14,14,20,61,87,87,81,87,38,75,87,97,97,0],"gold":40,"neow_bonus":"TEN_PERCENT_HP_BONUS","is_prod":false,"is_daily":false,"chose_seed":false,"campfire_upgraded":2,"win_rate":0,"timestamp":1548124811,"path_taken":["M","?","?","?","?","R","?","R","T","E","?","R","M","E","R","BOSS","M","?","?","?","?","E","M","R","T","M","E","R","E","?","R","BOSS","M","M","M","?","M","E","R","E","T","M","R","M","M","?","R","BOSS","R","$","E","BOSS"],"build_version":"2019-01-20","purchased_purges":1,"victory":false,"max_hp_per_floor":[82,82,82,82,82,82,82,82,82,82,82,82,82,82,82,82,82,82,82,82,82,82,82,82,82,82,82,82,82,82,82,82,82,87,87,87,87,87,87,87,87,87,87,87,87,87,87,87,87,87,87,87,97,97,97],"card_choices":[{"not_picked":["Cleave","Flame Barrier"],"picked":"Perfected Strike","floor":1.0},{"not_picked":["Warcry","Spot Weakness"],"picked":"Wild Strike","floor":3.0},{"not_picked":["Armaments","Havoc"],"picked":"Perfected Strike","floor":5.0},{"not_picked":["Blood for Blood","Anger"],"picked":"Twin Strike","floor":10.0},{"not_picked":["Anger","Fire Breathing"],"picked":"Disarm","floor":13.0},{"not_picked":["True Grit","Flex"],"picked":"Anger","floor":14.0},{"not_picked":["Offering","Limit Break"],"picked":"Reaper","floor":16.0},{"not_picked":["Sword Boomerang","Armaments"],"picked":"Pommel Strike","floor":18.0},{"not_picked":["Rampage","Infernal Blade"],"picked":"Rage","floor":18.0},{"not_picked":["Thunderclap+1","Anger"],"picked":"Battle Trance","floor":19.0},{"not_picked":["Shrug It Off","Clothesline"],"picked":"Flame Barrier","floor":19.0},{"not_picked":["Fire Breathing","Spot Weakness"],"picked":"Pummel","floor":22.0},{"not_picked":["Flame Barrier","Twin Strike"],"picked":"Pommel Strike","floor":22.0},{"not_picked":["Berserk","Heavy Blade"],"picked":"Wild Strike","floor":23.0},{"not_picked":["Headbutt","Clash"],"picked":"Wild Strike+1","floor":24.0},{"not_picked":["Hemokinesis","Disarm"],"picked":"Rage","floor":24.0},{"not_picked":["Headbutt","Intimidate"],"picked":"Second Wind","floor":27.0},{"not_picked":["Rampage","Iron Wave"],"picked":"Sever Soul","floor":27.0},{"not_picked":["Clash","Brutality"],"picked":"Second Wind","floor":28.0},{"not_picked":["True Grit","Entrench"],"picked":"Feel No Pain","floor":30.0},{"not_picked":["Immolate","Demon Form"],"picked":"Bludgeon","floor":33.0},{"not_picked":["Infernal Blade","Heavy Blade"],"picked":"Evolve","floor":34.0},{"not_picked":["Ghostly Armor","Thunderclap"],"picked":"Warcry+1","floor":35.0},{"not_picked":["Body Slam","Entrench","Heavy Blade+1"],"picked":"SKIP","floor":35.0},{"not_picked":["Thunderclap","Flex"],"picked":"Wild Strike","floor":36.0},{"not_picked":["Infernal Blade","Berserk"],"picked":"Twin Strike","floor":36.0},{"not_picked":["Burning Pact","Havoc","Heavy Blade"],"picked":"SKIP","floor":37.0},{"not_picked":["Fire Breathing","Heavy Blade","Thunderclap"],"picked":"SKIP","floor":37.0},{"not_picked":["Anger","Burning Pact"],"picked":"Inflame","floor":39.0},{"not_picked":["Rampage+1","Shrug It Off","Headbutt"],"picked":"SKIP","floor":39.0},{"not_picked":["Fire Breathing+1","Armaments"],"picked":"Impervious","floor":40.0},{"not_picked":["Sword Boomerang+1","Entrench"],"picked":"Perfected Strike+1","floor":42.0},{"not_picked":["Flex","Rupture"],"picked":"Twin Strike","floor":44.0},{"not_picked":["Carnage+1","Shrug It Off"],"picked":"Twin Strike+1","floor":44.0},{"not_picked":["Armaments","Sword Boomerang"],"picked":"Wild Strike","floor":46.0},{"not_picked":["Searing Blow+1","Reckless Charge+1"],"picked":"Wild Strike","floor":46.0},{"not_picked":["Metallicize","Flex"],"picked":"Armaments+1","floor":47.0},{"not_picked":["Clash","Armaments+1"],"picked":"Perfected Strike+1","floor":47.0},{"not_picked":["Barricade","Wild Strike"],"picked":"Pommel Strike","floor":48.0},{"not_picked":["Disarm","Evolve","Metallicize"],"picked":"SKIP","floor":48.0},{"not_picked":["True Grit","Heavy Blade","Feed"],"picked":"SKIP","floor":54.0}],"player_experience":391036,"relics_obtained":[{"floor":9.0,"key":"Regal Pillow"},{"floor":10.0,"key":"Boot"},{"floor":14.0,"key":"Prayer Wheel"},{"floor":20.0,"key":"Necronomicon"},{"floor":23.0,"key":"Ancient Tea Set"},{"floor":26.0,"key":"Kunai"},{"floor":28.0,"key":"Self Forming Clay"},{"floor":30.0,"key":"Red Skull"},{"floor":40.0,"key":"Lantern"},{"floor":42.0,"key":"Vajra"},{"floor":54.0,"key":"Ornamental Fan"}],"event_choices":[{"cards_removed":["Bash"],"damage_healed":0.0,"max_hp_gain":0.0,"max_hp_loss":0.0,"gold_gain":0.0,"event_name":"Bonfire Elementals","player_choice":"Offered Basic","floor":2.0,"gold_loss":0.0,"damage_taken":0.0},{"damage_healed":0.0,"max_hp_gain":0.0,"max_hp_loss":0.0,"gold_gain":0.0,"event_name":"WeMeetAgain","player_choice":"Gave Potion","floor":4.0,"gold_loss":0.0,"damage_taken":0.0,"relics_obtained":["Magic Flower"]},{"damage_healed":0.0,"max_hp_gain":0.0,"max_hp_loss":0.0,"gold_gain":75.0,"event_name":"World of Goop","player_choice":"Gather Gold","floor":7.0,"gold_loss":0.0,"damage_taken":11.0},{"damage_healed":0.0,"max_hp_gain":0.0,"max_hp_loss":0.0,"gold_gain":0.0,"event_name":"Wheel of Change","player_choice":"Cursed","floor":11.0,"gold_loss":0.0,"damage_taken":0.0,"cards_obtained":["Decay"]},{"damage_healed":0.0,"max_hp_gain":0.0,"max_hp_loss":0.0,"gold_gain":0.0,"event_name":"Cursed Tome","player_choice":"Obtained Book","floor":20.0,"gold_loss":0.0,"damage_taken":16.0},{"damage_healed":0.0,"max_hp_gain":0.0,"max_hp_loss":0.0,"gold_gain":0.0,"event_name":"Match and Keep!","player_choice":"1 cards matched","floor":21.0,"gold_loss":0.0,"damage_taken":0.0,"cards_obtained":["Intimidate"]},{"damage_healed":0.0,"max_hp_gain":0.0,"max_hp_loss":0.0,"gold_gain":0.0,"event_name":"The Mausoleum","player_choice":"Opened","floor":31.0,"gold_loss":0.0,"damage_taken":0.0,"relics_obtained":["Shuriken"],"cards_obtained":["Writhe"]},{"damage_healed":0.0,"max_hp_gain":0.0,"max_hp_loss":0.0,"gold_gain":100.0,"event_name":"Golden Shrine","player_choice":"Pray","floor":38.0,"gold_loss":0.0,"damage_taken":0.0}],"is_beta":true,"boss_relics":[{"not_picked":["Mark of Pain","Philosopher\u0027s Stone"],"picked":"Fusion Hammer"},{"not_picked":["Calling Bell","Sozu"],"picked":"Tiny House"}],"items_purged_floors":[53],"is_endless":false,"potions_floor_spawned":[3,5,14,16,18,19,22,30,33,35,37,42,46],"killed_by":"The Heart","ascension_level":14}