{"path_per_floor":["M","?","M","M","?","E","R","M","T","E","M","?","$","M","R","B",null,"M","M","?","M","M","E","R","E","T","E","$","M","E","$","R","B",null,"M","M","M","?","M","R","E","$","T","E","R","$","R","?","R"],"character_chosen":"DEFECT","items_purchased":["Mango","Bag of Marbles","Ball Lightning","Molten Egg 2","Blizzard","War Paint","Rainbow"],"gold_per_floor":[11,11,29,45,220,552,552,565,641,674,689,747,192,206,206,305,305,318,331,331,351,363,391,391,417,417,451,201,213,242,192,192,295,295,308,323,333,333,353,353,379,302,328,359,359,87,87,387,387,387],"floor_reached":50,"campfire_rested":5,"playtime":3856,"current_hp_per_floor":[75,75,73,66,66,53,53,36,36,36,36,25,39,36,36,9,89,89,89,89,78,73,58,84,65,65,61,61,63,47,47,75,64,96,96,86,69,59,51,79,63,63,63,46,74,74,74,74,96,0],"items_purged":["Doubt","Writhe","Clumsy"],"gold":387,"score":721,"play_id":"2cfcb691-df33-4a12-866b-f258aee0f7d9","local_time":"20180503000733","is_prod":false,"is_daily":false,"chose_seed":false,"is_ascension_mode":true,"campfire_upgraded":3,"timestamp":1525295253,"path_taken":["M","?","M","?","?","E","R","M","T","E","M","?","$","M","R","BOSS","M","M","?","?","M","E","R","E","T","E","?","M","E","$","R","BOSS","M","M","?","?","?","R","E","$","T","E","R","?","R","?","R","BOSS"],"build_version":"2018-05-01v2","seed_source_timestamp":110732057958750,"purchased_purges":3,"victory":false,"master_deck":["Strike_B","Strike_B","Strike_B","Strike_B","Defend_B+1","Zap+1","Rainbow+1","Coolheaded","Doom and Gloom","Cold Snap","Buffer+1","Ball Lightning","Flux Capacitor","FTL","Ball Lightning","Coolheaded","Reboot","Axe Kick+1","Tempest+1","Coolheaded+1","Buffer","Defragment+1","Loop+1","Sweeping Beam+1","Go for the Eyes+1","Fission","Chaos+1","Glacier+1","Genetic Algorithm+1","Impulse+1","Chaos+1","Blaster+1","Finesse","Flash of Steel+1","Master of Strategy","Cold Snap+1","Blizzard+1","Leap+1","Rainbow+1"],"max_hp_per_floor":[75,75,75,75,75,75,75,75,75,75,75,75,89,89,89,89,89,89,89,89,89,89,89,89,89,89,89,89,89,96,96,96,96,96,96,96,96,96,96,96,96,96,96,96,96,96,96,96,96,96],"relics":["Cracked Core","Old Coin","Smiling Mask","Anchor","Bird Faced Urn","Mango","Bag of Marbles","Cursed Key","Mercury Hourglass","Frozen Egg 2","Vajra","Toolbox","Molten Egg 2","Strawberry","Astrolabe","Ginger","Art of War","Omamori","War Paint"],"card_choices":[{"not_picked":["Creative AI","Seek"],"picked":"Rainbow","floor":0},{"not_picked":["Streamline","Stack"],"picked":"Coolheaded","floor":1},{"not_picked":["Streamline","Auto Shields"],"picked":"Doom and Gloom","floor":3},{"not_picked":["Leap","Beam Cell"],"picked":"Cold Snap","floor":4},{"not_picked":["Hello World","Redo"],"picked":"Buffer","floor":6},{"not_picked":["Stack","Beam Cell"],"picked":"Ball Lightning","floor":8},{"not_picked":["Capacitor","Loop"],"picked":"Flux Capacitor","floor":10},{"not_picked":["Aggregate","Gash"],"picked":"FTL","floor":11},{"not_picked":["Glacier","Beam Cell"],"picked":"Coolheaded","floor":14},{"not_picked":["Biased Cognition","Redo"],"picked":"Reboot","floor":16},{"not_picked":["FTL","Sweeping Beam"],"picked":"Axe Kick","floor":18},{"not_picked":["Darkness","Impulse"],"picked":"Tempest","floor":21},{"not_picked":["Hologram","Force Field"],"picked":"Coolheaded","floor":22},{"not_picked":["Leap","Hologram"],"picked":"Buffer","floor":23},{"not_picked":["Sweeping Beam","Stack"],"picked":"Defragment","floor":25},{"not_picked":["Rip and Tear","Genetic Algorithm"],"picked":"Loop","floor":27},{"not_picked":["Leap","Amplify"],"picked":"Sweeping Beam","floor":29},{"not_picked":["Skim","Fusion"],"picked":"Go for the Eyes","floor":30},{"not_picked":["Thunder Strike","Redo"],"picked":"Fission","floor":33},{"not_picked":["Leap","Beam Cell"],"picked":"Impulse","floor":35},{"not_picked":["Rip and Tear","Leap"],"picked":"Chaos","floor":36},{"not_picked":["Leap","Impulse"],"picked":"Blaster","floor":37},{"not_picked":["Transmutation","Deep Breath"],"picked":"Finesse","floor":38},{"not_picked":["Mind Blast","Deep Breath"],"picked":"Flash of Steel","floor":38},{"not_picked":["Mind Blast","Panacea"],"picked":"Master of Strategy","floor":38},{"not_picked":["Coolheaded","Hello World"],"picked":"Cold Snap","floor":41},{"not_picked":["Conserve Battery","Beam Cell"],"picked":"Leap","floor":44}],"player_experience":198978,"potions_floor_usage":[12,16,16,16,23,33,41,50,50],"damage_taken":[{"damage":0,"enemies":"Small Slimes","floor":1,"turns":2},{"damage":2,"enemies":"Cultist","floor":3,"turns":4},{"damage":7,"enemies":"Jaw Worm","floor":4,"turns":3},{"damage":13,"enemies":"3 Sentries","floor":6,"turns":5},{"damage":17,"enemies":"Lots of Slimes","floor":8,"turns":4},{"damage":0,"enemies":"Lagavulin","floor":10,"turns":5},{"damage":0,"enemies":"Large Slime","floor":11,"turns":6},{"damage":11,"enemies":"3 Sentries","floor":12,"turns":5},{"damage":3,"enemies":"Blue Slaver","floor":14,"turns":3},{"damage":29,"enemies":"The Guardian","floor":16,"turns":11},{"damage":0,"enemies":"Chosen","floor":18,"turns":4},{"damage":0,"enemies":"Shell Parasite","floor":19,"turns":3},{"damage":13,"enemies":"Centurion and Healer","floor":21,"turns":5},{"damage":7,"enemies":"Snake Plant","floor":22,"turns":3},{"damage":15,"enemies":"Gremlin Leader","floor":23,"turns":6},{"damage":23,"enemies":"Book of Stabbing","floor":25,"turns":5},{"damage":6,"enemies":"Gremlin Leader","floor":27,"turns":5},{"damage":4,"enemies":"Chosen and Byrds","floor":29,"turns":4},{"damage":31,"enemies":"Book of Stabbing","floor":30,"turns":5},{"damage":19,"enemies":"Champ","floor":33,"turns":9},{"damage":0,"enemies":"Orb Walker","floor":35,"turns":3},{"damage":10,"enemies":"3 Darklings","floor":36,"turns":2},{"damage":21,"enemies":"Spire Growth","floor":37,"turns":5},{"damage":14,"enemies":"4 Shapes","floor":39,"turns":5},{"damage":24,"enemies":"Giant Head","floor":41,"turns":11},{"damage":17,"enemies":"2 Orb Walkers","floor":44,"turns":4},{"damage":102,"enemies":"Donu and Deca","floor":50,"turns":7}],"event_choices":[{"event_name":"Bonfire Elementals","player_choice":"BASIC","floor":2,"damage_taken":0},{"event_name":"Liars Game","player_choice":"agreed","floor":5,"damage_taken":0},{"event_name":"Dead Adventurer","player_choice":"Searched \u00271\u0027 times","floor":12,"damage_taken":0},{"event_name":"Drug Dealer","player_choice":"Ignored","floor":20,"damage_taken":0},{"event_name":"SensoryStone","player_choice":"Memory 3","floor":38,"damage_taken":0},{"event_name":"Wheel of Change","player_choice":"Gold","floor":48,"damage_taken":0}],"boss_relics":[{"not_picked":["Inserter","Runic Dome"],"picked":"Cursed Key"},{"not_picked":["Runic Pyramid","Orrery"],"picked":"Astrolabe"}],"potions_floor_spawned":[8,10,12,14,16,22,25,27,33,39,41],"seed_played":"-8147722816785299227","killed_by":"Donu and Deca","ascension_level":1,"is_trial":false}