{"gold_per_floor":[109,109,179,17,27,27,52,52,52,70,103,103,121,153,153,257,257,276,322,339,339,357,388,438,438,486,501,501],"floor_reached":28,"playtime":1236,"items_purged":[],"score":269,"play_id":"74aab09e-0c39-4795-a98f-59d37e5eeefb","local_time":"20190525001413","is_ascension_mode":true,"campfire_choices":[{"data":"Armaments","floor":6,"key":"SMITH"},{"data":"Demon Form","floor":8,"key":"SMITH"},{"floor":12,"key":"REST"},{"data":"Corruption","floor":15,"key":"SMITH"}],"neow_cost":"NONE","seed_source_timestamp":2729901630500,"circlet_count":0,"master_deck":["Strike_R","Strike_R","Strike_R","Strike_R","Strike_R","Defend_R","Defend_R","Defend_R","Defend_R","Bash","Twin Strike","Armaments+1","Corruption+1","Demon Form+1","Warcry+1","Evolve","Shrug It Off+1","Immolate+1","Reaper+1","Infernal Blade+1","True Grit+1","RitualDagger+1","Seeing Red+1","Sentinel+1","Havoc+1"],"relics":["Burning Blood","The Courier","ClockworkSouvenir","Toxic Egg 2","Mummified Hand","Molten Egg 2","Paper Frog","Sozu","Lantern","Strawberry","Juzu Bracelet","Orichalcum","Regal Pillow"],"potions_floor_usage":[14,16,22],"damage_taken":[{"damage":8,"enemies":"Jaw Worm","floor":1,"turns":3},{"damage":5,"enemies":"Cultist","floor":5,"turns":4},{"damage":35,"enemies":"Lagavulin","floor":7,"turns":9},{"damage":8,"enemies":"Small Slimes","floor":10,"turns":4},{"damage":13,"enemies":"3 Sentries","floor":11,"turns":7},{"damage":5,"enemies":"Looter","floor":13,"turns":4},{"damage":6,"enemies":"Gremlin Nob","floor":14,"turns":3},{"damage":26,"enemies":"Hexaghost","floor":16,"turns":6},{"damage":28,"enemies":"3 Byrds","floor":18,"turns":6},{"damage":0,"enemies":"Chosen","floor":20,"turns":3},{"damage":21,"enemies":"Sentry and Sphere","floor":22,"turns":5},{"damage":34,"enemies":"Book of Stabbing","floor":23,"turns":5},{"damage":33,"enemies":"Snake Plant","floor":27,"turns":5},{"damage":18,"enemies":"Slavers","floor":28,"turns":1}],"seed_played":"-4811563513098505465","potions_obtained":[{"floor":7,"key":"GamblersBrew"},{"floor":13,"key":"Fire Potion"},{"floor":14,"key":"Ancient Potion"}],"is_trial":false,"path_per_floor":["M","?","T","$","M","R","E","R","T","M","E","R","M","E","R","B",null,"M","T","M","?","M","E","T","?","T","M","E"],"character_chosen":"IRONCLAD","items_purchased":["ClockworkSouvenir"],"campfire_rested":1,"item_purchase_floors":[4],"current_hp_per_floor":[78,78,78,78,79,79,50,50,50,48,41,65,66,66,66,46,80,58,58,72,66,57,41,41,41,41,14,0],"gold":501,"neow_bonus":"THREE_CARDS","is_prod":false,"is_daily":false,"chose_seed":false,"campfire_upgraded":3,"win_rate":0,"timestamp":1558736053,"path_taken":["M","?","?","$","M","R","E","R","T","M","E","R","?","E","R","BOSS","M","?","M","?","M","E","?","?","T","M","E"],"build_version":"2019-01-23","purchased_purges":0,"victory":false,"max_hp_per_floor":[80,80,80,80,80,80,80,80,80,80,80,80,80,80,80,80,80,80,80,80,80,80,87,87,87,87,87,87],"card_choices":[{"not_picked":["Iron Wave","True Grit"],"picked":"Twin Strike","floor":0},{"not_picked":["Body Slam","Pommel Strike"],"picked":"Armaments","floor":1},{"not_picked":["Flame Barrier","Fire Breathing"],"picked":"Corruption","floor":5},{"not_picked":["Body Slam","Pummel"],"picked":"Demon Form","floor":7},{"not_picked":["Carnage","Body Slam"],"picked":"Warcry+1","floor":10},{"not_picked":["Rampage","Body Slam"],"picked":"Evolve","floor":11},{"not_picked":["Metallicize","Heavy Blade+1"],"picked":"Shrug It Off+1","floor":13},{"not_picked":["Cleave+1","Perfected Strike+1"],"picked":"Immolate+1","floor":14},{"not_picked":["Immolate+1","Offering+1"],"picked":"Reaper+1","floor":16},{"not_picked":["Clothesline+1","Twin Strike+1"],"picked":"Infernal Blade+1","floor":18},{"not_picked":["Flex+1","Bloodletting+1"],"picked":"True Grit+1","floor":20},{"not_picked":["True Grit+1","Iron Wave+1"],"picked":"Seeing Red+1","floor":22},{"not_picked":["Flex+1","Dropkick+1"],"picked":"Sentinel+1","floor":23},{"not_picked":["Entrench+1","Warcry+1"],"picked":"Havoc+1","floor":27}],"player_experience":338572,"relics_obtained":[{"floor":3,"key":"The Courier"},{"floor":7,"key":"Toxic Egg 2"},{"floor":9,"key":"Mummified Hand"},{"floor":11,"key":"Molten Egg 2"},{"floor":14,"key":"Paper Frog"},{"floor":19,"key":"Lantern"},{"floor":23,"key":"Strawberry"},{"floor":24,"key":"Juzu Bracelet"},{"floor":26,"key":"Regal Pillow"}],"event_choices":[{"damage_healed":0,"gold_gain":0,"player_choice":"Leave","damage_taken":0,"max_hp_gain":0,"max_hp_loss":0,"event_name":"The Cleric","floor":2,"gold_loss":0},{"damage_healed":0,"gold_gain":0,"player_choice":"Joined the Cult","damage_taken":6,"max_hp_gain":0,"max_hp_loss":0,"event_name":"Nest","floor":21,"gold_loss":0,"cards_obtained":["RitualDagger"]},{"damage_healed":0,"gold_gain":0,"player_choice":"Opened","damage_taken":0,"relics_obtained":["Orichalcum"],"max_hp_gain":0,"max_hp_loss":0,"event_name":"The Mausoleum","floor":25,"gold_loss":0}],"is_beta":false,"boss_relics":[{"not_picked":["Calling Bell","Fusion Hammer"],"picked":"Sozu"}],"items_purged_floors":[],"is_endless":false,"potions_floor_spawned":[7,13,14,18,22,27],"killed_by":"Slavers","ascension_level":1}