{"gold_per_floor":[118,43,61,61,23,23,54,54,81,109,109,144,157,174,174,174],"floor_reached":16,"playtime":1035,"items_purged":["Regret"],"score":176,"play_id":"2a108dc3-a679-47fd-b490-3c1f1106350e","local_time":"20190504152003","is_ascension_mode":true,"campfire_choices":[{"data":"Neutralize","floor":6,"key":"SMITH"},{"data":"Well Laid Plans","floor":8,"key":"SMITH"},{"floor":15,"key":"REST"}],"neow_cost":"CURSE","seed_source_timestamp":597418306952058,"circlet_count":0,"master_deck":["Defend_G","Defend_G","Defend_G","Defend_G","Defend_G","Strike_G","Strike_G","Strike_G","Strike_G","Strike_G","Survivor","Neutralize+1","Well Laid Plans+1","Dash","Blur","Cloak And Dagger","Backflip"],"relics":["Ring of the Snake","Pocketwatch","Mango","Lantern","Strawberry","Odd Mushroom","Juzu Bracelet"],"potions_floor_usage":[12,16],"damage_taken":[{"damage":1,"enemies":"2 Louse","floor":1,"turns":3},{"damage":0,"enemies":"Cultist","floor":3,"turns":4},{"damage":2,"enemies":"3 Sentries","floor":7,"turns":11},{"damage":12,"enemies":"The Mushroom Lair","floor":10,"turns":5},{"damage":17,"enemies":"Gremlin Nob","floor":12,"turns":5},{"damage":0,"enemies":"Jaw Worm","floor":13,"turns":4},{"damage":0,"enemies":"2 Fungi Beasts","floor":14,"turns":3},{"damage":79,"enemies":"Hexaghost","floor":16,"turns":18}],"seed_played":"311873808672308479","potions_obtained":[{"floor":11,"key":"SneckoOil"},{"floor":11,"key":"Explosive Potion"},{"floor":11,"key":"SmokeBomb"},{"floor":12,"key":"Ancient Potion"},{"floor":14,"key":"Regen Potion"}],"is_trial":false,"path_per_floor":["M","$","M","?","$","R","E","R","T","?","?","E","M","M","R","B"],"character_chosen":"THE_SILENT","items_purchased":["Dash"],"campfire_rested":1,"item_purchase_floors":[5],"current_hp_per_floor":[62,62,62,58,58,58,56,56,63,51,51,34,34,34,61,0],"gold":174,"neow_bonus":"ONE_RARE_RELIC","is_prod":false,"is_daily":false,"chose_seed":false,"campfire_upgraded":2,"win_rate":0,"timestamp":1557008403,"path_taken":["M","$","M","?","$","R","E","R","T","?","?","E","M","M","R","BOSS"],"build_version":"2019-01-23","purchased_purges":1,"victory":false,"max_hp_per_floor":[70,70,70,84,84,84,84,84,91,91,91,91,91,91,91,91],"card_choices":[{"not_picked":["Acrobatics","Quick Slash"],"picked":"Well Laid Plans","floor":1},{"not_picked":["Acrobatics","Prepared","Outmaneuver"],"picked":"SKIP","floor":3},{"not_picked":["Flying Knee","Heel Hook","Finisher"],"picked":"SKIP","floor":7},{"not_picked":["Flying Knee","Night Terror"],"picked":"Blur","floor":10},{"not_picked":["Prepared","Reflex"],"picked":"Cloak And Dagger","floor":12},{"not_picked":["Heel Hook","Deflect"],"picked":"Backflip","floor":13},{"not_picked":["Poisoned Stab","Dagger Throw","Deadly Poison"],"picked":"SKIP","floor":14}],"player_experience":322412,"relics_obtained":[{"floor":7,"key":"Lantern"},{"floor":9,"key":"Strawberry"},{"floor":10,"key":"Odd Mushroom"},{"floor":12,"key":"Juzu Bracelet"}],"event_choices":[{"damage_healed":0,"gold_gain":0,"player_choice":"Success","damage_taken":18,"relics_obtained":["Mango"],"max_hp_gain":0,"max_hp_loss":0,"event_name":"Scrap Ooze","floor":4,"gold_loss":0},{"damage_healed":0,"gold_gain":0,"player_choice":"Fought Mushrooms","damage_taken":0,"max_hp_gain":0,"max_hp_loss":0,"event_name":"Mushrooms","floor":10,"gold_loss":0},{"damage_healed":0,"gold_gain":0,"player_choice":"Got Potions","damage_taken":0,"max_hp_gain":0,"max_hp_loss":0,"event_name":"Lab","floor":11,"gold_loss":0}],"is_beta":false,"boss_relics":[],"items_purged_floors":[2],"is_endless":false,"potions_floor_spawned":[12,14],"killed_by":"Hexaghost","ascension_level":8}