{"gold_per_floor":[110,121,121,140,42,74,74,93,93,106,120,71,86,109,109,207,207,219,23,42,42,42,42,60,60,83,6,6,6,6],"floor_reached":30,"playtime":1553,"items_purged":[],"score":230,"play_id":"68fe5d1f-4a2b-412a-9662-3ad0d6dc345c","local_time":"20180708174621","is_ascension_mode":false,"campfire_choices":[{"data":"Flash of Steel","floor":7,"key":"SMITH"},{"data":"Disarm","floor":15,"key":"SMITH"},{"floor":23,"key":"REST"},{"data":"Spot Weakness","floor":25,"key":"SMITH"},{"data":"J.A.X.","floor":28,"key":"SMITH"}],"neow_cost":"","seed_source_timestamp":14225878212123,"circlet_count":0,"master_deck":["Strike_R","Strike_R","Strike_R","Strike_R","Strike_R","Defend_R","Defend_R","Defend_R","Defend_R","Bash","Corruption","Battle Trance","Iron Wave","Flash of Steel+1","Ghostly Armor","True Grit","Havoc","Twin Strike","Anger","Disarm+1","Impervious","Sword Boomerang","Spot Weakness+1","Anger","J.A.X.+1"],"relics":["Burning Blood","Bag of Marbles","Self Forming Clay","Odd Mushroom","Eternal Feather","Frozen Eye","GremlinMask","Ancient Tea Set"],"potions_floor_usage":[8,14,16,16,16,24],"damage_taken":[{"damage":0,"enemies":"Small Slimes","floor":1,"turns":3},{"damage":8,"enemies":"2 Louse","floor":2,"turns":2},{"damage":8,"enemies":"Jaw Worm","floor":4,"turns":4},{"damage":30,"enemies":"3 Sentries","floor":6,"turns":10},{"damage":6,"enemies":"Lots of Slimes","floor":8,"turns":4},{"damage":3,"enemies":"Looter","floor":10,"turns":3},{"damage":2,"enemies":"3 Louse","floor":11,"turns":4},{"damage":0,"enemies":"2 Fungi Beasts","floor":13,"turns":4},{"damage":8,"floor":14,"turns":4},{"damage":62,"enemies":"Slime Boss","floor":16,"turns":12},{"damage":31,"enemies":"Spheric Guardian","floor":18,"turns":6},{"damage":25,"enemies":"Shell Parasite","floor":20,"turns":8},{"damage":31,"enemies":"Centurion and Healer","floor":24,"turns":9},{"damage":92,"enemies":"Gremlin Leader","floor":30,"turns":6}],"seed_played":"-2335012121575680989","potions_obtained":[{"floor":4,"key":"Weak Potion"},{"floor":6,"key":"EssenceOfSteel"},{"floor":11,"key":"Strength Potion"},{"floor":13,"key":"SkillPotion"},{"floor":14,"key":"Block Potion"},{"floor":20,"key":"Block Potion"}],"is_trial":false,"path_per_floor":["M","M","?","M","$","E","R","M","T","M","M","$","M","?","R","B",null,"M","$","M","$","?","R","M","R","T","?","R","?"],"character_chosen":"IRONCLAD","items_purchased":["Flash of Steel","Anger","Frozen Eye"],"campfire_rested":1,"item_purchase_floors":[5,12,19],"current_hp_per_floor":[80,78,78,76,76,52,52,52,52,55,59,59,65,63,63,7,80,55,55,36,36,36,68,43,53,53,53,63,90,0],"gold":6,"neow_bonus":"","is_prod":false,"is_daily":false,"chose_seed":false,"campfire_upgraded":4,"win_rate":0,"timestamp":1531064781,"path_taken":["M","M","?","?","$","E","R","M","T","M","M","$","M","?","R","BOSS","M","$","M","$","?","R","M","R","T","?","R","?","E"],"build_version":"2018-07-05","purchased_purges":0,"victory":false,"max_hp_per_floor":[80,80,80,80,80,80,80,80,80,80,80,80,80,80,80,80,80,80,80,80,80,80,80,80,80,80,80,80,90,90],"card_choices":[{"not_picked":["Heavy Blade","Entrench"],"picked":"Corruption","floor":1},{"not_picked":["Armaments","Burning Pact"],"picked":"Battle Trance","floor":2},{"not_picked":["Body Slam","Flex"],"picked":"Iron Wave","floor":4},{"not_picked":["Dropkick","Evolve"],"picked":"Ghostly Armor","floor":6},{"not_picked":["Sword Boomerang","Feel No Pain"],"picked":"True Grit","floor":8},{"not_picked":["Clash","Rupture"],"picked":"Havoc","floor":10},{"not_picked":["Sentinel","Warcry"],"picked":"Twin Strike","floor":11},{"not_picked":["Body Slam","Carnage"],"picked":"Disarm","floor":13},{"not_picked":["Flex","True Grit"],"picked":"Juggernaut","floor":14},{"not_picked":["Reaper","Immolate"],"picked":"Impervious","floor":16},{"not_picked":["Hemokinesis","Heavy Blade"],"picked":"Sword Boomerang","floor":18},{"not_picked":["Sword Boomerang+1","Flame Barrier"],"picked":"Spot Weakness","floor":20},{"not_picked":["Bloodletting","Corruption"],"picked":"Anger","floor":24}],"player_experience":143051,"relics_obtained":[{"floor":6,"key":"Bag of Marbles"},{"floor":9,"key":"Self Forming Clay"},{"floor":14,"key":"Odd Mushroom"},{"floor":26,"key":"Ancient Tea Set"}],"event_choices":[{"event_name":"The Cleric","player_choice":"Leave","floor":3,"damage_taken":0},{"event_name":"Mushrooms","player_choice":"Fought Mushrooms","floor":14,"damage_taken":0},{"event_name":"FaceTrader","player_choice":"Trade","floor":22,"damage_taken":0},{"event_name":"Drug Dealer","player_choice":"Got JAXXED","floor":27,"damage_taken":0},{"event_name":"Bonfire Elementals","player_choice":"RARE","floor":29,"damage_taken":0}],"boss_relics":[{"not_picked":["Busted Crown","Philosopher\u0027s Stone"],"picked":"Eternal Feather"}],"items_purged_floors":[],"is_endless":false,"potions_floor_spawned":[4,6,11,13,14,20],"killed_by":"Gremlin Leader","ascension_level":0}