{"path_per_floor":["M","M","?","M","$","R","?","R","T","M","R","M","R","M","R","B",null,"M","M","?","$","?","M","R","M","T","$"],"character_chosen":"THE_SILENT","items_purchased":["Noxious Fumes","Bane","Panache","Poisoned Stab","Block Potion","Poison Potion"],"gold_per_floor":[110,122,122,141,23,23,23,23,74,93,93,106,106,119,119,215,215,227,239,239,11,11,21,21,32,110,6,6],"floor_reached":28,"campfire_rested":2,"playtime":2202,"item_purchase_floors":[5,5,21,21,27,27],"current_hp_per_floor":[68,67,49,47,47,68,68,68,75,72,72,67,67,67,67,27,77,72,43,27,27,27,15,38,6,6,6,0],"items_purged":[],"gold":6,"score":210,"play_id":"8df5d2ef-296a-4a49-bd58-2404ff162633","local_time":"20180608232450","is_prod":false,"is_daily":false,"chose_seed":false,"is_ascension_mode":false,"campfire_upgraded":4,"win_rate":0.0,"timestamp":1528493090,"campfire_choices":[{"floor":6,"key":"REST"},{"data":"All Out Attack","floor":8,"key":"SMITH"},{"data":"Noxious Fumes","floor":11,"key":"SMITH"},{"data":"Finisher","floor":13,"key":"SMITH"},{"data":"Noxious Fumes","floor":15,"key":"SMITH"},{"floor":24,"key":"REST"}],"path_taken":["M","M","?","M","$","R","?","R","T","?","R","?","R","M","R","BOSS","M","?","?","?","?","M","R","M","T","$","M"],"build_version":"2018-06-07v3","seed_source_timestamp":14893799180956,"purchased_purges":0,"victory":false,"master_deck":["Defend_G","Defend_G","Defend_G","Defend_G","Defend_G","Strike_G","Strike_G","Strike_G","Strike_G","Strike_G","Neutralize","Doppelganger","Outmaneuver","Backflip","Heel Hook","Noxious Fumes+1","Bane","All Out Attack+1","PiercingWail","Finisher+1","Noxious Fumes+1","Die Die Die","Poisoned Stab","Dagger Throw","Bouncing Flask","Backflip","PiercingWail","Venomology","Crippling Poison","Panache","Poisoned Stab","PiercingWail","After Image"],"max_hp_per_floor":[70,70,70,70,70,70,70,70,77,77,77,77,77,77,77,77,77,77,77,77,77,77,77,77,77,77,77,77],"relics":["Ring of the Snake","Bag of Preparation","Strawberry","Orrery","Enchiridion","Shuriken"],"card_choices":[{"not_picked":["Skewer","Finisher"],"picked":"Outmaneuver","floor":1},{"not_picked":["Backstab","Sucker Punch"],"picked":"Backflip","floor":2},{"not_picked":["Noxious Fumes","Prepared"],"picked":"Heel Hook","floor":4},{"not_picked":["Backflip","Acrobatics"],"picked":"PiercingWail","floor":10},{"not_picked":["Quick Slash","Acrobatics"],"picked":"Finisher","floor":12},{"not_picked":["Eviscerate","Blade Dance"],"picked":"Noxious Fumes","floor":14},{"not_picked":["Tools of the Trade","Burst"],"picked":"Die Die Die","floor":16},{"not_picked":["Deflect","Flying Knee"],"picked":"Poisoned Stab","floor":17},{"not_picked":["Predator","Outmaneuver"],"picked":"Dagger Throw","floor":17},{"not_picked":["Dagger Throw","Dodge and Roll"],"picked":"Bouncing Flask","floor":17},{"not_picked":["Prepared","Acrobatics"],"picked":"Backflip","floor":17},{"not_picked":["Accuracy","Outmaneuver"],"picked":"PiercingWail","floor":17},{"not_picked":["Backflip+1","Slice"],"picked":"Venomology","floor":18},{"not_picked":["Dagger Throw","Prepared"],"picked":"Crippling Poison","floor":19},{"not_picked":["Deflect","Endless Agony"],"picked":"PiercingWail","floor":23},{"not_picked":["PiercingWail","Deflect"],"picked":"After Image","floor":25}],"player_experience":82400,"potions_floor_usage":[16,19,19,19,23,23,25,25,28,28,28],"damage_taken":[{"damage":2,"enemies":"Jaw Worm","floor":1,"turns":4},{"damage":1,"enemies":"Cultist","floor":2,"turns":5},{"damage":2,"enemies":"2 Louse","floor":4,"turns":3},{"damage":3,"enemies":"Red Slaver","floor":10,"turns":5},{"damage":5,"enemies":"Looter","floor":12,"turns":3},{"damage":0,"enemies":"Gremlin Gang","floor":14,"turns":1},{"damage":40,"enemies":"The Guardian","floor":16,"turns":8},{"damage":5,"enemies":"Chosen","floor":18,"turns":4},{"damage":29,"enemies":"2 Thieves","floor":19,"turns":4},{"damage":21,"enemies":"Snake Plant","floor":23,"turns":3},{"damage":32,"enemies":"Cultist and Chosen","floor":25,"turns":7},{"damage":16,"enemies":"Snecko","floor":28,"turns":3}],"relics_obtained":[{"floor":9,"key":"Strawberry"},{"floor":20,"key":"Enchiridion"},{"floor":26,"key":"Shuriken"}],"event_choices":[{"event_name":"Scrap Ooze","player_choice":"success","floor":3,"damage_taken":18},{"event_name":"Transmorgrifier","player_choice":"Transform","floor":7,"damage_taken":0},{"event_name":"Cursed Tome","player_choice":"Obtained Book","floor":20,"damage_taken":0},{"event_name":"Addict","player_choice":"Ignored","floor":22,"damage_taken":0}],"boss_relics":[{"not_picked":["Busted Crown","Tiny House"],"picked":"Orrery"}],"items_purged_floors":[],"potions_floor_spawned":[1,12,16,18,19,25],"seed_played":"-4103603751553538272","killed_by":"Snecko","ascension_level":0,"potions_obtained":[{"floor":1,"key":"SpeedPotion"},{"floor":12,"key":"Explosive Potion"},{"floor":16,"key":"Weak Potion"},{"floor":18,"key":"Poison Potion"},{"floor":19,"key":"Fire Potion"},{"floor":25,"key":"Energy Potion"}],"is_trial":false}