{"path_per_floor":["M","M","M","?","M","E","M","R","T","R","M","M","M","$","R","B",null,"M","?","?","M","M","E","M","R","T","R","M","R","?","M","R"],"character_chosen":"THE_SILENT","items_purchased":["Deadly Poison","Well Laid Plans","Poison Potion"],"gold_per_floor":[119,131,145,95,111,141,151,151,151,151,161,176,189,9,9,106,106,119,44,44,63,74,101,120,120,201,201,214,214,214,233,233,233],"floor_reached":33,"campfire_rested":1,"playtime":2698,"current_hp_per_floor":[65,65,64,64,64,49,47,47,47,47,47,47,46,46,46,32,70,70,70,70,68,64,58,58,58,58,58,63,63,50,13,35,0],"items_purged":[],"gold":233,"score":273,"play_id":"07961307-3c48-412a-90c9-8dee34131450","local_time":"20180324210051","is_prod":false,"is_daily":false,"is_ascension_mode":false,"campfire_upgraded":6,"timestamp":1521950451,"path_taken":["M","M","M","?","M","E","M","R","T","R","M","M","M","$","R","BOSS","M","?","?","M","M","E","M","R","T","R","?","R","?","M","R","BOSS"],"build_version":"2018-03-22v2","purchased_purges":1,"victory":false,"master_deck":["Defend_G+1","Defend_G","Defend_G","Strike_G","Strike_G","Survivor","Neutralize+1","Backflip+1","Dagger Throw","Caltrops+1","Dagger Throw","Sucker Punch","Backflip+1","Catalyst","Malaise+1","Dagger Throw","Deadly Poison","Well Laid Plans","Glass Knife+1","PiercingWail+1","Venomology+1","All Out Attack+1","Reflex+1","Caltrops+1","Dodge and Roll","Caltrops+1","Bouncing Flask+1","Footwork","Die Die Die+1"],"max_hp_per_floor":[70,70,70,70,70,70,70,70,70,70,70,70,70,70,70,70,70,70,70,70,70,70,70,70,70,70,70,70,70,75,75,75,75],"relics":["Ring of the Snake","War Paint","Thread and Needle","Astrolabe","Darkstone Periapt","Molten Egg 2"],"card_choices":[{"not_picked":["Sucker Punch","Bane"],"picked":"Backflip","floor":1.0},{"not_picked":["Bane","Slice"],"picked":"Dagger Throw","floor":2.0},{"not_picked":["Tactician","Outmaneuver"],"picked":"Caltrops","floor":3.0},{"not_picked":["Eviscerate","Poisoned Stab"],"picked":"Dagger Throw","floor":5.0},{"not_picked":["Slice","Outmaneuver"],"picked":"Sucker Punch","floor":6.0},{"not_picked":["Slice","Outmaneuver"],"picked":"Backflip","floor":7.0},{"not_picked":["Prepared","Endless Agony"],"picked":"Catalyst","floor":11},{"not_picked":["PiercingWail","Deflect"],"picked":"Malaise","floor":12},{"not_picked":["Infinite Blades","Dodge and Roll"],"picked":"Dagger Throw","floor":13},{"not_picked":["Night Terror","Phantasmal Killer"],"picked":"Glass Knife","floor":16},{"not_picked":["Terror","Dodge and Roll"],"picked":"Reflex","floor":18},{"not_picked":["Poisoned Stab","Blade Dance"],"picked":"Caltrops","floor":21},{"not_picked":["Poisoned Stab","Blade Dance"],"picked":"Dodge and Roll","floor":22},{"not_picked":["Heel Hook","Dagger Throw"],"picked":"Caltrops","floor":23},{"not_picked":["Heel Hook","Deflect"],"picked":"Bouncing Flask","floor":24},{"not_picked":["Crippling Poison","Masterful Stab"],"picked":"Footwork","floor":28},{"not_picked":["Deflect","Sucker Punch"],"picked":"Die Die Die","floor":31}],"player_experience":37232,"potions_floor_usage":[12,16,18,21,22,22,23,23,23,24,28,28,31,33],"damage_taken":[{"damage":5.0,"enemies":"2 Louse","floor":1.0,"turns":5.0},{"damage":0.0,"enemies":"Small Slimes","floor":2.0,"turns":5.0},{"damage":1.0,"enemies":"Jaw Worm","floor":3.0,"turns":5.0},{"damage":0.0,"enemies":"3 Louse","floor":5.0,"turns":6.0},{"damage":15.0,"enemies":"3 Sentries","floor":6.0,"turns":8.0},{"damage":2.0,"enemies":"Large Slime","floor":7.0,"turns":7.0},{"damage":0.0,"enemies":"Gremlin Gang","floor":11.0,"turns":6.0},{"damage":0,"enemies":"Exordium Thugs","floor":12,"turns":5},{"damage":1,"enemies":"Looter","floor":13,"turns":4},{"damage":14,"enemies":"The Guardian","floor":16,"turns":9},{"damage":0,"enemies":"2 Thieves","floor":18,"turns":5},{"damage":2,"enemies":"Chosen","floor":21,"turns":4},{"damage":4,"enemies":"Snecko","floor":22,"turns":5},{"damage":6,"enemies":"Slavers","floor":23,"turns":7},{"damage":0,"enemies":"Centurion and Healer","floor":24,"turns":8},{"damage":10,"enemies":"Chosen and Byrds","floor":28,"turns":6},{"damage":43,"enemies":"Cultist and Chosen","floor":31,"turns":7},{"damage":46,"enemies":"Automaton","floor":33,"turns":6}],"event_choices":[{"event_name":"The Cleric","player_choice":"Card Removal","floor":4.0,"damage_taken":0.0},{"event_name":"Beggar","player_choice":"Gave Gold","floor":19,"damage_taken":0},{"event_name":"The Lab","player_choice":"Got Potions","floor":20,"damage_taken":0},{"event_name":"Forgotten Altar","player_choice":"Shed Blood","floor":30,"damage_taken":0}],"boss_relics":[{"not_picked":["Black Star","Runic Pyramid"],"picked":"Astrolabe"}],"potions_floor_spawned":[5,6,12,18,21,22],"seed_played":"2485963193483532576","killed_by":"Automaton","ascension_level":0,"is_trial":false}