{"gold_per_floor":[110,110,122,87,87,122,139,139],"floor_reached":8,"playtime":397,"items_purged":[],"score":109,"play_id":"bf73ceb8-d480-4b81-8041-0e6be431f940","local_time":"20190207200717","is_ascension_mode":true,"campfire_choices":[],"neow_cost":"NONE","seed_source_timestamp":1445979928279385,"circlet_count":0,"master_deck":["AscendersBane","Strike_R","Strike_R","Strike_R","Strike_R","Strike_R","Defend_R","Defend_R","Defend_R","Defend_R","Bash","Seeing Red","Havoc","Twin Strike"],"relics":["Burning Blood","Shovel"],"potions_floor_usage":[7],"damage_taken":[{"damage":7,"enemies":"Cultist","floor":1,"turns":4},{"damage":9,"enemies":"2 Louse","floor":3,"turns":4},{"damage":75,"enemies":"3 Sentries","floor":6,"turns":14},{"damage":7,"enemies":"Small Slimes","floor":7,"turns":3},{"damage":10,"enemies":"Gremlin Gang","floor":8,"turns":2}],"seed_played":"4095310223576194054","potions_obtained":[{"floor":6,"key":"Poison Potion"}],"is_trial":false,"path_per_floor":["M","?","M","?","?","E","M","M"],"character_chosen":"IRONCLAD","items_purchased":[],"campfire_rested":0,"item_purchase_floors":[],"current_hp_per_floor":[67,67,64,75,85,16,15,5],"gold":139,"neow_bonus":"ONE_RANDOM_RARE_CARD","is_prod":false,"is_daily":false,"chose_seed":false,"campfire_upgraded":0,"win_rate":0,"timestamp":1549562837,"path_taken":["M","?","?","?","?","E","M","?"],"build_version":"2019-02-06","purchased_purges":0,"victory":false,"max_hp_per_floor":[75,75,75,75,85,85,85,85],"card_choices":[{"not_picked":["Anger","Havoc"],"picked":"Seeing Red","floor":1},{"not_picked":["Rampage","Thunderclap"],"picked":"Havoc","floor":3},{"not_picked":["Whirlwind","Dropkick","Sword Boomerang"],"picked":"SKIP","floor":6},{"not_picked":["Warcry","Wild Strike"],"picked":"Twin Strike","floor":7}],"player_experience":433048,"relics_obtained":[{"floor":6,"key":"Shovel"}],"event_choices":[{"damage_healed":0,"gold_gain":0,"player_choice":"Upgraded","damage_taken":0,"max_hp_gain":0,"max_hp_loss":0,"event_name":"Upgrade Shrine","floor":2,"gold_loss":0,"cards_upgraded":["Barricade"]},{"damage_healed":18,"gold_gain":0,"player_choice":"Healed","damage_taken":0,"max_hp_gain":0,"max_hp_loss":0,"event_name":"The Cleric","floor":4,"gold_loss":35},{"cards_removed":["Barricade"],"damage_healed":0,"gold_gain":0,"player_choice":"Offered Rare","damage_taken":0,"max_hp_gain":10,"max_hp_loss":0,"event_name":"Bonfire Elementals","floor":5,"gold_loss":0}],"is_beta":true,"boss_relics":[],"items_purged_floors":[],"is_endless":false,"potions_floor_spawned":[6],"killed_by":"Gremlin Gang","ascension_level":19}