{"gold_per_floor":[212,212,212,212,212,212,225,225,249,249,292,311,58,74,74,199,199,184,203,203,228,253,253],"floor_reached":23,"playtime":2322,"items_purged":["Injury"],"score":216,"play_id":"0430747d-8b80-44f6-9e83-4494c74f892b","local_time":"20190526194630","is_ascension_mode":false,"campfire_choices":[{"data":"Iron Wave","floor":6,"key":"SMITH"},{"data":"Twin Strike","floor":8,"key":"SMITH"},{"data":"Twin Strike","floor":10,"key":"SMITH"},{"data":"Chrysalis","floor":15,"key":"SMITH"}],"neow_cost":"NONE","seed_source_timestamp":254322954399550,"circlet_count":0,"master_deck":["Defend_R","Defend_R","Defend_R","Bash","Iron Wave+1","Twin Strike+1","Twin Strike+1","Searing Blow","Chrysalis+1","Reaper","Ghostly Armor","Infernal Blade","Armaments","Shrug It Off","Reckless Charge","Battle Trance","Bite","Bite","Bite","Bite","Bite","Fire Breathing+1"],"relics":["Burning Blood","Golden Idol","Boot","Lantern","Orrery"],"potions_floor_usage":[14,19,22,22],"damage_taken":[{"damage":6,"enemies":"Jaw Worm","floor":1,"turns":4},{"damage":0,"enemies":"Small Slimes","floor":7,"turns":2},{"damage":27,"enemies":"Gremlin Nob","floor":11,"turns":4},{"damage":0,"enemies":"2 Louse","floor":12,"turns":2},{"damage":7,"enemies":"Large Slime","floor":14,"turns":5},{"damage":61,"enemies":"Slime Boss","floor":16,"turns":13},{"damage":34,"enemies":"2 Thieves","floor":18,"turns":4},{"damage":18,"enemies":"Spheric Guardian","floor":19,"turns":6},{"damage":31,"enemies":"Chosen and Byrds","floor":21,"turns":6},{"damage":35,"enemies":"Snecko","floor":22,"turns":6},{"damage":20,"enemies":"Slavers","floor":23,"turns":2}],"seed_played":"-5617047948678911759","potions_obtained":[{"floor":7,"key":"SpeedPotion"},{"floor":11,"key":"Explosive Potion"},{"floor":12,"key":"GamblersBrew"},{"floor":16,"key":"Ancient Potion"}],"is_trial":false,"path_per_floor":["M","?","?","?","?","R","M","R","T","R","E","M","$","M","R","B",null,"M","M","?","M","M","E"],"character_chosen":"IRONCLAD","items_purchased":["Chrysalis"],"campfire_rested":0,"item_purchase_floors":[13],"current_hp_per_floor":[80,80,73,73,78,78,84,84,84,84,63,69,69,68,68,13,85,57,45,45,29,12,0],"gold":253,"neow_bonus":"HUNDRED_GOLD","is_prod":false,"is_daily":false,"chose_seed":false,"campfire_upgraded":4,"win_rate":0.0,"timestamp":1558892790,"path_taken":["M","?","?","?","?","R","?","R","T","R","E","M","$","M","R","BOSS","M","?","?","M","M","E"],"build_version":"2019-01-23","purchased_purges":1,"victory":false,"max_hp_per_floor":[80,80,80,80,85,85,85,85,85,85,85,85,85,85,85,85,85,85,85,59,59,59,59],"card_choices":[{"not_picked":["Intimidate","True Grit"],"picked":"Iron Wave","floor":1},{"not_picked":["Cleave","Sword Boomerang"],"picked":"Twin Strike","floor":7},{"not_picked":["Headbutt","Warcry"],"picked":"Searing Blow","floor":11},{"not_picked":["Thunderclap","Corruption","Brutality"],"picked":"SKIP","floor":12},{"not_picked":["Pommel Strike","Flex","Sword Boomerang"],"picked":"SKIP","floor":14},{"not_picked":["Dark Embrace","Bludgeon"],"picked":"Reaper","floor":16},{"not_picked":["Iron Wave","Clothesline"],"picked":"Ghostly Armor","floor":17},{"not_picked":["Spot Weakness","Twin Strike"],"picked":"Infernal Blade","floor":17},{"not_picked":["Combust","Sword Boomerang"],"picked":"Armaments","floor":17},{"not_picked":["Cleave","Twin Strike"],"picked":"Shrug It Off","floor":17},{"not_picked":["True Grit+1","Pommel Strike+1"],"picked":"Reckless Charge","floor":18},{"not_picked":["Flex","Combust+1"],"picked":"Battle Trance","floor":19},{"not_picked":["Entrench+1","Armaments"],"picked":"Fire Breathing+1","floor":21},{"not_picked":["Rage+1","Headbutt","Warcry"],"picked":"SKIP","floor":22}],"player_experience":6849,"relics_obtained":[{"floor":9,"key":"Boot"},{"floor":11,"key":"Lantern"}],"event_choices":[{"damage_healed":0,"gold_gain":0,"cards_transformed":["Defend_R"],"player_choice":"Change","damage_taken":0,"max_hp_gain":0,"max_hp_loss":0,"event_name":"Living Wall","floor":2,"gold_loss":0,"cards_obtained":["Twin Strike"]},{"cards_removed":["Strike_R"],"damage_healed":0,"gold_gain":0,"player_choice":"Card Removal","damage_taken":7,"max_hp_gain":0,"max_hp_loss":0,"event_name":"Golden Wing","floor":3,"gold_loss":0},{"damage_healed":0,"gold_gain":0,"player_choice":"Take Wound","damage_taken":0,"relics_obtained":["Golden Idol"],"max_hp_gain":0,"max_hp_loss":0,"event_name":"Golden Idol","floor":4,"gold_loss":0,"cards_obtained":["Injury"]},{"damage_healed":0,"gold_gain":0,"player_choice":"Donut","damage_taken":0,"max_hp_gain":5,"max_hp_loss":0,"event_name":"Big Fish","floor":5,"gold_loss":0},{"damage_healed":0,"gold_gain":0,"player_choice":"Became a vampire","damage_taken":0,"max_hp_gain":0,"max_hp_loss":26,"event_name":"Vampires","floor":20,"gold_loss":0,"cards_obtained":["Bite","Bite","Bite","Bite","Bite"]}],"is_beta":false,"boss_relics":[{"not_picked":["Snecko Eye","Black Blood"],"picked":"Orrery"}],"items_purged_floors":[13],"is_endless":false,"potions_floor_spawned":[7,11,12,16],"killed_by":"Slavers","ascension_level":0}