{"gold_per_floor":[13,88,111,16,26,56,56,84,84,84,101,116,129,229,229,229],"floor_reached":16,"playtime":798,"items_purged":[],"score":171,"play_id":"6db68f6e-af1b-41a9-b453-b6d852e9d3ca","local_time":"20190511124809","is_ascension_mode":true,"campfire_choices":[{"data":"Well Laid Plans","floor":7,"key":"SMITH"},{"data":"Strike_G","floor":10,"key":"PURGE"},{"floor":15,"key":"REST"}],"neow_cost":"NO_GOLD","seed_source_timestamp":1193331592954279,"circlet_count":0,"master_deck":["AscendersBane","Defend_G","Defend_G","Defend_G","Defend_G","Defend_G","Strike_G","Strike_G","Strike_G","Strike_G","Survivor","Neutralize","Escape Plan","Cloak And Dagger","Bouncing Flask","Well Laid Plans+1","Backflip","Cloak And Dagger","Cloak And Dagger"],"relics":["Ring of the Snake","Tingsha","Happy Flower","Peace Pipe","Singing Bowl","Calipers"],"potions_floor_usage":[6,8,8],"damage_taken":[{"damage":1,"enemies":"Cultist","floor":1,"turns":5},{"damage":2,"enemies":"Jaw Worm","floor":5,"turns":4},{"damage":8,"enemies":"3 Sentries","floor":6,"turns":10},{"damage":8,"enemies":"Gremlin Nob","floor":8,"turns":4},{"damage":9,"enemies":"Small Slimes","floor":11,"turns":5},{"damage":0,"enemies":"Red Slaver","floor":12,"turns":4},{"damage":0,"enemies":"Exordium Thugs","floor":13,"turns":6},{"damage":58,"enemies":"Slime Boss","floor":16,"turns":10}],"seed_played":"4375441982147225602","potions_obtained":[{"floor":1,"key":"PowerPotion"},{"floor":6,"key":"GhostInAJar"},{"floor":11,"key":"Ancient Potion"}],"is_trial":false,"path_per_floor":["M","?","T","$","M","E","R","E","T","R","M","M","M","?","R","B"],"character_chosen":"THE_SILENT","items_purchased":["Cloak And Dagger","FearPotion"],"campfire_rested":1,"item_purchase_floors":[4,4],"current_hp_per_floor":[62,51,51,51,49,41,41,33,33,33,24,24,26,26,47,0],"gold":229,"neow_bonus":"ONE_RARE_RELIC","is_prod":false,"is_daily":false,"chose_seed":false,"campfire_upgraded":1,"win_rate":0,"timestamp":1557604089,"path_taken":["M","?","?","$","M","E","R","E","T","R","M","M","M","?","R","BOSS"],"build_version":"2019-01-23","purchased_purges":0,"victory":false,"max_hp_per_floor":[70,70,70,70,70,70,70,70,70,70,70,70,72,72,72,72],"card_choices":[{"not_picked":["Masterful Stab","Bane"],"picked":"Escape Plan","floor":1},{"not_picked":["Poisoned Stab","Catalyst"],"picked":"Bouncing Flask","floor":5},{"not_picked":["Setup","Outmaneuver"],"picked":"Well Laid Plans","floor":6},{"not_picked":["Eviscerate","Distraction"],"picked":"Backflip","floor":8},{"not_picked":["Sucker Punch","Underhanded Strike"],"picked":"Cloak And Dagger","floor":11},{"not_picked":["Slice","Doppelganger"],"picked":"Cloak And Dagger","floor":12},{"not_picked":["Reflex","Acrobatics","Quick Slash"],"picked":"Singing Bowl","floor":13}],"player_experience":364418,"relics_obtained":[{"floor":3,"key":"Happy Flower"},{"floor":6,"key":"Peace Pipe"},{"floor":8,"key":"Singing Bowl"},{"floor":9,"key":"Calipers"}],"event_choices":[{"damage_healed":0,"gold_gain":75,"player_choice":"Gather Gold","damage_taken":11,"max_hp_gain":0,"max_hp_loss":0,"event_name":"World of Goop","floor":2,"gold_loss":0},{"damage_healed":0,"gold_gain":100,"player_choice":"Pray","damage_taken":0,"max_hp_gain":0,"max_hp_loss":0,"event_name":"Golden Shrine","floor":14,"gold_loss":0}],"is_beta":false,"boss_relics":[],"items_purged_floors":[],"is_endless":false,"potions_floor_spawned":[1,5,6,11],"killed_by":"Slime Boss","ascension_level":11}