{"gold_per_floor":[114,189,202,202,167,197,197,197,221,13,89,123,143,170,170,265,265,285,285,285,300,300,300,327,1,1,18,18,18,18],"floor_reached":30,"playtime":1486,"items_purged":[],"score":328,"play_id":"2eb580eb-eabf-4888-acc8-497c18f7ab6b","local_time":"20181106192454","is_ascension_mode":true,"campfire_choices":[{"floor":7,"key":"REST"},{"floor":15,"key":"REST"},{"floor":23,"key":"REST"},{"floor":28,"key":"REST"}],"neow_cost":"PERCENT_DAMAGE","seed_source_timestamp":1603338021235769,"circlet_count":0,"master_deck":["Strike_B","Strike_B","Strike_B","Strike_B","Defend_B","Defend_B","Defend_B","Defend_B","Zap","Dualcast","Chaos","Static Discharge","Electrodynamics","Ball Lightning+1","Storm","Beam Cell+1","Chaos","Barrage+1","Machine Learning","Compile Driver+1","Ball Lightning+1","Gash+1","Leap+1","Mayhem","Seek","Heatsinks","Seek"],"relics":["Cracked Core","Bird Faced Urn","Blue Candle","Molten Egg 2","Potion Belt","Bag of Preparation","Tiny Chest","Vajra","Dream Catcher","Eternal Feather","MutagenicStrength","Gambling Chip","Dead Branch","Membership Card","Turnip"],"potions_floor_usage":[14,16,18,21,27,30],"damage_taken":[{"damage":1,"enemies":"Cultist","floor":1,"turns":3},{"damage":2,"enemies":"Small Slimes","floor":3,"turns":3},{"damage":30,"enemies":"Lagavulin","floor":6,"turns":6},{"damage":20,"enemies":"3 Sentries","floor":12,"turns":3},{"damage":0,"enemies":"2 Louse","floor":13,"turns":1},{"damage":30,"enemies":"Lagavulin","floor":14,"turns":4},{"damage":13,"enemies":"Slime Boss","floor":16,"turns":5},{"damage":24,"enemies":"3 Byrds","floor":18,"turns":3},{"damage":24,"enemies":"Chosen","floor":21,"turns":3},{"damage":30,"enemies":"Book of Stabbing","floor":24,"turns":3},{"damage":24,"enemies":"Snake Plant","floor":27,"turns":3},{"damage":27,"enemies":"Colosseum Slavers","floor":30,"turns":2},{"damage":38,"enemies":"Colosseum Nobs","floor":30,"turns":3}],"seed_played":"7557390073951383780","potions_obtained":[{"floor":3,"key":"SneckoOil"},{"floor":12,"key":"GamblersBrew"},{"floor":14,"key":"Poison Potion"},{"floor":16,"key":"Poison Potion"},{"floor":24,"key":"AttackPotion"},{"floor":27,"key":"Dexterity Potion"}],"is_trial":false,"path_per_floor":["M","?","M","?","?","E","R","?","T","$","T","E","M","E","R","B",null,"M","?","?","M","T","R","E","$","T","M","R","?","?"],"character_chosen":"DEFECT","items_purchased":["Bag of Preparation","Ball Lightning+1","Membership Card","Mayhem","Seek"],"campfire_rested":4,"item_purchase_floors":[10,10,25,25,25],"current_hp_per_floor":[53,42,40,40,58,30,52,40,40,40,40,24,26,2,24,17,61,43,43,43,25,25,59,33,33,33,11,48,48,0],"gold":18,"neow_bonus":"ONE_RARE_RELIC","is_prod":false,"is_daily":false,"chose_seed":false,"campfire_upgraded":0,"win_rate":0,"timestamp":1541525094,"path_taken":["M","?","M","?","?","E","R","?","T","$","?","E","M","E","R","BOSS","M","?","?","M","?","R","E","$","T","?","R","?","?"],"build_version":"2018-11-05","purchased_purges":0,"victory":false,"max_hp_per_floor":[75,75,75,75,75,75,75,75,75,75,75,75,75,75,75,75,75,75,75,75,75,75,75,75,75,75,75,75,75,75],"card_choices":[{"not_picked":["Barrage","Hologram"],"picked":"Chaos","floor":1},{"not_picked":["Streamline","Defragment"],"picked":"Static Discharge","floor":3},{"not_picked":["Turbo","Defragment"],"picked":"Electrodynamics","floor":6},{"not_picked":["Double Energy","Coolheaded"],"picked":"Storm","floor":12},{"not_picked":["Hologram","Rebound+1"],"picked":"Beam Cell+1","floor":13},{"not_picked":["Beam Cell+1","Capacitor"],"picked":"Chaos","floor":14},{"not_picked":["Fusion","Capacitor"],"picked":"Barrage+1","floor":15},{"not_picked":["Seek","Meteor Strike+1"],"picked":"Machine Learning","floor":16},{"not_picked":["Coolheaded","Hologram"],"picked":"Compile Driver+1","floor":18},{"not_picked":["Rebound+1","Blizzard+1"],"picked":"Ball Lightning+1","floor":21},{"not_picked":["Turbo+1","Stack"],"picked":"Gash+1","floor":23},{"not_picked":["Steam Power","Recycle"],"picked":"Leap+1","floor":24},{"not_picked":["Turbo+1","Sweeping Beam+1"],"picked":"Heatsinks","floor":27},{"not_picked":["Beam Cell+1","Glacier"],"picked":"Seek","floor":28}],"player_experience":271775,"relics_obtained":[{"floor":6,"key":"Blue Candle"},{"floor":9,"key":"Potion Belt"},{"floor":11,"key":"Tiny Chest"},{"floor":12,"key":"Vajra"},{"floor":14,"key":"Dream Catcher"},{"floor":22,"key":"Gambling Chip"},{"floor":24,"key":"Dead Branch"},{"floor":26,"key":"Turnip"}],"event_choices":[{"damage_healed":0,"gold_gain":75,"player_choice":"Gather Gold","damage_taken":11,"max_hp_gain":0,"max_hp_loss":0,"event_name":"World of Goop","floor":2,"gold_loss":0},{"damage_healed":0,"gold_gain":0,"player_choice":"Ignored","damage_taken":0,"max_hp_gain":0,"max_hp_loss":0,"event_name":"Golden Wing","floor":4,"gold_loss":0},{"damage_healed":18,"gold_gain":0,"player_choice":"Healed","damage_taken":0,"max_hp_gain":0,"max_hp_loss":0,"event_name":"The Cleric","floor":5,"gold_loss":35},{"damage_healed":0,"gold_gain":0,"player_choice":"Success","damage_taken":12,"relics_obtained":["Molten Egg 2"],"max_hp_gain":0,"max_hp_loss":0,"event_name":"Scrap Ooze","floor":8,"gold_loss":0},{"damage_healed":0,"gold_gain":0,"player_choice":"Ignored","damage_taken":0,"max_hp_gain":0,"max_hp_loss":0,"event_name":"Ghosts","floor":19,"gold_loss":0},{"damage_healed":0,"gold_gain":0,"player_choice":"Inject Mutagens","damage_taken":0,"relics_obtained":["MutagenicStrength"],"max_hp_gain":0,"max_hp_loss":0,"event_name":"Drug Dealer","floor":20,"gold_loss":0},{"damage_healed":0,"gold_gain":0,"player_choice":"Ignored","damage_taken":0,"max_hp_gain":0,"max_hp_loss":0,"event_name":"Beggar","floor":29,"gold_loss":0},{"damage_healed":0,"gold_gain":0,"player_choice":"Fight","damage_taken":0,"max_hp_gain":0,"max_hp_loss":0,"event_name":"Colosseum","floor":30,"gold_loss":0},{"damage_healed":0,"gold_gain":0,"player_choice":"Fought Nobs","damage_taken":0,"max_hp_gain":0,"max_hp_loss":0,"event_name":"Colosseum","floor":30,"gold_loss":0}],"is_beta":true,"boss_relics":[{"not_picked":["Sozu","Ectoplasm"],"picked":"Eternal Feather"}],"items_purged_floors":[],"is_endless":false,"potions_floor_spawned":[3,12,14,16,24,27,30],"killed_by":"Colosseum Nobs","ascension_level":5}