{"path_per_floor":["M","M","M","$","M","R","E","M","T","M","R","?","M","M","R","B",null,"M","$","?","?","M","R","M","?","T","$","M","R","M","E","R"],"character_chosen":"IRONCLAD","items_purchased":["Spot Weakness","Rampage","Vajra","Spot Weakness","Regen Potion"],"gold_per_floor":[110,123,143,23,36,36,67,79,105,122,122,122,146,171,171,300,300,325,98,78,78,97,97,121,121,121,49,70,70,91,122,122,122],"floor_reached":33,"campfire_rested":4,"playtime":2318,"item_purchase_floors":[],"current_hp_per_floor":[80,80,80,80,80,80,71,73,73,60,80,80,80,80,80,41,80,54,54,54,54,30,54,39,39,39,39,44,68,65,51,75,0],"items_purged":[],"gold":122,"score":271,"play_id":"e0a4ccfa-44ae-4890-9712-947e36f0e9f1","local_time":"20180603130843","is_prod":false,"is_daily":false,"chose_seed":false,"is_ascension_mode":false,"campfire_upgraded":2,"win_rate":0.0,"timestamp":1528024123,"campfire_choices":[{"data":"Spot Weakness","floor":6.0,"key":"SMITH"},{"floor":11.0,"key":"REST"},{"data":"Rage","floor":15,"key":"SMITH"},{"floor":23,"key":"REST"},{"floor":29,"key":"REST"},{"floor":32,"key":"REST"}],"path_taken":["M","?","M","$","M","R","E","M","T","M","R","?","M","M","R","BOSS","M","$","?","?","M","R","?","?","T","$","?","R","M","E","R","BOSS"],"build_version":"2018-05-31","seed_source_timestamp":0,"purchased_purges":0,"victory":false,"master_deck":["Strike_R+1","Strike_R+1","Strike_R+1","Strike_R+1","Strike_R+1","Defend_R+1","Defend_R+1","Defend_R+1","Defend_R+1","Bash","Rampage","Spot Weakness+1","Pommel Strike","Spot Weakness","Rampage","Shockwave","Shockwave","Heavy Blade","Rage+1","Uppercut","Injury","Carnage","Infernal Blade","Bludgeon","Dual Wield","Spot Weakness","Warcry+1","Ghostly Armor+1","Cleave","Shrug It Off+1","Barricade","Iron Wave","Feed","Flex"],"max_hp_per_floor":[80,80,80,80,80,80,80,80,80,80,80,80,80,80,80,80,80,80,80,80,80,80,80,80,80,80,80,80,80,80,80,80,80],"relics":["Burning Blood","Lantern","Dream Catcher","Bronze Scales","Golden Idol","Velvet Choker","Vajra","Bottled Lightning","Happy Flower"],"card_choices":[{"not_picked":["Iron Wave","Sever Soul"],"picked":"Rampage","floor":1.0},{"not_picked":["Intimidate","Rage"],"picked":"Spot Weakness","floor":2.0},{"not_picked":["Clothesline","Sword Boomerang"],"picked":"Pommel Strike","floor":3.0},{"not_picked":["Heavy Blade","Ghostly Armor"],"picked":"Shockwave","floor":5.0},{"not_picked":["Perfected Strike","Sever Soul"],"picked":"Shockwave","floor":7.0},{"not_picked":["Perfected Strike","Battle Trance"],"picked":"Heavy Blade","floor":8.0},{"not_picked":["Clash","Spot Weakness"],"picked":"Rage","floor":10.0},{"not_picked":["Combust","Iron Wave"],"picked":"Uppercut","floor":11.0},{"not_picked":["Shockwave","Feed"],"picked":"Carnage","floor":13.0},{"not_picked":["Twin Strike","Pommel Strike"],"picked":"Infernal Blade","floor":14},{"not_picked":["Fiend Fire","Impervious"],"picked":"Bludgeon","floor":16},{"not_picked":["Clothesline+1","Corruption"],"picked":"Dual Wield","floor":18},{"not_picked":["Clash","Twin Strike"],"picked":"Warcry+1","floor":22},{"not_picked":["Sword Boomerang+1","Power Through"],"picked":"Ghostly Armor+1","floor":23},{"not_picked":["Body Slam","Reckless Charge"],"picked":"Cleave","floor":24},{"not_picked":["Thunderclap","Perfected Strike+1"],"picked":"Shrug It Off+1","floor":28},{"not_picked":["Carnage","Reckless Charge"],"picked":"Barricade","floor":29},{"not_picked":["Twin Strike","Shockwave"],"picked":"Iron Wave","floor":30},{"not_picked":["Sword Boomerang","True Grit"],"picked":"Feed","floor":31},{"not_picked":["Flame Barrier+1","Thunderclap+1"],"picked":"Flex","floor":32}],"player_experience":39439,"potions_floor_usage":[16,22,24,28,28,33,33],"damage_taken":[{"damage":5.0,"enemies":"Cultist","floor":1.0,"turns":4.0},{"damage":2.0,"enemies":"Small Slimes","floor":2.0,"turns":4.0},{"damage":6.0,"enemies":"Jaw Worm","floor":3.0,"turns":4.0},{"damage":0.0,"enemies":"2 Fungi Beasts","floor":5.0,"turns":2.0},{"damage":15.0,"enemies":"3 Sentries","floor":7.0,"turns":6.0},{"damage":4.0,"enemies":"Blue Slaver","floor":8.0,"turns":3.0},{"damage":19.0,"enemies":"Exordium Thugs","floor":10.0,"turns":4.0},{"damage":0.0,"enemies":"Large Slime","floor":13.0,"turns":4.0},{"damage":2.0,"enemies":"3 Louse","floor":14.0,"turns":3.0},{"damage":45,"enemies":"Hexaghost","floor":16,"turns":8},{"damage":32,"enemies":"Shell Parasite","floor":18,"turns":3},{"damage":30,"enemies":"2 Thieves","floor":22,"turns":3},{"damage":21,"enemies":"Snecko","floor":24,"turns":4},{"damage":15,"enemies":"Slaver and Parasite","floor":28,"turns":5},{"damage":9,"enemies":"Sentry and Sphere","floor":30,"turns":5},{"damage":20,"enemies":"Book of Stabbing","floor":31,"turns":3},{"damage":83,"enemies":"Collector","floor":33,"turns":7}],"relics_obtained":[{"floor":7.0,"key":"Dream Catcher"},{"floor":9.0,"key":"Bronze Scales"},{"floor":26,"key":"Bottled Lightning"},{"floor":31,"key":"Happy Flower"}],"event_choices":[{"event_name":"Golden Idol","player_choice":"Take Wound","floor":12.0,"damage_taken":0.0},{"event_name":"The Woman in Blue","player_choice":"Bought 1 Potion","floor":20,"damage_taken":0},{"event_name":"Ghosts","player_choice":"Ignored","floor":21,"damage_taken":0},{"event_name":"Back to Basics","player_choice":"Simplicity","floor":25,"damage_taken":0}],"boss_relics":[{"not_picked":["Calling Bell","Mark of Pain"],"picked":"Velvet Choker"}],"items_purged_floors":[],"potions_floor_spawned":[1,3,10,16,18,22,30],"seed_played":"2983195213738627481","killed_by":"Collector","ascension_level":0,"potions_obtained":[{"floor":1.0,"key":"Block Potion"},{"floor":3.0,"key":"Fire Potion"},{"floor":10.0,"key":"FearPotion"},{"floor":16,"key":"LiquidBronze"},{"floor":18,"key":"SpeedPotion"},{"floor":20,"key":"GamblersBrew"},{"floor":22,"key":"FearPotion"},{"floor":30,"key":"Swift Potion"}],"is_trial":false}