{"gold_per_floor":[17,35,54,66,77,77,111,111,111,111,140,14,46,46,46,150,150,170,188,199,219,236,266,446,446],"floor_reached":25,"playtime":1312,"items_purged":["Decay"],"score":297,"play_id":"bb99b788-f265-44ee-b26f-19637fe9b085","local_time":"20181027104829","is_ascension_mode":true,"campfire_choices":[{"data":"Bludgeon","floor":6,"key":"SMITH"},{"data":"Sentinel","floor":8,"key":"SMITH"},{"data":"Berserk","floor":15,"key":"SMITH"}],"neow_cost":"NO_GOLD","seed_source_timestamp":228247833591292,"circlet_count":0,"master_deck":["Strike_R","Strike_R","Strike_R","Defend_R","Defend_R","Defend_R","Defend_R","Bash","Sentinel+1","Cleave","Warcry","Bludgeon+1","Shrug It Off","Shrug It Off","Shrug It Off","Berserk+1","Impervious","Clothesline","Headbutt","Pommel Strike","Warcry+1"],"relics":["Burning Blood","Pen Nib","Bronze Scales","Strawberry","Meat on the Bone","Velvet Choker","Dodecahedron"],"potions_floor_usage":[13,13,13,18,23,25],"damage_taken":[{"damage":6,"enemies":"Cultist","floor":1,"turns":4},{"damage":5,"enemies":"2 Louse","floor":2,"turns":4},{"damage":3,"enemies":"Jaw Worm","floor":3,"turns":5},{"damage":26,"enemies":"3 Louse","floor":4,"turns":4},{"damage":0,"enemies":"2 Fungi Beasts","floor":5,"turns":3},{"damage":8,"enemies":"Gremlin Nob","floor":7,"turns":3},{"damage":18,"enemies":"Lagavulin","floor":11,"turns":7},{"damage":0,"enemies":"Gremlin Nob","floor":13,"turns":4},{"damage":9,"enemies":"The Guardian","floor":16,"turns":9},{"damage":6,"enemies":"2 Thieves","floor":18,"turns":3},{"damage":0,"enemies":"Spheric Guardian","floor":19,"turns":2},{"damage":16,"enemies":"3 Cultists","floor":20,"turns":5},{"damage":5,"enemies":"Snake Plant","floor":21,"turns":3},{"damage":38,"enemies":"Centurion and Healer","floor":22,"turns":6},{"damage":26,"enemies":"Slavers","floor":23,"turns":6},{"damage":28,"enemies":"Book of Stabbing","floor":25,"turns":5}],"seed_played":"-6569963035809591807","potions_obtained":[{"floor":1,"key":"Fire Potion"},{"floor":3,"key":"PowerPotion"},{"floor":11,"key":"Weak Potion"},{"floor":13,"key":"AttackPotion"},{"floor":19,"key":"Strength Potion"},{"floor":22,"key":"Explosive Potion"}],"is_trial":false,"path_per_floor":["M","M","M","M","M","R","E","R","T","?","E","$","E","?","R","B",null,"M","M","M","M","M","E","?"],"character_chosen":"IRONCLAD","items_purchased":["Shrug It Off"],"campfire_rested":0,"item_purchase_floors":[12],"current_hp_per_floor":[80,80,80,60,66,66,64,64,64,64,59,59,65,65,65,62,87,87,87,77,78,58,50,26,0],"gold":446,"neow_bonus":"REMOVE_TWO","is_prod":false,"is_daily":false,"chose_seed":false,"campfire_upgraded":3,"win_rate":0,"timestamp":1540662509,"path_taken":["M","M","M","M","M","R","E","R","T","?","E","?","E","?","R","BOSS","M","M","M","M","M","E","?","E"],"build_version":"2018-10-25v2","purchased_purges":1,"victory":false,"max_hp_per_floor":[80,80,80,80,80,80,80,80,80,80,87,87,87,87,87,87,87,87,87,87,87,87,87,87,87],"card_choices":[{"not_picked":["Pommel Strike","Combust"],"picked":"Sentinel","floor":1},{"not_picked":["Clothesline","Armaments"],"picked":"Cleave","floor":2},{"not_picked":["Body Slam","Wild Strike"],"picked":"Warcry","floor":3},{"not_picked":["Clash","Body Slam"],"picked":"Bludgeon","floor":4},{"not_picked":["Fire Breathing","Wild Strike","Clothesline"],"picked":"SKIP","floor":5},{"not_picked":["Clothesline","Metallicize"],"picked":"Shrug It Off","floor":7},{"not_picked":["Dual Wield","Infernal Blade"],"picked":"Shrug It Off","floor":11},{"not_picked":["Warcry","Body Slam"],"picked":"Berserk","floor":13},{"not_picked":["Reaper","Offering"],"picked":"Impervious","floor":16},{"not_picked":["Combust","Clash"],"picked":"Clothesline","floor":18},{"not_picked":["Clothesline","Sever Soul"],"picked":"Headbutt","floor":19},{"not_picked":["Feed","Heavy Blade+1","Anger"],"picked":"SKIP","floor":20},{"not_picked":["Carnage","Clash"],"picked":"Pommel Strike","floor":21},{"not_picked":["Armaments","Heavy Blade","Clothesline"],"picked":"SKIP","floor":22},{"not_picked":["Shockwave","Anger"],"picked":"Warcry+1","floor":23}],"player_experience":109068,"relics_obtained":[{"floor":7,"key":"Pen Nib"},{"floor":9,"key":"Bronze Scales"},{"floor":11,"key":"Strawberry"},{"floor":13,"key":"Meat on the Bone"},{"floor":23,"key":"Dodecahedron"}],"event_choices":[{"damage_healed":0,"gold_gain":0,"player_choice":"Cursed","damage_taken":0,"max_hp_gain":0,"max_hp_loss":0,"event_name":"Wheel of Change","floor":10,"gold_loss":0,"cards_obtained":["Decay"]},{"damage_healed":0,"gold_gain":0,"player_choice":"Leave","damage_taken":0,"max_hp_gain":0,"max_hp_loss":0,"event_name":"The Cleric","floor":14,"gold_loss":0},{"damage_healed":0,"gold_gain":180,"player_choice":"GOLD GOLD ","damage_taken":24,"max_hp_gain":0,"max_hp_loss":0,"event_name":"Knowing Skull","floor":24,"potions_obtained":[],"gold_loss":0,"cards_obtained":[]}],"is_beta":false,"boss_relics":[{"not_picked":["Runic Dome","Orrery"],"picked":"Velvet Choker"}],"items_purged_floors":[12],"is_endless":false,"potions_floor_spawned":[1,3,11,13,19,22],"killed_by":"Book of Stabbing","ascension_level":2}