{"path_per_floor":["M","?","M","M","M","R","M","R","T","$","M","E","M","M","R"],"character_chosen":"DEFECT","items_purchased":["Bag of Preparation","Sweeping Beam"],"gold_per_floor":[110,110,129,149,165,165,177,177,177,6,24,53,63,75,75,75],"floor_reached":16,"campfire_rested":1,"playtime":1735,"item_purchase_floors":[10,10],"current_hp_per_floor":[67,52,52,52,52,52,52,52,52,52,34,21,15,7,29,0],"items_purged":[],"gold":75,"score":106,"play_id":"593efb76-6b49-4db9-9a68-dd1ac1424fc7","local_time":"20180603022840","is_prod":false,"is_daily":false,"chose_seed":false,"is_ascension_mode":false,"campfire_upgraded":2,"win_rate":0.0,"timestamp":1527985720,"campfire_choices":[{"data":"Loop","floor":6,"key":"SMITH"},{"data":"Fusion","floor":8,"key":"SMITH"},{"floor":15,"key":"REST"}],"path_taken":["M","?","M","M","M","R","?","R","T","$","M","E","M","M","R","BOSS"],"build_version":"2018-05-31","seed_source_timestamp":38344764163895,"purchased_purges":0,"victory":false,"master_deck":["Strike_B","Strike_B","Strike_B","Strike_B","Defend_B+1","Defend_B","Defend_B","Defend_B","Zap+1","Dualcast","Fusion+1","Redo","Loop+1","Lockon","Coolheaded","Genetic Algorithm","Sweeping Beam","Coolheaded","Beam Cell","Conserve Battery","Cold Snap"],"max_hp_per_floor":[75,75,75,75,75,75,75,75,75,75,75,75,75,75,75,75],"relics":["Cracked Core","Omamori","Bag of Preparation","Ancient Tea Set"],"card_choices":[{"not_picked":["Hologram","Force Field"],"picked":"Fusion","floor":0},{"not_picked":["Streamline","Stack"],"picked":"Redo","floor":1},{"not_picked":["Streamline","Chill"],"picked":"Loop","floor":3},{"not_picked":["Stack","Cold Snap"],"picked":"Lockon","floor":4},{"not_picked":["Scrape","Undo"],"picked":"Coolheaded","floor":5},{"not_picked":["Barrage","Force Field"],"picked":"Genetic Algorithm","floor":7},{"not_picked":["Reinforced Body","Barrage"],"picked":"Coolheaded","floor":11},{"not_picked":["Storm","Barrage"],"picked":"Beam Cell","floor":12},{"not_picked":["Force Field","Barrage"],"picked":"Conserve Battery","floor":13},{"not_picked":["Steam Power","Coolheaded"],"picked":"Cold Snap","floor":14}],"player_experience":33574,"potions_floor_usage":[11,12,13],"damage_taken":[{"damage":8,"enemies":"2 Louse","floor":1,"turns":2},{"damage":0,"enemies":"Small Slimes","floor":3,"turns":3},{"damage":0,"enemies":"Cultist","floor":4,"turns":3},{"damage":0,"enemies":"2 Fungi Beasts","floor":5,"turns":3},{"damage":0,"enemies":"Large Slime","floor":7,"turns":5},{"damage":23,"enemies":"3 Louse","floor":11,"turns":3},{"damage":13,"enemies":"3 Sentries","floor":12,"turns":5},{"damage":6,"enemies":"Lots of Slimes","floor":13,"turns":4},{"damage":8,"enemies":"Exordium Wildlife","floor":14,"turns":4},{"damage":29,"enemies":"Hexaghost","floor":16,"turns":11}],"relics_obtained":[{"floor":9,"key":"Omamori"},{"floor":12,"key":"Ancient Tea Set"}],"event_choices":[{"event_name":"Shining Light","player_choice":"Entered Light","floor":2,"damage_taken":0}],"boss_relics":[],"items_purged_floors":[],"potions_floor_spawned":[3,5,12],"seed_played":"6074684294025890551","killed_by":"Hexaghost","ascension_level":0,"potions_obtained":[{"floor":3,"key":"PowerPotion"},{"floor":5,"key":"Regen Potion"},{"floor":12,"key":"Block Potion"}],"is_trial":false}