{"gold_per_floor":[109,129,139,153,168,196,196,231,256,291,291,291,305,305,305,402,402,413,28,128,128,144,144,175,175,175,11,23,23,38,68,68,170,170,180,36,47,47,66,66,95,170,170,190,210,210,17,48,48,48],"floor_reached":51,"playtime":3788,"items_purged":[],"score":1134,"play_id":"ccbda0af-546f-48b7-890d-c28a00bbb53d","local_time":"20181113001109","is_ascension_mode":true,"campfire_choices":[{"floor":7,"key":"REST"},{"floor":11,"key":"REST"},{"data":"Neutralize","floor":15,"key":"SMITH"},{"data":"Tools of the Trade","floor":23,"key":"SMITH"},{"data":"Infinite Blades","floor":32,"key":"SMITH"},{"data":"1","floor":40,"key":"LIFT"},{"data":"2","floor":46,"key":"LIFT"},{"floor":49,"key":"REST"}],"neow_cost":"NONE","seed_source_timestamp":2136603208568035,"circlet_count":0,"master_deck":["Defend_G","Defend_G","Defend_G","Defend_G","Defend_G","Strike_G+1","Strike_G","Strike_G","Strike_G+1","Strike_G","Survivor","Neutralize+1","Predator","Flying Knee","Backstab","Dagger Throw","Tools of the Trade+1","Infinite Blades+1","Cloak And Dagger","Slice","Regret","Dagger Spray","Pain","Corpse Explosion","Dash","Reflex+1","Flying Knee","Sucker Punch","Terror+1","Footwork+1","Well Laid Plans+1","Backstab","PiercingWail","Riddle With Holes","Wraith Form v2+1","PiercingWail+1","Dagger Spray+1","Flying Knee+1","Underhanded Strike","Acrobatics+1","Infinite Blades+1","Caltrops+1","Slice+1"],"relics":["Ring of the Snake","Paper Crane","Whetstone","Smiling Mask","Blood Vial","Ancient Tea Set","WarpedTongs","HoveringKite","Membership Card","Anchor","Pen Nib","Pocketwatch","Frozen Egg 2","Meat on the Bone","Vajra","Torii","Shuriken","Incense Burner","WristBlade","Girya","Boot","Happy Flower","Gambling Chip","Toxic Egg 2"],"potions_floor_usage":[8,10,16,20,20,41,50,50,50],"damage_taken":[{"damage":9,"enemies":"Cultist","floor":1,"turns":6},{"damage":1,"enemies":"2 Louse","floor":2,"turns":3},{"damage":1,"enemies":"Jaw Worm","floor":3,"turns":3},{"damage":1,"enemies":"2 Fungi Beasts","floor":4,"turns":2},{"damage":3,"enemies":"Large Slime","floor":5,"turns":6},{"damage":14,"enemies":"3 Sentries","floor":6,"turns":9},{"damage":9,"enemies":"Gremlin Nob","floor":8,"turns":3},{"damage":17,"enemies":"3 Sentries","floor":10,"turns":6},{"damage":3,"enemies":"Red Slaver","floor":13,"turns":3},{"damage":5,"enemies":"Slime Boss","floor":16,"turns":7},{"damage":0,"enemies":"3 Byrds","floor":18,"turns":2},{"damage":11,"enemies":"Colosseum Slavers","floor":20,"turns":4},{"damage":0,"enemies":"Colosseum Nobs","floor":20,"turns":2},{"damage":0,"enemies":"Chosen","floor":22,"turns":3},{"damage":10,"enemies":"Gremlin Leader","floor":24,"turns":7},{"damage":1,"enemies":"Shelled Parasite and Fungi","floor":28,"turns":3},{"damage":1,"enemies":"Cultist and Chosen","floor":30,"turns":3},{"damage":5,"enemies":"Slavers","floor":31,"turns":5},{"damage":9,"enemies":"Automaton","floor":33,"turns":8},{"damage":0,"enemies":"3 Shapes","floor":35,"turns":4},{"damage":10,"enemies":"Orb Walker","floor":37,"turns":3},{"damage":3,"enemies":"Maw","floor":39,"turns":6},{"damage":20,"enemies":"Reptomancer","floor":41,"turns":5},{"damage":12,"enemies":"Sphere and 2 Shapes","floor":44,"turns":3},{"damage":1,"enemies":"Jaw Worm Horde","floor":45,"turns":3},{"damage":13,"enemies":"Giant Head","floor":48,"turns":5},{"damage":32,"enemies":"Time Eater","floor":50,"turns":7}],"seed_played":"5527811745936234610","potions_obtained":[{"floor":1,"key":"Strength Potion"},{"floor":4,"key":"Poison Potion"},{"floor":5,"key":"Regen Potion"},{"floor":13,"key":"SteroidPotion"},{"floor":18,"key":"Fire Potion"},{"floor":24,"key":"GamblersBrew"},{"floor":29,"key":"Regen Potion"},{"floor":29,"key":"Strength Potion"},{"floor":30,"key":"SteroidPotion"},{"floor":44,"key":"GamblersBrew"},{"floor":45,"key":"Poison Potion"}],"is_trial":false,"path_per_floor":["M","M","M","M","M","E","R","E","T","E","R","?","M","?","R","B",null,"M","$","?","T","M","R","E","?","T","$","M","?","M","E","R","B",null,"M","$","M","?","M","R","E","?","T","M","M","R","$","E","R","B",null],"character_chosen":"THE_SILENT","items_purchased":["Membership Card","Anchor","Pen Nib","Reflex","Shuriken","Well Laid Plans+1","Girya","Gambling Chip","Caltrops+1"],"campfire_rested":3,"item_purchase_floors":[19,19,19,19,27,27,36,47,47],"current_hp_per_floor":[61,60,59,58,55,41,64,55,55,38,61,61,60,60,60,57,72,74,74,72,72,74,74,66,66,66,66,67,67,68,65,65,58,72,74,74,66,66,65,65,59,52,52,42,43,43,43,44,67,49],"gold":48,"neow_bonus":"TEN_PERCENT_HP_BONUS","is_prod":false,"is_daily":false,"chose_seed":false,"campfire_upgraded":3,"win_rate":0,"timestamp":1542060669,"path_taken":["M","M","M","M","M","E","R","E","T","E","R","?","M","?","R","BOSS","M","$","?","?","M","R","E","?","T","$","M","?","?","E","R","BOSS","M","$","M","?","?","R","E","?","T","?","M","R","$","E","R","BOSS"],"build_version":"2018-11-08","purchased_purges":0,"victory":true,"max_hp_per_floor":[77,77,77,77,77,77,77,77,77,77,77,77,77,77,77,77,77,77,77,77,77,77,77,77,77,77,77,77,77,77,77,77,77,77,77,77,77,77,77,77,77,77,77,77,77,77,77,77,77,77],"card_choices":[{"not_picked":["Cloak And Dagger","Blade Dance"],"picked":"Predator","floor":1},{"not_picked":["Leg Sweep","Poisoned Stab"],"picked":"Flying Knee","floor":2},{"not_picked":["Cloak And Dagger","Blade Dance"],"picked":"Backstab","floor":3},{"not_picked":["Underhanded Strike","Acrobatics"],"picked":"Dagger Throw","floor":4},{"not_picked":["Backflip","Well Laid Plans"],"picked":"Tools of the Trade","floor":5},{"not_picked":["Eviscerate","Dodge and Roll"],"picked":"Infinite Blades","floor":6},{"not_picked":["Venomology","Bane"],"picked":"Cloak And Dagger","floor":8},{"not_picked":["Bane","Catalyst"],"picked":"Slice","floor":10},{"not_picked":["Skewer","Underhanded Strike"],"picked":"Dagger Spray","floor":13},{"not_picked":["Night Terror","Envenom"],"picked":"Corpse Explosion","floor":16},{"not_picked":["Setup","Bane+1"],"picked":"Dash","floor":18},{"not_picked":["Bane+1","Bouncing Flask"],"picked":"Flying Knee","floor":20},{"not_picked":["Bane","Outmaneuver"],"picked":"Sucker Punch","floor":22},{"not_picked":["Poisoned Stab","Underhanded Strike+1"],"picked":"Terror+1","floor":24},{"not_picked":["Bane","Outmaneuver"],"picked":"Backstab","floor":28},{"not_picked":["Distraction","Quick Slash+1"],"picked":"PiercingWail","floor":30},{"not_picked":["Dagger Spray","Acrobatics"],"picked":"Riddle With Holes","floor":31},{"not_picked":["Venomology","After Image+1"],"picked":"Wraith Form v2+1","floor":33},{"not_picked":["Heel Hook","Flechettes+1"],"picked":"PiercingWail+1","floor":35},{"not_picked":["Deadly Poison+1","Blade Dance+1"],"picked":"Dagger Spray+1","floor":37},{"not_picked":["Dagger Throw+1","Backflip"],"picked":"Flying Knee+1","floor":39},{"not_picked":["Cloak And Dagger","Slice"],"picked":"Underhanded Strike","floor":41},{"not_picked":["Prepared","Eviscerate"],"picked":"Acrobatics+1","floor":44},{"not_picked":["Glass Knife","Poisoned Stab"],"picked":"Infinite Blades+1","floor":45},{"not_picked":["Masterful Stab","Bane+1"],"picked":"Slice+1","floor":48}],"player_experience":295841,"relics_obtained":[{"floor":6,"key":"Paper Crane"},{"floor":8,"key":"Whetstone"},{"floor":9,"key":"Smiling Mask"},{"floor":10,"key":"Blood Vial"},{"floor":20,"key":"Pocketwatch"},{"floor":20,"key":"Frozen Egg 2"},{"floor":21,"key":"Meat on the Bone"},{"floor":24,"key":"Vajra"},{"floor":26,"key":"Torii"},{"floor":31,"key":"Incense Burner"},{"floor":41,"key":"Boot"},{"floor":43,"key":"Happy Flower"},{"floor":48,"key":"Toxic Egg 2"}],"event_choices":[{"damage_healed":0,"gold_gain":0,"player_choice":"Box","damage_taken":0,"relics_obtained":["Ancient Tea Set"],"max_hp_gain":0,"max_hp_loss":0,"event_name":"Big Fish","floor":12,"gold_loss":0,"cards_obtained":["Regret"]},{"damage_healed":0,"gold_gain":0,"player_choice":"Rummage","damage_taken":0,"relics_obtained":["WarpedTongs"],"max_hp_gain":0,"max_hp_loss":0,"event_name":"Accursed Blacksmith","floor":14,"gold_loss":0,"cards_obtained":["Pain"]},{"damage_healed":0,"gold_gain":0,"player_choice":"Fight","damage_taken":0,"max_hp_gain":0,"max_hp_loss":0,"event_name":"Colosseum","floor":20,"gold_loss":0},{"damage_healed":0,"gold_gain":0,"player_choice":"Fought Nobs","damage_taken":0,"max_hp_gain":0,"max_hp_loss":0,"event_name":"Colosseum","floor":20,"gold_loss":0},{"damage_healed":0,"gold_gain":0,"player_choice":"Read","damage_taken":0,"max_hp_gain":0,"max_hp_loss":0,"event_name":"The Library","floor":25,"gold_loss":0,"cards_obtained":["Footwork"]},{"damage_healed":0,"gold_gain":0,"player_choice":"Got Potions","damage_taken":0,"max_hp_gain":0,"max_hp_loss":0,"event_name":"Lab","floor":29,"gold_loss":0},{"damage_healed":0,"gold_gain":0,"player_choice":"Upgraded","damage_taken":0,"max_hp_gain":0,"max_hp_loss":0,"event_name":"Upgrade Shrine","floor":38,"gold_loss":0,"cards_upgraded":["Reflex"]},{"damage_healed":0,"gold_gain":75,"player_choice":"Touch","damage_taken":7,"max_hp_gain":0,"max_hp_loss":0,"event_name":"FaceTrader","floor":42,"gold_loss":0}],"is_beta":true,"boss_relics":[{"not_picked":["Busted Crown","Coffee Dripper"],"picked":"HoveringKite"},{"not_picked":["Astrolabe","Fusion Hammer"],"picked":"WristBlade"}],"items_purged_floors":[],"is_endless":false,"potions_floor_spawned":[1,4,5,13,18,20,24,30,31,37,44,45],"ascension_level":9}