{"gold_per_floor":[112,112,132,132,132,132,162,162,186,204,204,204,216,227,227,227],"floor_reached":16,"playtime":432,"items_purged":[],"score":180,"play_id":"ff0add65-34d2-43c5-b4f9-e08b8034c6c8","local_time":"20190525143808","is_ascension_mode":true,"campfire_choices":[{"data":"Dualcast","floor":6.0,"key":"SMITH"},{"data":"Zap","floor":8,"key":"SMITH"},{"floor":12,"key":"REST"},{"data":"Cold Snap","floor":15,"key":"SMITH"}],"neow_cost":"NONE","seed_source_timestamp":784324212449306,"circlet_count":0,"master_deck":["AscendersBane","Strike_B","Strike_B","Strike_B","Defend_B","Defend_B","Defend_B","Zap+1","Dualcast+1","Glacier","Glacier","Cold Snap+1"],"special_seed":0,"relics":["Cracked Core","Blood Vial","Cables","Omamori"],"potions_floor_usage":[7,16],"damage_taken":[{"damage":2.0,"enemies":"Jaw Worm","floor":1.0,"turns":3.0},{"damage":1.0,"enemies":"Cultist","floor":3.0,"turns":3.0},{"damage":33,"enemies":"Gremlin Nob","floor":7,"turns":4},{"damage":0,"enemies":"Small Slimes","floor":10,"turns":4},{"damage":0,"enemies":"2 Fungi Beasts","floor":13,"turns":3},{"damage":6,"enemies":"Looter","floor":14,"turns":4},{"damage":64,"enemies":"Hexaghost","floor":16,"turns":16}],"seed_played":"-7977037563080666572","potions_obtained":[{"floor":3.0,"key":"Swift Potion"},{"floor":7,"key":"Swift Potion"},{"floor":10,"key":"Energy Potion"}],"is_trial":false,"path_per_floor":["M","?","M","?","?","R","E","R","T","M","?","R","M","M","R","B"],"character_chosen":"DEFECT","items_purchased":[],"campfire_rested":1,"item_purchase_floors":[],"current_hp_per_floor":[64,71,70,70,70,70,38,38,38,40,40,61,63,59,59,0],"gold":227,"neow_bonus":"RANDOM_COMMON_RELIC","is_prod":false,"is_daily":false,"chose_seed":false,"campfire_upgraded":3,"win_rate":0,"timestamp":1558766288,"path_taken":["M","?","?","?","?","R","E","R","T","M","?","R","M","M","R","BOSS"],"build_version":"2019-01-23","purchased_purges":0,"victory":false,"max_hp_per_floor":[71,71,71,71,71,71,71,71,71,71,71,71,71,71,71,71],"card_choices":[{"not_picked":["Redo","Reprogram","Heatsinks"],"picked":"SKIP","floor":1.0},{"not_picked":["Redo","Leap"],"picked":"Glacier","floor":3.0},{"not_picked":["Storm","Force Field"],"picked":"Glacier","floor":7},{"not_picked":["Redo","Doom and Gloom","Storm"],"picked":"SKIP","floor":10},{"not_picked":["Melter","Redo"],"picked":"Cold Snap","floor":13},{"not_picked":["Chaos","Redo","Barrage"],"picked":"SKIP","floor":14}],"player_experience":595050,"relics_obtained":[{"floor":7,"key":"Cables"},{"floor":9,"key":"Omamori"}],"event_choices":[{"damage_healed":7.0,"max_hp_gain":0.0,"max_hp_loss":0.0,"gold_gain":0.0,"event_name":"Wheel of Change","player_choice":"Full Heal","floor":2.0,"gold_loss":0.0,"damage_taken":0.0},{"damage_healed":0.0,"max_hp_gain":0.0,"max_hp_loss":0.0,"gold_gain":0.0,"event_name":"Liars Game","player_choice":"Ignored","floor":4.0,"gold_loss":0.0,"damage_taken":0.0},{"cards_removed":["Strike_B"],"damage_healed":0.0,"max_hp_gain":0.0,"max_hp_loss":0.0,"gold_gain":0.0,"event_name":"Living Wall","player_choice":"Forget","floor":5.0,"gold_loss":0.0,"damage_taken":0.0},{"cards_removed":["Defend_B"],"damage_healed":0,"gold_gain":0,"player_choice":"Purged","damage_taken":0,"max_hp_gain":0,"max_hp_loss":0,"event_name":"Purifier","floor":11,"gold_loss":0}],"is_beta":false,"boss_relics":[],"items_purged_floors":[],"is_endless":false,"potions_floor_spawned":[3,7,10],"killed_by":"Hexaghost","ascension_level":16}