{"gold_per_floor":[112,131,131,150,165,165,199,209,209,219,239,304,315,334,334,439,439,458,468,478,478],"floor_reached":21,"playtime":1188,"items_purged":[],"score":217,"play_id":"8f08d2d8-3752-484a-a6a7-aa900888da76","local_time":"20181030200143","is_ascension_mode":true,"campfire_choices":[{"data":"Uppercut","floor":6,"key":"SMITH"},{"floor":15,"key":"REST"}],"neow_cost":"NONE","seed_source_timestamp":520766016086357,"circlet_count":0,"master_deck":["Strike_R","Strike_R","Strike_R","Strike_R","Defend_R","Defend_R","Defend_R","Defend_R","Bash","Uppercut+1","Disarm","Battle Trance","Cleave","Pommel Strike","Demon Form","Metallicize","Thunderclap","Whirlwind","Metallicize","Barricade","Shrug It Off","Armaments"],"relics":["White Beast Statue","Boot","Matryoshka","Sundial","Lizard Tail"],"potions_floor_usage":[5,7,8,11,12,12,12,14,16,16,19,20,20],"damage_taken":[{"damage":2,"enemies":"Jaw Worm","floor":1,"turns":3},{"damage":6,"enemies":"2 Louse","floor":2,"turns":3},{"damage":0,"enemies":"Small Slimes","floor":4,"turns":3},{"damage":11,"enemies":"Blue Slaver","floor":5,"turns":8},{"damage":16,"enemies":"Lagavulin","floor":7,"turns":7},{"damage":25,"enemies":"Exordium Wildlife","floor":8,"turns":5},{"damage":8,"enemies":"Looter","floor":10,"turns":2},{"damage":0,"enemies":"2 Fungi Beasts","floor":11,"turns":1},{"damage":0,"enemies":"Gremlin Nob","floor":12,"turns":2},{"damage":11,"enemies":"Lots of Slimes","floor":13,"turns":2},{"damage":13,"enemies":"Exordium Wildlife","floor":14,"turns":4},{"damage":6,"enemies":"Hexaghost","floor":16,"turns":8},{"damage":47,"enemies":"Spheric Guardian","floor":18,"turns":12},{"damage":8,"enemies":"3 Byrds","floor":19,"turns":2},{"damage":36,"enemies":"Snecko","floor":20,"turns":7},{"damage":33,"enemies":"Masked Bandits","floor":21,"turns":3}],"seed_played":"1199556721503482299","potions_obtained":[{"floor":1,"key":"Strength Potion"},{"floor":2,"key":"Regen Potion"},{"floor":4,"key":"Regen Potion"},{"floor":5,"key":"SkillPotion"},{"floor":7,"key":"Ancient Potion"},{"floor":8,"key":"Explosive Potion"},{"floor":10,"key":"Fire Potion"},{"floor":11,"key":"PowerPotion"},{"floor":12,"key":"SkillPotion"},{"floor":13,"key":"Poison Potion"},{"floor":14,"key":"Block Potion"},{"floor":16,"key":"LiquidBronze"},{"floor":18,"key":"PowerPotion"},{"floor":19,"key":"PowerPotion"},{"floor":20,"key":"Strength Potion"}],"is_trial":false,"path_per_floor":["M","M","?","M","M","R","E","M","T","M","M","?","M","M","R","B",null,"M","M","M"],"character_chosen":"IRONCLAD","items_purchased":[],"campfire_rested":1,"item_purchase_floors":[],"current_hp_per_floor":[78,72,72,72,74,74,58,47,47,39,39,39,28,15,39,33,80,33,25,30,0],"gold":478,"neow_bonus":"BOSS_RELIC","is_prod":false,"is_daily":false,"chose_seed":false,"campfire_upgraded":1,"win_rate":0,"timestamp":1540954903,"path_taken":["M","M","?","M","M","R","E","M","T","M","M","?","M","M","R","BOSS","M","M","M","?"],"build_version":"2018-10-25v2","purchased_purges":0,"victory":false,"max_hp_per_floor":[80,80,80,80,80,80,80,80,80,80,80,80,80,80,80,80,80,80,80,80,80],"card_choices":[{"not_picked":["Thunderclap","Warcry"],"picked":"Uppercut","floor":1},{"not_picked":["Warcry","Hemokinesis"],"picked":"Disarm","floor":2},{"not_picked":["Twin Strike","Heavy Blade"],"picked":"Battle Trance","floor":4},{"not_picked":["Wild Strike","Body Slam"],"picked":"Cleave","floor":5},{"not_picked":["Perfected Strike","Body Slam"],"picked":"Pommel Strike","floor":7},{"not_picked":["True Grit","Warcry"],"picked":"Demon Form","floor":8},{"not_picked":["Pommel Strike","Rampage"],"picked":"Metallicize","floor":10},{"not_picked":["Hemokinesis","Sever Soul","Combust"],"picked":"SKIP","floor":11},{"not_picked":["Clothesline","Corruption"],"picked":"Thunderclap","floor":12},{"not_picked":["Clothesline","Flex"],"picked":"Whirlwind","floor":13},{"not_picked":["Perfected Strike","Dropkick"],"picked":"Metallicize","floor":14},{"not_picked":["Bludgeon","Double Tap"],"picked":"Barricade","floor":16},{"not_picked":["Ghostly Armor","Armaments"],"picked":"Shrug It Off","floor":18},{"not_picked":["Flex+1","Shockwave+1"],"picked":"Armaments","floor":19},{"not_picked":["Heavy Blade+1","Second Wind","Whirlwind"],"picked":"SKIP","floor":20}],"player_experience":152279,"relics_obtained":[{"floor":7,"key":"Boot"},{"floor":9,"key":"Matryoshka"},{"floor":12,"key":"Sundial"}],"event_choices":[{"cards_removed":["Strike_R"],"damage_healed":0,"gold_gain":0,"player_choice":"Forget","damage_taken":0,"max_hp_gain":0,"max_hp_loss":0,"event_name":"Living Wall","floor":3,"gold_loss":0},{"damage_healed":0,"gold_gain":0,"player_choice":"Searched \u00272\u0027 times","damage_taken":0,"max_hp_gain":0,"max_hp_loss":0,"event_name":"Dead Adventurer","floor":12,"gold_loss":0},{"damage_healed":0,"gold_gain":0,"player_choice":"Fought Bandits","damage_taken":0,"max_hp_gain":0,"max_hp_loss":0,"event_name":"Masked Bandits","floor":21,"gold_loss":0}],"is_beta":false,"boss_relics":[{"not_picked":["Philosopher\u0027s Stone","Runic Dome"],"picked":"Lizard Tail"}],"items_purged_floors":[],"is_endless":false,"potions_floor_spawned":[1,2,4,5,7,8,10,11,12,13,14,16,18,19,20],"killed_by":"Masked Bandits","ascension_level":3}