{"path_per_floor":["M","M","?","?","M","E","M","R","T","E","$","R","M","M","R","B",null,"M","?","?","$","?","E","?","?","T","M","E","R","?","T","R","B",null,"M","?","?","M","$","R","M","E","T","?","M","?","$","?","R","B"],"character_chosen":"THE_SILENT","items_purchased":["Panache","Membership Card","Ancient Tea Set","Escape Plan","Escape Plan"],"gold_per_floor":[115,130,130,130,143,183,204,204,204,240,59,59,84,103,103,226,226,249,249,249,59,59,92,92,92,92,108,135,135,135,135,135,237,237,247,247,247,259,21,21,32,62,85,133,148,148,6,6,6,6],"floor_reached":51,"campfire_rested":2,"playtime":4775,"current_hp_per_floor":[70,70,53,67,67,46,45,45,52,28,28,55,55,54,54,31,91,73,73,73,73,73,61,61,61,61,61,38,48,78,78,88,74,91,91,97,97,97,97,97,93,69,74,63,62,62,62,52,93,32],"items_purged":["Normality","Strike_G"],"gold":6,"play_id":"6bf5be44-efba-4704-8cb9-dc5ce8c97a71","is_prod":false,"is_daily":false,"is_ascension_mode":false,"campfire_upgraded":3,"path_taken":["M","M","?","?","M","E","?","R","T","E","$","R","M","M","R","BOSS","M","?","?","?","?","E","?","?","T","M","E","R","?","?","R","BOSS","M","?","?","M","$","R","M","E","T","?","M","?","$","?","R","BOSS"],"build_version":"2018-02-02-BETA1","purchased_purges":2,"victory":true,"master_deck":["Defend_G+1","Defend_G+1","Defend_G+1","Defend_G+1","Strike_G+1","Survivor","Neutralize+1","Adrenaline+1","Doppelganger+1","Prepared+1","Outmaneuver+1","Dagger Spray","Adrenaline+1","Predator","Prepared+1","Choke","Panache","Choke","Dagger Spray","A Thousand Cuts+1","Dagger Spray","Distraction","Dash+1","Glass Knife","After Image","Dagger Throw+1","Deflect+1","Escape Plan","After Image","Outmaneuver","Prepared","Escape Plan","Madness","Madness"],"max_hp_per_floor":[70,70,70,84,84,84,84,84,91,91,91,91,91,91,91,91,91,91,91,91,91,91,91,91,91,91,91,91,91,91,91,91,91,91,91,97,97,97,97,97,97,97,97,97,97,97,97,97,97,97],"relics":["Astrolabe","Bloody Idol","Mango","Happy Flower","Strawberry","War Paint","Eternal Feather","Membership Card","Juzu Bracelet","Centennial Puzzle","Frozen Eye","Darkstone Periapt","Girya","Question Card","Lantern","Ancient Tea Set","Oddly Smooth Stone","Anchor","Ginger"],"card_choices":[{"not_picked":["Bane","PiercingWail"],"picked":"Outmaneuver"},{"not_picked":["Eviscerate","Slice"],"picked":"Dagger Spray"},{"not_picked":["Dagger Throw","Deflect"],"picked":"Adrenaline"},{"not_picked":["Deadly Poison","Heel Hook"],"picked":"Predator"},{"not_picked":["Bane","Dagger Throw"],"picked":"Prepared"},{"not_picked":["Slice","Deadly Poison"],"picked":"Choke"},{"not_picked":["Deflect","Deadly Poison"],"picked":"Choke"},{"not_picked":["Dagger Throw","Backflip"],"picked":"Dagger Spray"},{"not_picked":["Tools of the Trade","Envenom"],"picked":"A Thousand Cuts"},{"not_picked":["Sucker Punch","Finisher"],"picked":"Dagger Spray"},{"not_picked":["PiercingWail","Footwork"],"picked":"Distraction"},{"not_picked":["Sucker Punch","Bouncing Flask"],"picked":"Dash"},{"not_picked":["Crippling Poison","Dagger Spray"],"picked":"Glass Knife"},{"not_picked":["Phantasmal Killer","Die Die Die"],"picked":"After Image"},{"not_picked":["Slice","Deflect","Dodge and Roll"],"picked":"Dagger Throw"},{"not_picked":["Sucker Punch","Endless Agony","Quick Slash"],"picked":"Deflect"},{"not_picked":["Slice","Noxious Fumes","Dagger Spray"],"picked":"After Image"},{"not_picked":["Crippling Poison","PiercingWail","Quick Slash"],"picked":"Outmaneuver"},{"not_picked":["Deflect","Dodge and Roll","Endless Agony"],"picked":"Prepared"}],"player_experience":14599,"potions_floor_usage":[16,18,33,42,42,50,50],"damage_taken":[{"damage":0,"enemies":"Small Slimes","floor":1,"turns":4},{"damage":0,"enemies":"Cultist","floor":2,"turns":4},{"damage":0,"enemies":"Blue Slaver","floor":5,"turns":5},{"damage":21,"enemies":"3 Sentries","floor":6,"turns":9},{"damage":1,"enemies":"3 Louse","floor":7,"turns":2},{"damage":24,"enemies":"Gremlin Nob","floor":10,"turns":4},{"damage":0,"enemies":"Large Slime","floor":13,"turns":4},{"damage":1,"enemies":"2 Fungi Beasts","floor":14,"turns":2},{"damage":23,"enemies":"The Guardian","floor":16,"turns":9},{"damage":18,"enemies":"Spheric Guardian","floor":18,"turns":4},{"damage":17,"enemies":"Book of Stabbing","floor":23,"turns":4},{"damage":10,"enemies":"2 Thieves","floor":27,"turns":2},{"damage":28,"enemies":"Slavers","floor":28,"turns":2},{"damage":19,"enemies":"Collector","floor":33,"turns":7},{"damage":1,"enemies":"Flame Bruiser 1 Orb","floor":35,"turns":4},{"damage":0,"enemies":"Orb Walker","floor":38,"turns":3},{"damage":9,"enemies":"3 Darklings","floor":41,"turns":2},{"damage":29,"enemies":"Giant Head","floor":42,"turns":10},{"damage":16,"enemies":"Mysterious Sphere","floor":44,"turns":3},{"damage":6,"enemies":"Spire Growth","floor":45,"turns":5},{"damage":61,"enemies":"Donu and Deca","floor":50,"turns":10}],"event_choices":[{"event_name":"Golden Idol","player_choice":"Take Damage","floor":3,"damage_taken":0},{"event_name":"Big Fish","player_choice":"Box","floor":4,"damage_taken":0},{"event_name":"Forgotten Altar","player_choice":"Gave Idol","floor":19,"damage_taken":0},{"event_name":"Back to Basics","player_choice":"Simplicity","floor":20,"damage_taken":0},{"event_name":"Purifier","player_choice":"One Purge","floor":22,"damage_taken":0},{"event_name":"The Mausoleum","player_choice":"Yes","floor":24,"damage_taken":0},{"event_name":"Vampires","player_choice":"Ignored","floor":25,"damage_taken":0},{"event_name":"The Library","player_choice":"Heal","floor":30,"damage_taken":0},{"event_name":"Accursed Blacksmith","player_choice":"Rummage","floor":36,"damage_taken":0},{"event_name":"Mysterious Sphere","player_choice":"Fight","floor":44,"damage_taken":0},{"event_name":"Tomb of Lord Red Mask","player_choice":"Ignored","floor":46,"damage_taken":0},{"event_name":"Winding Halls","player_choice":"Embrace Madness","floor":48,"damage_taken":0}],"boss_relics":[{"not_picked":["White Beast Statue","Velvet Choker"],"picked":"Eternal Feather"},{"not_picked":["Snecko Eye","The Specimen"],"picked":"Question Card"}],"potions_floor_spawned":[5,10,13,18,28,33,35,42],"seed_played":"-7023529317432682746","ascension_level":0,"is_trial":false}