{"gold_per_floor":[117,130,140,158,108,108,138,138,208,220,234,234,234,265,265,369,369],"floor_reached":17,"playtime":605,"items_purged":[],"score":182,"play_id":"25972630-cc01-4afc-9e2b-6f7accbcc531","local_time":"20190505173552","is_ascension_mode":false,"campfire_choices":[{"data":"Bash","floor":6,"key":"SMITH"},{"data":"Entrench","floor":8,"key":"SMITH"},{"floor":13,"key":"REST"},{"data":"Evolve","floor":15,"key":"SMITH"}],"neow_cost":"NONE","seed_source_timestamp":692388890415179,"circlet_count":0,"master_deck":["Strike_R","Strike_R","Strike_R","Strike_R+1","Defend_R","Defend_R","Defend_R","Defend_R","Bash+1","Shrug It Off","Metallicize","Power Through","Entrench+1","Body Slam+1","Evolve+1","Inflame","Exhume"],"relics":["Burning Blood","NeowsBlessing","Odd Mushroom","Mummified Hand","Art of War","Fusion Hammer"],"potions_floor_usage":[11,14],"damage_taken":[{"damage":0,"enemies":"2 Louse","floor":1,"turns":1},{"damage":0,"enemies":"Small Slimes","floor":2,"turns":1},{"damage":0,"enemies":"Cultist","floor":3,"turns":1},{"damage":26,"enemies":"Large Slime","floor":4,"turns":12},{"damage":14,"enemies":"The Mushroom Lair","floor":7,"turns":9},{"damage":3,"enemies":"Exordium Wildlife","floor":10,"turns":6},{"damage":6,"enemies":"Lots of Slimes","floor":11,"turns":4},{"damage":0,"enemies":"Lagavulin","floor":14,"turns":8},{"damage":28,"enemies":"Hexaghost","floor":16,"turns":10}],"seed_played":"3077551293373342194","potions_obtained":[{"floor":1,"key":"SteroidPotion"},{"floor":4,"key":"Poison Potion"},{"floor":10,"key":"Fire Potion"},{"floor":14,"key":"Fire Potion"},{"floor":16,"key":"FearPotion"}],"is_trial":false,"path_per_floor":["M","M","M","M","?","R","?","R","T","M","M","?","R","E","R","B",null],"character_chosen":"IRONCLAD","items_purchased":[],"campfire_rested":1,"item_purchase_floors":[],"current_hp_per_floor":[80,80,80,60,60,60,52,52,52,55,55,39,63,69,69,47,80],"gold":369,"neow_bonus":"THREE_ENEMY_KILL","is_prod":false,"is_daily":false,"chose_seed":false,"campfire_upgraded":3,"win_rate":0,"timestamp":1557102952,"path_taken":["M","M","M","M","?","R","?","R","T","M","M","?","R","E","R","BOSS"],"build_version":"2019-01-23","purchased_purges":0,"victory":false,"max_hp_per_floor":[80,80,80,80,80,80,80,80,80,80,80,80,80,80,80,80,80],"card_choices":[{"not_picked":["Power Through","Cleave"],"picked":"Shrug It Off","floor":1},{"not_picked":["Rupture","Dropkick","Bloodletting"],"picked":"SKIP","floor":2},{"not_picked":["Shockwave","Feel No Pain"],"picked":"Metallicize","floor":3},{"not_picked":["Rage","Wild Strike"],"picked":"Power Through","floor":4},{"not_picked":["Wild Strike","Flex"],"picked":"Entrench","floor":7},{"not_picked":["Dropkick","Clash"],"picked":"Body Slam","floor":10},{"not_picked":["Second Wind","Whirlwind"],"picked":"Evolve","floor":11},{"not_picked":["Seeing Red","Clothesline"],"picked":"Inflame","floor":14},{"not_picked":["Juggernaut","Berserk"],"picked":"Exhume","floor":16}],"player_experience":331894,"relics_obtained":[{"floor":7,"key":"Odd Mushroom"},{"floor":9,"key":"Mummified Hand"},{"floor":14,"key":"Art of War"}],"event_choices":[{"cards_removed":["Strike_R"],"damage_healed":0,"gold_gain":0,"player_choice":"Card Removal","damage_taken":0,"max_hp_gain":0,"max_hp_loss":0,"event_name":"The Cleric","floor":5,"gold_loss":50},{"damage_healed":0,"gold_gain":0,"player_choice":"Fought Mushrooms","damage_taken":0,"max_hp_gain":0,"max_hp_loss":0,"event_name":"Mushrooms","floor":7,"gold_loss":0},{"damage_healed":0,"gold_gain":0,"player_choice":"Entered Light","damage_taken":16,"max_hp_gain":0,"max_hp_loss":0,"event_name":"Shining Light","floor":12,"gold_loss":0,"cards_upgraded":["Body Slam","Strike_R"]}],"is_beta":false,"boss_relics":[{"not_picked":["Black Star","Coffee Dripper"],"picked":"Fusion Hammer"}],"items_purged_floors":[],"is_endless":false,"potions_floor_spawned":[1,4,10,14,16],"ascension_level":0}