{"path_per_floor":["M","?","T","?","?","R","E","R","T","M","M","M","R","$","R","B",null,"M","?","?","?","T","M","R"],"character_chosen":"THE_SILENT","items_purchased":["Enlightenment"],"gold_per_floor":[112,112,137,137,137,137,170,170,196,210,222,236,236,36,36,131,131,147,147,147,147,147,166,166],"floor_reached":25,"campfire_rested":1,"playtime":1221,"current_hp_per_floor":[70,70,70,67,53,53,53,53,53,53,53,53,53,53,53,3,70,39,39,39,26,40,27,53],"items_purged":[],"gold":166,"score":247,"play_id":"3ed87fc5-4676-4c92-b293-e30ce49d4fb8","is_prod":false,"is_daily":false,"is_ascension_mode":false,"campfire_upgraded":4,"path_taken":["M","?","?","?","?","R","E","R","T","?","M","M","R","?","R","BOSS","M","?","?","?","?","M","R","E"],"build_version":"2018-02-15-PROD1","purchased_purges":0,"victory":false,"master_deck":["Defend_G+1","Defend_G+1","Defend_G","Defend_G","Defend_G","Strike_G+1","Strike_G+1","Strike_G+1","Strike_G","Strike_G","Survivor","Neutralize","Slice","Eviscerate","Slice","Deflect","Catalyst+1","Enlightenment","Adrenaline","Poisoned Stab","Deadly Poison","Doppelganger","Leg Sweep","Venomology"],"max_hp_per_floor":[70,70,70,70,70,70,70,70,70,70,70,70,70,70,70,70,70,70,70,70,75,89,89,89],"relics":["Ring of the Snake","NeowsBlessing","Bag of Marbles","Bird Faced Urn","Toolbox","Snake Skull","Velvet Choker","Mango"],"card_choices":[{"not_picked":["Finisher","Deflect"],"picked":"Slice"},{"not_picked":["Well Laid Plans","Dagger Throw"],"picked":"Eviscerate"},{"not_picked":["Deflect","Choke"],"picked":"Slice"},{"not_picked":["Backflip","Dagger Throw"],"picked":"Deflect"},{"not_picked":["Poisoned Stab","Quick Slash"],"picked":"Catalyst"},{"not_picked":["Corpse Explosion","Unload"],"picked":"Adrenaline"},{"not_picked":["Slice","Backstab"],"picked":"Poisoned Stab"},{"not_picked":["Slice","Prepared"],"picked":"Venomology"}],"player_experience":28556,"potions_floor_usage":[16,16,18,25],"damage_taken":[{"damage":0,"enemies":"2 Louse","floor":1,"turns":1},{"damage":0,"enemies":"Lagavulin","floor":7,"turns":1},{"damage":0,"enemies":"Jaw Worm","floor":10,"turns":1},{"damage":0,"enemies":"Small Slimes","floor":11,"turns":3},{"damage":0,"enemies":"Exordium Wildlife","floor":12,"turns":3},{"damage":52,"enemies":"The Guardian","floor":16,"turns":17},{"damage":43,"enemies":"Spheric Guardian","floor":18,"turns":10},{"damage":15,"enemies":"Chosen","floor":23,"turns":5},{"damage":53,"enemies":"Slavers","floor":25,"turns":7}],"event_choices":[{"event_name":"Golden Wing","player_choice":"Ignored","floor":2,"damage_taken":0},{"event_name":"Scrap Ooze","player_choice":"success","floor":4,"damage_taken":3},{"event_name":"Shining Light","player_choice":"Entered Light","floor":5,"damage_taken":0},{"event_name":"The Library","player_choice":"Read","floor":19,"damage_taken":0},{"event_name":"Match and Keep!","player_choice":"2 cards matched","floor":20,"damage_taken":0},{"event_name":"Match and Keep!","player_choice":"2 cards matched","floor":20,"damage_taken":0},{"event_name":"Forgotten Altar","player_choice":"Shed Blood","floor":21,"damage_taken":0}],"boss_relics":[{"not_picked":["Orrery","Astrolabe"],"picked":"Velvet Choker"}],"potions_floor_spawned":[1,10,16],"seed_played":"3404479743476709581","killed_by":"Slavers","ascension_level":0,"is_trial":false}