{"gold_per_floor":[114,114,127,127,144,173,185,185,234,57,57,92,110,130,130,234,234,253,265,265,163,163,163,183,200,224,224],"floor_reached":27,"playtime":1590,"items_purged":["Pain"],"score":236,"play_id":"f6944ca7-8b88-4014-9ca2-503748ace6be","local_time":"20190525004501","is_ascension_mode":true,"campfire_choices":[{"data":"Defragment","floor":8,"key":"SMITH"},{"floor":11,"key":"REST"},{"floor":15,"key":"REST"},{"floor":23,"key":"REST"}],"neow_cost":"NONE","seed_source_timestamp":4224441286000,"circlet_count":0,"master_deck":["Strike_B+1","Strike_B+1","Strike_B+1","Strike_B+1","Defend_B+1","Defend_B+1","Defend_B+1","Defend_B+1","Zap","Dualcast","Meteor Strike","Coolheaded+1","Conserve Battery","Leap","Gash","Defragment+1","Defragment","Ball Lightning","Creative AI","Skim","Double Energy","Electrodynamics","White Noise","Loop","Conserve Battery","Undo","Stack"],"relics":["Cracked Core","WarpedTongs","Darkstone Periapt","Bag of Preparation","Ancient Tea Set","Inserter","MutagenicStrength","Omamori"],"potions_floor_usage":[6,6,16,16,25],"damage_taken":[{"damage":5,"enemies":"Jaw Worm","floor":1,"turns":4},{"damage":2,"enemies":"Small Slimes","floor":3,"turns":4},{"damage":2,"enemies":"Cultist","floor":5,"turns":4},{"damage":18,"enemies":"Lagavulin","floor":6,"turns":10},{"damage":4,"enemies":"2 Fungi Beasts","floor":7,"turns":4},{"damage":5,"enemies":"3 Sentries","floor":12,"turns":6},{"damage":12,"enemies":"Looter","floor":13,"turns":3},{"damage":16,"enemies":"Large Slime","floor":14,"turns":4},{"damage":32,"enemies":"The Guardian","floor":16,"turns":9},{"damage":28,"enemies":"Spheric Guardian","floor":18,"turns":6},{"damage":21,"enemies":"2 Thieves","floor":19,"turns":4},{"damage":9,"enemies":"Centurion and Healer","floor":24,"turns":4},{"damage":8,"enemies":"Snake Plant","floor":25,"turns":4},{"damage":39,"enemies":"Gremlin Leader","floor":27,"turns":7}],"seed_played":"2284181439871775576","potions_obtained":[{"floor":1,"key":"Explosive Potion"},{"floor":5,"key":"SkillPotion"},{"floor":12,"key":"Strength Potion"},{"floor":14,"key":"FocusPotion"},{"floor":19,"key":"PowerPotion"}],"is_trial":false,"path_per_floor":["M","?","M","?","M","E","M","R","T","$","R","E","M","M","R","B",null,"M","M","?","$","?","R","M","M","T","E"],"character_chosen":"DEFECT","items_purchased":["Defragment","Ball Lightning","Loop","Conserve Battery"],"campfire_rested":3,"item_purchase_floors":[10,10,21,21],"current_hp_per_floor":[70,70,68,68,66,48,44,44,44,44,66,61,49,33,55,23,75,47,26,26,26,26,48,39,31,31,0],"gold":224,"neow_bonus":"ONE_RANDOM_RARE_CARD","is_prod":false,"is_daily":false,"chose_seed":false,"campfire_upgraded":1,"win_rate":0,"timestamp":1558737901,"path_taken":["M","?","M","?","M","E","M","R","T","$","R","E","M","?","R","BOSS","M","M","?","$","?","R","M","M","T","E"],"build_version":"2019-01-23","purchased_purges":1,"victory":false,"max_hp_per_floor":[75,75,75,75,75,75,75,75,75,75,75,75,75,75,75,75,75,75,75,75,75,75,75,75,75,75,75],"card_choices":[{"not_picked":["Sunder","Reinforced Body"],"picked":"Coolheaded","floor":1},{"not_picked":["Beam Cell","Turbo"],"picked":"Conserve Battery","floor":3},{"not_picked":["Hologram","Beam Cell"],"picked":"Leap","floor":5},{"not_picked":["Hologram","Coolheaded"],"picked":"Gash","floor":6},{"not_picked":["Ball Lightning","Turbo"],"picked":"Defragment","floor":7},{"not_picked":["BootSequence","Gash"],"picked":"Creative AI","floor":12},{"not_picked":["Force Field","Barrage"],"picked":"Skim","floor":13},{"not_picked":["BootSequence","Go for the Eyes"],"picked":"Double Energy","floor":14},{"not_picked":["Fission","Rainbow"],"picked":"Electrodynamics","floor":16},{"not_picked":["Steam+1","Heatsinks","Recycle"],"picked":"SKIP","floor":18},{"not_picked":["Steam","Stack"],"picked":"White Noise","floor":19},{"not_picked":["Reprogram","Beam Cell"],"picked":"Undo","floor":24},{"not_picked":["Steam","Electrodynamics"],"picked":"Stack","floor":25}],"player_experience":339808,"relics_obtained":[{"floor":6,"key":"Darkstone Periapt"},{"floor":9,"key":"Bag of Preparation"},{"floor":12,"key":"Ancient Tea Set"},{"floor":26,"key":"Omamori"}],"event_choices":[{"damage_healed":0,"gold_gain":0,"player_choice":"Grow","damage_taken":0,"max_hp_gain":0,"max_hp_loss":0,"event_name":"Living Wall","floor":2,"gold_loss":0,"cards_upgraded":["Coolheaded"]},{"damage_healed":0,"gold_gain":0,"player_choice":"Rummage","damage_taken":0,"relics_obtained":["WarpedTongs"],"max_hp_gain":0,"max_hp_loss":0,"event_name":"Accursed Blacksmith","floor":4,"gold_loss":0,"cards_obtained":["Pain"]},{"damage_healed":0,"gold_gain":0,"player_choice":"Inject Mutagens","damage_taken":0,"relics_obtained":["MutagenicStrength"],"max_hp_gain":0,"max_hp_loss":0,"event_name":"Drug Dealer","floor":20,"gold_loss":0},{"damage_healed":0,"gold_gain":0,"player_choice":"Simplicity","damage_taken":0,"max_hp_gain":0,"max_hp_loss":0,"event_name":"Back to Basics","floor":22,"gold_loss":0,"cards_upgraded":["Strike_B","Strike_B","Strike_B","Strike_B","Defend_B","Defend_B","Defend_B","Defend_B"]}],"is_beta":false,"boss_relics":[{"not_picked":["Snecko Eye","Pandora\u0027s Box"],"picked":"Inserter"}],"items_purged_floors":[10],"is_endless":false,"potions_floor_spawned":[1,5,12,14,19],"killed_by":"Gremlin Leader","ascension_level":1}