{"path_per_floor":["M","M","M","?","M","E","M","E","T","E","R","M","M","M","R","B",null,"M","M","?","$","M","R","E","R","T","M","?","M","?","M","R","B",null,"M","?","$","M","M","M","E","R","T","T","M","M","?","?","R"],"character_chosen":"THE_SILENT","items_purchased":["Mummified Hand","Singing Bowl"],"gold_per_floor":[109,120,138,138,156,184,204,232,259,285,285,296,316,327,327,429,429,446,466,466,7,26,26,52,52,78,96,96,115,115,128,128,223,223,234,234,234,251,266,286,320,320,320,320,340,353,353,353,353,353],"floor_reached":50,"campfire_rested":6,"playtime":4838,"current_hp_per_floor":[79,79,78,78,78,53,48,25,25,25,50,47,49,51,76,64,79,67,58,58,58,55,55,37,62,62,64,64,57,57,59,84,49,77,79,79,79,80,84,86,7,34,34,34,38,32,32,56,84,0],"items_purged":["Clumsy"],"gold":353,"score":675,"play_id":"d1f82c23-c223-47ca-b19f-3c11049297b2","local_time":"20180331234209","is_prod":false,"is_daily":false,"is_ascension_mode":true,"campfire_upgraded":1,"timestamp":1522528929,"path_taken":["M","M","?","?","M","E","M","E","T","E","R","?","M","?","R","BOSS","M","M","?","$","?","R","E","R","T","M","?","?","?","M","R","BOSS","M","?","$","M","M","M","E","R","T","?","M","?","?","?","R","BOSS"],"build_version":"2018-03-29","purchased_purges":1,"victory":false,"master_deck":["Defend_G+1","Defend_G+1","Defend_G+1","Defend_G+1","Strike_G+1","Strike_G+1","Strike_G+1","Strike_G+1","Strike_G+1","Survivor","Neutralize+1","Leg Sweep","Noxious Fumes","Outmaneuver","Caltrops","Caltrops","Endless Agony+1","Infinite Blades","Deadly Poison","Leg Sweep","Poisoned Stab+1","Envenom","Caltrops","Quick Slash+1","Expertise+1","Choke+1","Tools of the Trade","Dagger Spray+1","Adrenaline","Deadly Poison+1","Noxious Fumes","PiercingWail+1","Dagger Spray+1","Writhe"],"max_hp_per_floor":[84,84,84,84,84,84,84,84,84,84,84,84,84,84,84,84,84,84,84,84,84,84,84,84,84,84,84,84,86,86,86,86,86,86,86,86,86,86,88,90,92,92,92,92,94,94,94,94,94,94],"relics":["Ring of the Snake","Thread and Needle","Blood Vial","Lantern","Gambling Chip","Sozu","Mummified Hand","Singing Bowl","Toolbox","Whetstone","Ancient Tea Set","The Specimen","Happy Flower","Sundial","Tingsha"],"card_choices":[{"not_picked":["Slice","Sucker Punch"],"picked":"Leg Sweep","floor":1},{"not_picked":["Prepared","Deflect"],"picked":"Noxious Fumes","floor":2},{"not_picked":["PiercingWail","Acrobatics"],"picked":"Outmaneuver","floor":5},{"not_picked":["Wraith Form","Setup"],"picked":"Caltrops","floor":6},{"not_picked":["Quick Slash","Flying Knee"],"picked":"Caltrops","floor":7},{"not_picked":["Slice","Flechettes"],"picked":"Endless Agony","floor":8},{"not_picked":["Adrenaline","Escape Plan"],"picked":"Infinite Blades","floor":10},{"not_picked":["Dagger Throw","Underhanded Strike"],"picked":"Deadly Poison","floor":12},{"not_picked":["Slice","Masterful Stab"],"picked":"Leg Sweep","floor":13},{"not_picked":["Flying Knee","Riddle With Holes"],"picked":"Poisoned Stab","floor":14},{"not_picked":["Doppelganger","After Image"],"picked":"Envenom","floor":16},{"not_picked":["Heel Hook","Crippling Poison"],"picked":"Caltrops","floor":18},{"not_picked":["Bane","Cloak And Dagger"],"picked":"Quick Slash","floor":19},{"not_picked":["Outmaneuver","Sucker Punch"],"picked":"Expertise","floor":22},{"not_picked":["Bane","Outmaneuver"],"picked":"Choke","floor":24},{"not_picked":["Sucker Punch","Deflect"],"picked":"Tools of the Trade","floor":27},{"not_picked":["Predator","Backflip"],"picked":"Dagger Spray","floor":31},{"not_picked":["Grand Finale","Unload"],"picked":"Adrenaline","floor":33},{"not_picked":["Expertise","Skewer"],"picked":"Deadly Poison","floor":35},{"not_picked":["Outmaneuver","Skewer"],"picked":"PiercingWail","floor":38},{"not_picked":["Acrobatics","Prepared"],"picked":"Dagger Spray","floor":46}],"player_experience":174081,"potions_floor_usage":[5,10,10,10,13,16],"damage_taken":[{"damage":5,"enemies":"Cultist","floor":1,"turns":5},{"damage":0,"enemies":"2 Louse","floor":2,"turns":4},{"damage":1,"enemies":"Small Slimes","floor":3,"turns":5},{"damage":0,"enemies":"3 Louse","floor":5,"turns":3},{"damage":25,"enemies":"Lagavulin","floor":6,"turns":11},{"damage":5,"enemies":"Red Slaver","floor":7,"turns":4},{"damage":23,"enemies":"3 Sentries","floor":8,"turns":8},{"damage":2,"enemies":"Lagavulin","floor":10,"turns":9},{"damage":5,"enemies":"2 Fungi Beasts","floor":12,"turns":4},{"damage":0,"enemies":"Gremlin Gang","floor":13,"turns":3},{"damage":0,"enemies":"Exordium Wildlife","floor":14,"turns":4},{"damage":14,"enemies":"The Guardian","floor":16,"turns":9},{"damage":14,"enemies":"Spheric Guardian","floor":18,"turns":6},{"damage":11,"enemies":"Chosen","floor":19,"turns":5},{"damage":5,"enemies":"Snecko","floor":22,"turns":4},{"damage":20,"enemies":"Slavers","floor":24,"turns":5},{"damage":0,"enemies":"Centurion and Healer","floor":27,"turns":5},{"damage":11,"enemies":"Sentry and Sphere","floor":29,"turns":4},{"damage":0,"enemies":"3 Cultists","floor":31,"turns":4},{"damage":37,"enemies":"Champ","floor":33,"turns":8},{"damage":0,"enemies":"Flame Bruiser 1 Orb","floor":35,"turns":5},{"damage":1,"enemies":"3 Darklings","floor":38,"turns":3},{"damage":0,"enemies":"Flame Bruiser 2 Orb","floor":39,"turns":4},{"damage":2,"enemies":"Maw","floor":40,"turns":6},{"damage":83,"enemies":"Giant Head","floor":41,"turns":10},{"damage":0,"enemies":"Sphere and 2 Shapes","floor":45,"turns":3},{"damage":8,"enemies":"Flame Bruiser 2 Orb","floor":46,"turns":4},{"damage":89,"enemies":"Awakened One","floor":50,"turns":6}],"event_choices":[{"event_name":"The Woman in Blue","player_choice":"Bought 0 Potions","floor":4,"damage_taken":0},{"event_name":"Back to Basics","player_choice":"Simplicity","floor":20,"damage_taken":0},{"event_name":"Wheel of Change","player_choice":"Relic","floor":28,"damage_taken":0},{"event_name":"Purifier","player_choice":"One Purge","floor":30,"damage_taken":0},{"event_name":"Duplicator","player_choice":"One dupe","floor":36,"damage_taken":0},{"event_name":"Transmorgrifier","player_choice":"Skipped","floor":47,"damage_taken":0},{"event_name":"Winding Halls","player_choice":"Writhe","floor":48,"damage_taken":0}],"boss_relics":[{"not_picked":["Snecko Eye","White Beast Statue"],"picked":"Sozu"},{"not_picked":["Velvet Choker","Philosopher\u0027s Stone"],"picked":"The Specimen"}],"potions_floor_spawned":[2,3,6,8,12,14,22,24,29,31,38,40,45,46],"seed_played":"719274328860945203","killed_by":"Awakened One","ascension_level":5,"is_trial":false}