{"gold_per_floor":[110,110,69,87,37,65,65,65,65,85,112,131,131,143,143,244,244,254,254,254,134,134,134,34,53,53,69,81,95,113,123,123,222,222,238,257,257,271,286,316,286,286,337,337,352,5,5,30,30,30,30,30,30,60,60],"floor_reached":55,"playtime":5425,"items_purged":["Defend_R","Defend_R","Normality"],"score":883,"play_id":"0eed2a5e-3c06-4c5d-9f90-0c0ce5d8779f","local_time":"20190524223424","is_ascension_mode":true,"campfire_choices":[{"data":"Seeing Red","floor":7.0,"key":"SMITH"},{"data":"Fiend Fire","floor":13.0,"key":"SMITH"},{"data":"Whirlwind","floor":15.0,"key":"SMITH"},{"data":"Barricade","floor":23.0,"key":"SMITH"},{"floor":32.0,"key":"REST"},{"floor":42,"key":"RECALL"},{"data":"1","floor":44,"key":"LIFT"},{"data":"Armaments","floor":47,"key":"SMITH"},{"floor":49,"key":"REST"},{"floor":52,"key":"REST"}],"neow_cost":"NONE","seed_source_timestamp":0,"circlet_count":0,"master_deck":["Strike_R+1","Defend_R","Defend_R+1","Bash","Clothesline","Metallicize+1","Seeing Red+1","Intimidate","Pummel","Feel No Pain","Fiend Fire+1","Whirlwind+1","Pummel","Feed","Shrug It Off","Offering","Barricade+1","Warcry","Writhe","Spot Weakness","Feel No Pain","Armaments+1","Infernal Blade+1","Juggernaut","Flame Barrier+1","Body Slam","Rampage+1","True Grit+1","Shockwave","Parasite","Parasite","Armaments+1","Disarm","Rampage"],"special_seed":0,"relics":["Burning Blood","Ornamental Fan","Mercury Hourglass","Odd Mushroom","Cursed Key","Nilry\u0027s Codex","Bag of Marbles","Thread and Needle","Sozu","Girya","Centennial Puzzle","Strawberry","Vajra"],"potions_floor_usage":[50],"damage_taken":[{"damage":10.0,"enemies":"Jaw Worm","floor":1.0,"turns":5.0},{"damage":0.0,"enemies":"2 Louse","floor":4.0,"turns":3.0},{"damage":29.0,"enemies":"Lagavulin","floor":6.0,"turns":7.0},{"damage":0.0,"enemies":"Small Slimes","floor":10.0,"turns":2.0},{"damage":7.0,"enemies":"The Mushroom Lair","floor":11.0,"turns":3.0},{"damage":3.0,"enemies":"Exordium Thugs","floor":12.0,"turns":5.0},{"damage":4.0,"enemies":"Blue Slaver","floor":14.0,"turns":4.0},{"damage":33.0,"enemies":"Hexaghost","floor":16.0,"turns":12.0},{"damage":17.0,"enemies":"Shell Parasite","floor":18.0,"turns":5.0},{"damage":6.0,"enemies":"3 Byrds","floor":25.0,"turns":3.0},{"damage":16.0,"enemies":"Snake Plant","floor":27.0,"turns":2.0},{"damage":6.0,"enemies":"Centurion and Healer","floor":28.0,"turns":2.0},{"damage":4.0,"enemies":"Cultist and Chosen","floor":29.0,"turns":4.0},{"damage":6.0,"enemies":"Shelled Parasite and Fungi","floor":30.0,"turns":3.0},{"damage":6.0,"enemies":"Snecko","floor":31.0,"turns":5.0},{"damage":27.0,"enemies":"Collector","floor":33.0,"turns":11.0},{"damage":0.0,"enemies":"Orb Walker","floor":35.0,"turns":3.0},{"damage":6.0,"enemies":"3 Shapes","floor":36.0,"turns":3.0},{"damage":6.0,"enemies":"Sphere and 2 Shapes","floor":38.0,"turns":3.0},{"damage":9.0,"enemies":"4 Shapes","floor":39.0,"turns":5.0},{"damage":54.0,"enemies":"Nemesis","floor":40.0,"turns":11.0},{"damage":12,"enemies":"Writhing Mass","floor":45,"turns":6},{"damage":9,"enemies":"Reptomancer","floor":48,"turns":8},{"damage":48,"enemies":"Donu and Deca","floor":50,"turns":12},{"damage":77,"enemies":"Shield and Spear","floor":54,"turns":7},{"damage":25,"enemies":"The Heart","floor":55,"turns":2}],"seed_played":"7884165628701502282","potions_obtained":[{"floor":1.0,"key":"Explosive Potion"},{"floor":6.0,"key":"SpeedPotion"},{"floor":14.0,"key":"Swift Potion"},{"floor":16.0,"key":"SteroidPotion"},{"floor":25.0,"key":"SpeedPotion"},{"floor":27.0,"key":"Fire Potion"},{"floor":29.0,"key":"BloodPotion"},{"floor":30.0,"key":"BloodPotion"}],"is_trial":false,"path_per_floor":["M","?","$","M","?","E","R","?","T","M","?","M","R","M","R","B",null,"M","?","?","$","?","R","$","M","T","M","M","M","M","M","R","B",null,"M","M","?","M","M","E","?","R","T","R","M","$","R","E","R","B",null,"R","$","E","B"],"character_chosen":"IRONCLAD","items_purchased":["Seeing Red","Warcry","Disarm","Centennial Puzzle"],"campfire_rested":3,"item_purchase_floors":[3,21,46,46],"current_hp_per_floor":[68,52,52,58,58,35,35,35,35,41,40,43,43,45,45,18,65,54,38,38,38,38,38,38,38,38,28,28,30,30,30,54,49,72,78,78,78,78,75,27,27,27,27,27,21,21,21,25,51,13,72,91,91,20,0],"gold":60,"neow_bonus":"THREE_CARDS","is_prod":false,"is_daily":false,"chose_seed":false,"campfire_upgraded":5,"win_rate":0,"timestamp":1558751664,"path_taken":["M","?","$","M","?","E","R","?","T","?","?","M","R","M","R","BOSS","M","?","?","$","?","R","?","?","T","M","M","M","M","M","R","BOSS","M","M","?","M","M","E","?","R","T","R","?","$","R","E","R","BOSS","R","$","E","BOSS"],"build_version":"2019-01-23","purchased_purges":3,"victory":false,"max_hp_per_floor":[80,80,80,80,80,80,80,80,80,80,80,80,80,80,80,80,80,80,80,80,80,80,80,80,80,80,80,80,80,80,80,80,80,80,80,80,80,80,80,80,80,80,80,80,80,80,80,87,87,91,91,91,91,91,91],"card_choices":[{"not_picked":["Clash","Perfected Strike"],"picked":"Clothesline","floor":0.0},{"not_picked":["Body Slam","Warcry"],"picked":"Metallicize","floor":1.0},{"not_picked":["Clash","Thunderclap"],"picked":"Intimidate","floor":4.0},{"not_picked":["Thunderclap","Dark Embrace"],"picked":"Pummel","floor":6.0},{"not_picked":["Twin Strike","Sword Boomerang"],"picked":"Feel No Pain","floor":10.0},{"not_picked":["Havoc","Heavy Blade"],"picked":"Fiend Fire","floor":11.0},{"not_picked":["True Grit","Havoc"],"picked":"Whirlwind","floor":12.0},{"not_picked":["Pommel Strike","Flex"],"picked":"Pummel","floor":14.0},{"not_picked":["Berserk","Offering"],"picked":"Feed","floor":16.0},{"not_picked":["Heavy Blade+1","Power Through"],"picked":"Shrug It Off","floor":18.0},{"not_picked":["Iron Wave","Havoc","Anger"],"picked":"SKIP","floor":25.0},{"not_picked":["Pummel","Clash"],"picked":"Spot Weakness","floor":27.0},{"not_picked":["Dual Wield","Body Slam"],"picked":"Feel No Pain","floor":28.0},{"not_picked":["Thunderclap","Dark Embrace","Perfected Strike+1"],"picked":"SKIP","floor":29.0},{"not_picked":["Blood for Blood","Iron Wave"],"picked":"Armaments","floor":30.0},{"not_picked":["Thunderclap","Disarm"],"picked":"Infernal Blade+1","floor":31.0},{"not_picked":["Dark Embrace","Bludgeon"],"picked":"Juggernaut","floor":33.0},{"not_picked":["Second Wind","Ghostly Armor"],"picked":"Flame Barrier+1","floor":35.0},{"not_picked":["Blood for Blood","Havoc+1"],"picked":"Body Slam","floor":36.0},{"not_picked":["Shockwave+1","Second Wind+1"],"picked":"Rampage+1","floor":38.0},{"not_picked":["Carnage+1","Wild Strike+1"],"picked":"True Grit+1","floor":39.0},{"not_picked":["Body Slam","Pummel+1"],"picked":"Shockwave","floor":40},{"not_picked":["Body Slam","Sword Boomerang+1"],"picked":"Armaments+1","floor":45},{"not_picked":["Immolate","Whirlwind+1","Anger+1"],"picked":"SKIP","floor":48},{"not_picked":["Twin Strike+1","Thunderclap"],"picked":"Rampage","floor":54}],"player_experience":130800,"relics_obtained":[{"floor":6.0,"key":"Ornamental Fan"},{"floor":9.0,"key":"Mercury Hourglass"},{"floor":11.0,"key":"Odd Mushroom"},{"floor":19.0,"key":"Nilry\u0027s Codex"},{"floor":26.0,"key":"Thread and Needle"},{"floor":40,"key":"Girya"},{"floor":48,"key":"Strawberry"},{"floor":54,"key":"Vajra"}],"event_choices":[{"damage_healed":0.0,"max_hp_gain":0.0,"max_hp_loss":0.0,"gold_gain":0.0,"event_name":"Shining Light","player_choice":"Entered Light","floor":2.0,"gold_loss":0.0,"damage_taken":16.0,"cards_upgraded":["Strike_R","Defend_R"]},{"cards_removed":["Strike_R"],"damage_healed":0.0,"max_hp_gain":0.0,"max_hp_loss":0.0,"gold_gain":0.0,"event_name":"The Cleric","player_choice":"Card Removal","floor":5.0,"gold_loss":50.0,"damage_taken":0.0},{"damage_healed":0.0,"max_hp_gain":0.0,"max_hp_loss":0.0,"gold_gain":0.0,"event_name":"Upgrade Shrine","player_choice":"Upgraded","floor":8.0,"gold_loss":0.0,"damage_taken":0.0,"cards_upgraded":["Metallicize"]},{"damage_healed":0.0,"max_hp_gain":0.0,"max_hp_loss":0.0,"gold_gain":0.0,"event_name":"Mushrooms","player_choice":"Fought Mushrooms","floor":11.0,"gold_loss":0.0,"damage_taken":0.0},{"damage_healed":0.0,"max_hp_gain":0.0,"max_hp_loss":0.0,"gold_gain":0.0,"event_name":"Cursed Tome","player_choice":"Obtained Book","floor":19.0,"gold_loss":0.0,"damage_taken":16.0},{"damage_healed":0.0,"max_hp_gain":0.0,"max_hp_loss":0.0,"gold_gain":0.0,"cards_transformed":["Strike_R","Strike_R"],"event_name":"Drug Dealer","player_choice":"Became Test Subject","floor":20.0,"gold_loss":0.0,"damage_taken":0.0,"cards_obtained":["Offering","Barricade"]},{"damage_healed":0.0,"max_hp_gain":0.0,"max_hp_loss":0.0,"gold_gain":0.0,"event_name":"The Mausoleum","player_choice":"Opened","floor":22.0,"gold_loss":0.0,"damage_taken":0.0,"relics_obtained":["Bag of Marbles"],"cards_obtained":["Writhe"]},{"cards_removed":["Strike_R"],"damage_healed":0.0,"max_hp_gain":0.0,"max_hp_loss":0.0,"gold_gain":0.0,"event_name":"Falling","player_choice":"Removed Attack","floor":37.0,"gold_loss":0.0,"damage_taken":0.0},{"damage_healed":0,"gold_gain":0,"player_choice":"Bought 2 Potions","damage_taken":0,"max_hp_gain":0,"max_hp_loss":0,"event_name":"The Woman in Blue","floor":41,"gold_loss":0}],"is_beta":false,"boss_relics":[{"not_picked":["Lizard Tail","Calling Bell"],"picked":"Cursed Key"},{"not_picked":["Snecko Eye","Black Blood"],"picked":"Sozu"}],"items_purged_floors":[21,24,46],"is_endless":false,"potions_floor_spawned":[1,6,14,16,25,27,29,30,35,40,45,48],"killed_by":"The Heart","ascension_level":6}