{"gold_per_floor":[12,32,47,32,47,74,86,11,38,69,82,82],"floor_reached":12,"playtime":577,"items_purged":["Strike_B"],"score":94,"play_id":"7346c723-e436-4e33-9a74-ba11df052810","local_time":"20181025212827","is_ascension_mode":false,"campfire_choices":[],"neow_cost":"NO_GOLD","seed_source_timestamp":94578219647261,"circlet_count":0,"master_deck":["Strike_B","Strike_B","Strike_B","Defend_B","Defend_B","Defend_B","Defend_B","Zap","Dualcast","Coolheaded","Defragment","Double Energy","Doom and Gloom","Chaos","Ball Lightning","Beam Cell","White Noise","Sweeping Beam"],"relics":["Cracked Core","Nunchaku","Bag of Marbles","Omamori","Bottled Flame"],"potions_floor_usage":[10,10],"damage_taken":[{"damage":1,"enemies":"2 Louse","floor":1,"turns":3},{"damage":6,"enemies":"Jaw Worm","floor":2,"turns":3},{"damage":3,"enemies":"Small Slimes","floor":3,"turns":4},{"damage":10,"enemies":"Exordium Thugs","floor":4,"turns":5},{"damage":11,"enemies":"Exordium Wildlife","floor":5,"turns":5},{"damage":19,"enemies":"3 Sentries","floor":6,"turns":6},{"damage":13,"enemies":"2 Fungi Beasts","floor":7,"turns":3},{"damage":11,"enemies":"Gremlin Nob","floor":10,"turns":3},{"damage":0,"enemies":"Lots of Slimes","floor":11,"turns":1},{"damage":6,"enemies":"Gremlin Gang","floor":12,"turns":2}],"seed_played":"1434404023207011100","potions_obtained":[{"floor":1,"key":"Ancient Potion"},{"floor":4,"key":"Block Potion"},{"floor":5,"key":"SkillPotion"},{"floor":6,"key":"SkillPotion"},{"floor":11,"key":"SpeedPotion"}],"is_trial":false,"path_per_floor":["M","M","M","M","M","E","M","$","T","E","M"],"character_chosen":"DEFECT","items_purchased":[],"campfire_rested":0,"item_purchase_floors":[],"current_hp_per_floor":[74,68,65,55,44,25,12,12,12,1,1,0],"gold":82,"neow_bonus":"ONE_RARE_RELIC","is_prod":false,"is_daily":false,"chose_seed":false,"campfire_upgraded":0,"win_rate":0,"timestamp":1540528107,"path_taken":["M","M","M","M","M","E","M","$","T","E","M","M"],"build_version":"2018-10-25","purchased_purges":1,"victory":false,"max_hp_per_floor":[75,75,75,75,75,75,75,75,75,75,75,75],"card_choices":[{"not_picked":["Consume","Turbo"],"picked":"Coolheaded","floor":1},{"not_picked":["Stack","FTL"],"picked":"Defragment","floor":2},{"not_picked":["Go for the Eyes","FTL"],"picked":"Double Energy","floor":3},{"not_picked":["Coolheaded","Leap"],"picked":"Doom and Gloom","floor":4},{"not_picked":["Auto Shields","Streamline"],"picked":"Chaos","floor":5},{"not_picked":["Doom and Gloom","Redo"],"picked":"Ball Lightning","floor":6},{"not_picked":["Undo","Glacier"],"picked":"Beam Cell","floor":7},{"not_picked":["Sunder","Turbo"],"picked":"White Noise","floor":10},{"not_picked":["Self Repair","Steam"],"picked":"Sweeping Beam","floor":11}],"player_experience":96208,"relics_obtained":[{"floor":6,"key":"Bag of Marbles"},{"floor":9,"key":"Omamori"},{"floor":10,"key":"Bottled Flame"}],"event_choices":[],"is_beta":false,"boss_relics":[],"items_purged_floors":[8],"is_endless":false,"potions_floor_spawned":[1,4,5,6,11],"killed_by":"Gremlin Gang","ascension_level":0}