{"gold_per_floor":[111,111,111,127,139,168,168,184,184,184,32,32,32,32,32,103,103,113,75,88,88,103,103],"floor_reached":23,"playtime":1300,"items_purged":[],"score":312,"play_id":"5e10a2b8-24fd-4402-8324-8c503e22ad7b","local_time":"20190210104415","is_ascension_mode":true,"campfire_choices":[{"floor":7,"key":"REST"},{"floor":10,"key":"REST"},{"data":"Dash","floor":13,"key":"SMITH"},{"data":"Escape Plan","floor":15,"key":"SMITH"}],"neow_cost":"NONE","seed_source_timestamp":1670496001625883,"circlet_count":0,"master_deck":["AscendersBane","Defend_G","Defend_G","Defend_G","Defend_G","Defend_G","Strike_G","Strike_G","Strike_G","Strike_G","Strike_G","Survivor","Neutralize+1","Flying Knee","Slice","Deadly Poison","Flying Knee","Dash+1","Poisoned Stab","Escape Plan+1","Glass Knife","Finisher","Caltrops","Quick Slash+1"],"relics":["Ring of the Snake","Oddly Smooth Stone","Paper Crane","Meat on the Bone","Pen Nib","Fusion Hammer"],"potions_floor_usage":[16,16],"damage_taken":[{"damage":0,"enemies":"Small Slimes","floor":1,"turns":3},{"damage":0,"enemies":"2 Louse","floor":4,"turns":3},{"damage":6,"enemies":"Jaw Worm","floor":5,"turns":6},{"damage":38,"enemies":"3 Sentries","floor":6,"turns":10},{"damage":0,"enemies":"Red Slaver","floor":8,"turns":4},{"damage":44,"enemies":"Hexaghost","floor":16,"turns":10},{"damage":5,"enemies":"2 Thieves","floor":18,"turns":5},{"damage":0,"enemies":"Chosen","floor":20,"turns":3},{"damage":40,"enemies":"Snecko","floor":22,"turns":5},{"damage":54,"enemies":"Gremlin Leader","floor":23,"turns":7}],"seed_played":"7362862989643360221","potions_obtained":[{"floor":5,"key":"Weak Potion"},{"floor":6,"key":"LiquidBronze"},{"floor":8,"key":"Ancient Potion"}],"is_trial":false,"path_per_floor":["M","?","?","M","M","E","R","M","T","R","$","?","R","?","R","B",null,"M","$","M","?","M","E"],"character_chosen":"THE_SILENT","items_purchased":["Pen Nib","Caltrops"],"campfire_rested":2,"item_purchase_floors":[11,19],"current_hp_per_floor":[70,63,63,63,57,19,42,42,42,65,65,70,70,70,70,38,71,66,66,66,66,38,0],"gold":103,"neow_bonus":"TEN_PERCENT_HP_BONUS","is_prod":false,"is_daily":false,"chose_seed":false,"campfire_upgraded":2,"win_rate":0,"timestamp":1549788255,"path_taken":["M","?","?","M","?","E","R","M","T","R","?","?","R","?","R","BOSS","M","?","M","?","M","E"],"build_version":"2019-02-06","purchased_purges":0,"victory":false,"max_hp_per_floor":[77,77,77,77,77,77,77,77,77,77,77,82,82,82,82,82,82,82,82,82,82,82,82],"card_choices":[{"not_picked":["Acrobatics","Cloak And Dagger"],"picked":"Flying Knee","floor":1},{"not_picked":["Calculated Gamble","Tactician"],"picked":"Slice","floor":4},{"not_picked":["Acrobatics","Dodge and Roll"],"picked":"Deadly Poison","floor":5},{"not_picked":["Blade Dance","Setup"],"picked":"Flying Knee","floor":6},{"not_picked":["Dodge and Roll","Backflip"],"picked":"Dash","floor":8},{"not_picked":["Storm of Steel","Envenom"],"picked":"Glass Knife","floor":16},{"not_picked":["Poisoned Stab","Cloak And Dagger"],"picked":"Finisher","floor":18},{"not_picked":["Concentrate","Deflect","Flying Knee"],"picked":"SKIP","floor":20},{"not_picked":["Dodge and Roll","Sucker Punch"],"picked":"Quick Slash+1","floor":22}],"player_experience":463478,"relics_obtained":[{"floor":6,"key":"Paper Crane"},{"floor":9,"key":"Meat on the Bone"}],"event_choices":[{"damage_healed":0,"gold_gain":0,"player_choice":"Success","damage_taken":7,"relics_obtained":["Oddly Smooth Stone"],"max_hp_gain":0,"max_hp_loss":0,"event_name":"Scrap Ooze","floor":2,"gold_loss":0},{"damage_healed":0,"gold_gain":0,"player_choice":"Grow","damage_taken":0,"max_hp_gain":0,"max_hp_loss":0,"event_name":"Living Wall","floor":3,"gold_loss":0,"cards_upgraded":["Neutralize"]},{"damage_healed":0,"gold_gain":0,"player_choice":"Donut","damage_taken":0,"max_hp_gain":5,"max_hp_loss":0,"event_name":"Big Fish","floor":12,"gold_loss":0},{"damage_healed":0,"gold_gain":0,"player_choice":"2 cards matched","damage_taken":0,"max_hp_gain":0,"max_hp_loss":0,"event_name":"Match and Keep!","floor":14,"gold_loss":0,"cards_obtained":["Poisoned Stab","Escape Plan"]},{"damage_healed":0,"gold_gain":0,"player_choice":"Ignored","damage_taken":0,"max_hp_gain":0,"max_hp_loss":0,"event_name":"Beggar","floor":21,"gold_loss":0}],"is_beta":true,"boss_relics":[{"not_picked":["Philosopher\u0027s Stone","Black Star"],"picked":"Fusion Hammer"}],"items_purged_floors":[],"is_endless":false,"potions_floor_spawned":[5,6,8],"killed_by":"Gremlin Leader","ascension_level":13}