{"path_per_floor":["M","?","?","M","$","R","E","M","T","E","M","E"],"character_chosen":"DEFECT","items_purchased":[],"gold_per_floor":[119,119,119,139,139,139,174,185,254,279,293,322,322],"floor_reached":13,"campfire_rested":0,"playtime":715,"item_purchase_floors":[],"current_hp_per_floor":[69,69,69,65,65,65,54,51,51,18,16,15,0],"items_purged":[],"gold":322,"score":113,"play_id":"a6657a94-1dc4-499e-ba8d-00679b1efff8","local_time":"20180526141856","is_prod":false,"is_daily":false,"chose_seed":false,"is_ascension_mode":true,"campfire_upgraded":1,"win_rate":0,"timestamp":1527333536,"campfire_choices":[{"data":"Thunder Strike","floor":6,"key":"SMITH"}],"path_taken":["M","?","?","M","$","R","E","M","T","E","M","E","?"],"build_version":"2018-05-25","seed_source_timestamp":746004412646517,"purchased_purges":0,"victory":false,"master_deck":["Strike_B","Strike_B","Strike_B","Strike_B","Defend_B","Defend_B","Defend_B","Zap","Dualcast","Leap","Thunder Strike+1","Coolheaded","Compile Driver","Doom and Gloom","Leap","White Noise"],"max_hp_per_floor":[75,75,75,75,75,75,75,75,75,77,77,77,77],"relics":["Sozu","Singing Bowl","Darkstone Periapt","Dead Branch","The Courier"],"card_choices":[{"not_picked":["Rebound","Barrage"],"picked":"Leap","floor":1},{"not_picked":["Hologram","Chaos"],"picked":"Coolheaded","floor":4},{"not_picked":["BootSequence","Coolheaded"],"picked":"Compile Driver","floor":7},{"not_picked":["Undo","Turbo"],"picked":"Doom and Gloom","floor":8},{"not_picked":["Cold Snap","Reprogram","Consume"],"picked":"Singing Bowl","floor":10},{"not_picked":["Go for the Eyes","Rebound"],"picked":"Leap","floor":11},{"not_picked":["Streamline","Redo"],"picked":"White Noise","floor":12}],"player_experience":225682,"potions_floor_usage":[],"damage_taken":[{"damage":6,"enemies":"Jaw Worm","floor":1,"turns":4},{"damage":4,"enemies":"2 Louse","floor":4,"turns":2},{"damage":11,"enemies":"3 Sentries","floor":7,"turns":9},{"damage":3,"enemies":"Small Slimes","floor":8,"turns":3},{"damage":35,"enemies":"Gremlin Nob","floor":10,"turns":5},{"damage":2,"enemies":"2 Fungi Beasts","floor":11,"turns":3},{"damage":1,"enemies":"3 Sentries","floor":12,"turns":5},{"damage":17,"enemies":"Exordium Wildlife","floor":13,"turns":1}],"relics_obtained":[{"floor":7,"key":"Singing Bowl"},{"floor":9,"key":"Darkstone Periapt"},{"floor":10,"key":"Dead Branch"},{"floor":12,"key":"The Courier"}],"event_choices":[{"event_name":"The Cleric","player_choice":"Leave","floor":2,"damage_taken":0},{"event_name":"Living Wall","player_choice":"Change","floor":3,"damage_taken":0}],"boss_relics":[],"items_purged_floors":[],"potions_floor_spawned":[10,11,12],"seed_played":"2366492955274498285","killed_by":"Exordium Wildlife","ascension_level":2,"potions_obtained":[],"is_trial":false}