{"gold_per_floor":[119,119,119,138,158,158,158,158,211,236,255,330,330,330],"floor_reached":14,"playtime":725,"items_purged":[],"score":123,"play_id":"49ed752b-a558-4253-9ae3-401999812e73","local_time":"20190526002945","is_ascension_mode":true,"campfire_choices":[{"data":"Double Tap","floor":6,"key":"SMITH"},{"data":"Shrug It Off","floor":8,"key":"SMITH"}],"neow_cost":"NONE","seed_source_timestamp":132553615115191,"circlet_count":0,"master_deck":["Strike_R","Strike_R","Strike_R","Defend_R","Defend_R","Defend_R","Defend_R","Bash","Double Tap+1","Evolve","Shrug It Off+1","Sword Boomerang","Pommel Strike","Injury"],"relics":["Burning Blood","Pen Nib","Potion Belt","Golden Idol"],"potions_floor_usage":[11,11,14],"damage_taken":[{"damage":11,"enemies":"Cultist","floor":1,"turns":4},{"damage":0,"enemies":"2 Louse","floor":4,"turns":3},{"damage":13,"enemies":"Small Slimes","floor":5,"turns":4},{"damage":60,"enemies":"Lagavulin","floor":10,"turns":7},{"damage":0,"enemies":"Looter","floor":11,"turns":1},{"damage":7,"enemies":"3 Louse","floor":14,"turns":2}],"seed_played":"4294078251510679282","potions_obtained":[{"floor":1,"key":"Explosive Potion"},{"floor":4,"key":"Strength Potion"},{"floor":10,"key":"Energy Potion"}],"is_trial":false,"path_per_floor":["M","?","?","M","M","R","?","R","T","E","M","?","?","M"],"character_chosen":"IRONCLAD","items_purchased":[],"campfire_rested":0,"item_purchase_floors":[],"current_hp_per_floor":[67,72,72,78,71,71,64,64,64,10,16,5,5,0],"gold":330,"neow_bonus":"ONE_RANDOM_RARE_CARD","is_prod":false,"is_daily":false,"chose_seed":false,"campfire_upgraded":2,"win_rate":0,"timestamp":1558844985,"path_taken":["M","?","?","M","?","R","?","R","T","E","M","?","?","M"],"build_version":"2019-01-23","purchased_purges":0,"victory":false,"max_hp_per_floor":[80,85,85,85,85,85,85,85,85,85,85,85,85,85],"card_choices":[{"not_picked":["Reckless Charge","Sword Boomerang"],"picked":"Evolve","floor":1},{"not_picked":["Havoc","Evolve","Combust"],"picked":"SKIP","floor":4},{"not_picked":["Twin Strike","Warcry"],"picked":"Shrug It Off","floor":5},{"not_picked":["Bloodletting","Intimidate"],"picked":"Sword Boomerang","floor":10},{"not_picked":["Blood for Blood","Perfected Strike"],"picked":"Pommel Strike","floor":11}],"player_experience":145645,"relics_obtained":[{"floor":9,"key":"Pen Nib"},{"floor":10,"key":"Potion Belt"}],"event_choices":[{"damage_healed":0,"gold_gain":0,"player_choice":"Donut","damage_taken":0,"max_hp_gain":5,"max_hp_loss":0,"event_name":"Big Fish","floor":2,"gold_loss":0},{"cards_removed":["Strike_R"],"damage_healed":0,"gold_gain":0,"player_choice":"Offered Basic","damage_taken":0,"max_hp_gain":0,"max_hp_loss":0,"event_name":"Bonfire Elementals","floor":3,"gold_loss":0},{"cards_removed":["Strike_R"],"damage_healed":0,"gold_gain":0,"player_choice":"Card Removal","damage_taken":7,"max_hp_gain":0,"max_hp_loss":0,"event_name":"Golden Wing","floor":7,"gold_loss":0},{"damage_healed":0,"gold_gain":75,"player_choice":"Gather Gold","damage_taken":11,"max_hp_gain":0,"max_hp_loss":0,"event_name":"World of Goop","floor":12,"gold_loss":0},{"damage_healed":0,"gold_gain":0,"player_choice":"Take Wound","damage_taken":0,"relics_obtained":["Golden Idol"],"max_hp_gain":0,"max_hp_loss":0,"event_name":"Golden Idol","floor":13,"gold_loss":0,"cards_obtained":["Injury"]}],"is_beta":false,"boss_relics":[],"items_purged_floors":[],"is_endless":false,"potions_floor_spawned":[1,4,10],"killed_by":"3 Louse","ascension_level":8}