{"gold_per_floor":[113,132,132,143,143,168,168,184,184,210,220,255,275,275,275,375,375,392,74,91,108,108,108,138,156,179,209,221,39,58,58,58,154,154,172,187,187,206,221,221,221],"floor_reached":41,"playtime":3188,"items_purged":[],"score":709,"play_id":"8c7493fe-1b30-47fc-8938-729816c3c2a1","local_time":"20181112154229","is_ascension_mode":true,"campfire_choices":[{"floor":7,"key":"REST"},{"floor":15,"key":"REST"},{"floor":23,"key":"REST"},{"data":"Neutralize","floor":32,"key":"SMITH"},{"floor":40,"key":"REST"}],"neow_cost":"NONE","seed_source_timestamp":0,"circlet_count":0,"master_deck":["Defend_G","Defend_G","Defend_G","Defend_G","Defend_G","Strike_G","Strike_G","Strike_G","Strike_G","Survivor","Neutralize+1","Quick Slash","Dagger Spray","Noxious Fumes","Skewer","Distraction","Blur","Poisoned Stab","Neutralize","Die Die Die","Envenom","Backflip+1","Die Die Die","Deadly Poison+1","Poisoned Stab","Pain","Deadly Poison","Blur","Clumsy","Writhe","Deadly Poison","A Thousand Cuts","Deadly Poison+1","Distraction+1","Madness","Madness","Endless Agony+1"],"special_seed":0,"relics":["Ring of the Snake","Matryoshka","Lantern","Singing Bowl","Du-Vu Doll","Smiling Mask","Cursed Key","Tiny Chest","DollysMirror","WarpedTongs","Gambling Chip","Ancient Tea Set","MawBank","Centennial Puzzle","Cauldron","Black Star"],"potions_floor_usage":[12,16,24,24,30,30,30,33],"damage_taken":[{"damage":6.0,"enemies":"Cultist","floor":1.0,"turns":5.0},{"damage":1.0,"enemies":"Jaw Worm","floor":2.0,"turns":6.0},{"damage":4.0,"enemies":"Small Slimes","floor":4.0,"turns":3.0},{"damage":24.0,"enemies":"Lagavulin","floor":6.0,"turns":7.0},{"damage":6,"enemies":"Blue Slaver","floor":8,"turns":4},{"damage":21,"enemies":"3 Sentries","floor":10,"turns":8},{"damage":4,"enemies":"Lots of Slimes","floor":11,"turns":2},{"damage":5,"enemies":"Gremlin Nob","floor":12,"turns":6},{"damage":7,"enemies":"Exordium Wildlife","floor":13,"turns":4},{"damage":34,"enemies":"Slime Boss","floor":16,"turns":11},{"damage":5,"enemies":"Chosen","floor":18,"turns":6},{"damage":26,"enemies":"Shell Parasite","floor":20,"turns":6},{"damage":17,"enemies":"Snake Plant","floor":21,"turns":5},{"damage":30,"enemies":"Gremlin Leader","floor":24,"turns":8},{"damage":17,"enemies":"Sentry and Sphere","floor":25,"turns":4},{"damage":3,"enemies":"3 Cultists","floor":27,"turns":4},{"damage":14,"enemies":"Cultist and Chosen","floor":30,"turns":5},{"damage":70,"enemies":"Automaton","floor":33,"turns":10},{"damage":3,"enemies":"3 Darklings","floor":35,"turns":2},{"damage":9,"enemies":"Orb Walker","floor":36,"turns":3},{"damage":17,"enemies":"Jaw Worm Horde","floor":38,"turns":4},{"damage":23,"enemies":"Maw","floor":39,"turns":5},{"damage":44,"enemies":"Reptomancer","floor":41,"turns":4}],"seed_played":"-2389789086159299852","potions_obtained":[{"floor":1.0,"key":"Block Potion"},{"floor":8,"key":"FairyPotion"},{"floor":11,"key":"Block Potion"},{"floor":12,"key":"Swift Potion"},{"floor":20,"key":"Poison Potion"},{"floor":21,"key":"SkillPotion"},{"floor":27,"key":"AttackPotion"},{"floor":29,"key":"Regen Potion"},{"floor":29,"key":"Regen Potion"},{"floor":29,"key":"Fruit Juice"},{"floor":30,"key":"Regen Potion"},{"floor":39,"key":"Ancient Potion"}],"is_trial":false,"path_per_floor":["M","M","$","M","?","E","R","M","T","E","M","E","M","?","R","B",null,"M","$","M","M","?","R","E","M","T","M","T","$","M","?","R","B",null,"M","M","?","M","M","R","E"],"character_chosen":"THE_SILENT","items_purchased":["Tiny Chest","DollysMirror","Cauldron"],"campfire_rested":4,"item_purchase_floors":[19,19,29],"current_hp_per_floor":[64,63,63,59,59,35,58,52,52,33,31,26,21,21,45,11,65,60,60,34,17,17,41,11,4,4,3,3,3,34,64,64,9,70,67,58,47,32,9,36,0],"gold":221,"neow_bonus":"TEN_PERCENT_HP_BONUS","is_prod":false,"is_daily":false,"chose_seed":false,"campfire_upgraded":1,"win_rate":0,"timestamp":1542030149,"path_taken":["M","M","?","M","?","E","R","M","T","E","M","E","?","?","R","BOSS","M","?","M","?","?","R","E","M","T","?","?","?","M","?","R","BOSS","M","M","?","M","M","R","E"],"build_version":"2018-11-08","purchased_purges":0,"victory":false,"max_hp_per_floor":[77,77,77,77,77,77,77,77,77,79,81,81,83,83,83,83,83,83,83,83,83,83,83,83,83,83,85,85,85,90,90,90,90,90,90,90,90,92,92,92,92],"card_choices":[{"not_picked":["Reflex","Outmaneuver"],"picked":"Quick Slash","floor":1.0},{"not_picked":["PiercingWail","Cloak And Dagger"],"picked":"Dagger Spray","floor":2.0},{"not_picked":["Outmaneuver","Deflect"],"picked":"Noxious Fumes","floor":4.0},{"not_picked":["PiercingWail","Bane"],"picked":"Distraction","floor":6.0},{"not_picked":["Reflex","Setup"],"picked":"Blur","floor":8},{"not_picked":["Phantasmal Killer","Setup","Deflect"],"picked":"Singing Bowl","floor":10},{"not_picked":["Cloak And Dagger","Acrobatics","Footwork"],"picked":"Singing Bowl","floor":11},{"not_picked":["Slice","Blade Dance"],"picked":"Poisoned Stab","floor":12},{"not_picked":["Outmaneuver","Dodge and Roll","After Image"],"picked":"Singing Bowl","floor":13},{"not_picked":["Burst","Storm of Steel"],"picked":"Envenom","floor":16},{"not_picked":["Sucker Punch","Underhanded Strike"],"picked":"Backflip+1","floor":18},{"not_picked":["Dodge and Roll","Footwork"],"picked":"Deadly Poison+1","floor":20},{"not_picked":["Quick Slash+1","Endless Agony"],"picked":"Poisoned Stab","floor":21},{"not_picked":["Footwork","Dagger Throw"],"picked":"Deadly Poison","floor":24},{"not_picked":["Outmaneuver","Blade Dance"],"picked":"Blur","floor":25},{"not_picked":["Reflex","Bullet Time","Distraction"],"picked":"Singing Bowl","floor":27},{"not_picked":["Skewer","Eviscerate"],"picked":"Deadly Poison","floor":30},{"not_picked":["Grand Finale","Unload"],"picked":"A Thousand Cuts","floor":33},{"not_picked":["Poisoned Stab","Sucker Punch"],"picked":"Deadly Poison+1","floor":35},{"not_picked":["Skewer+1","Infinite Blades"],"picked":"Distraction+1","floor":36},{"not_picked":["Quick Slash","Backflip","Acrobatics"],"picked":"Singing Bowl","floor":38},{"not_picked":["Tactician","Riddle With Holes+1"],"picked":"Endless Agony+1","floor":39}],"player_experience":286741,"relics_obtained":[{"floor":6.0,"key":"Matryoshka"},{"floor":9,"key":"Lantern"},{"floor":9,"key":"Singing Bowl"},{"floor":10,"key":"Du-Vu Doll"},{"floor":12,"key":"Smiling Mask"},{"floor":24,"key":"Gambling Chip"},{"floor":26,"key":"Ancient Tea Set"},{"floor":26,"key":"MawBank"},{"floor":28,"key":"Centennial Puzzle"}],"event_choices":[{"damage_healed":0.0,"max_hp_gain":0.0,"max_hp_loss":0.0,"gold_gain":0.0,"cards_transformed":["Strike_G"],"event_name":"Transmorgrifier","player_choice":"Transformed","floor":5.0,"gold_loss":0.0,"damage_taken":0.0,"cards_obtained":["Skewer"]},{"damage_healed":0,"gold_gain":0,"player_choice":"2 cards matched","damage_taken":0,"max_hp_gain":0,"max_hp_loss":0,"event_name":"Match and Keep!","floor":14,"gold_loss":0,"cards_obtained":["Neutralize","Die Die Die"]},{"damage_healed":0,"gold_gain":0,"player_choice":"Rummage","damage_taken":0,"relics_obtained":["WarpedTongs"],"max_hp_gain":0,"max_hp_loss":0,"event_name":"Accursed Blacksmith","floor":22,"gold_loss":0,"cards_obtained":["Pain"]},{"damage_healed":30,"gold_gain":0,"player_choice":"Heal","damage_taken":0,"max_hp_gain":0,"max_hp_loss":0,"event_name":"The Library","floor":31,"gold_loss":0},{"damage_healed":0,"gold_gain":0,"player_choice":"Embrace Madness","damage_taken":11,"max_hp_gain":0,"max_hp_loss":0,"event_name":"Winding Halls","floor":37,"gold_loss":0,"cards_obtained":["Madness","Madness"]}],"is_beta":true,"boss_relics":[{"not_picked":["White Beast Statue","Philosopher\u0027s Stone"],"picked":"Cursed Key"},{"not_picked":["Sozu","Astrolabe"],"picked":"Black Star"}],"items_purged_floors":[],"is_endless":false,"potions_floor_spawned":[1,8,11,12,20,21,27,30,39],"killed_by":"Reptomancer","ascension_level":9}