{"path_per_floor":["M","M","?","?","M","M","E","M","T","M","M","$","R","E","R","B",null,"M","?","?","M","?","E","R","M","T","E","R","E","R","M","R","B",null,"M","?","M","M","$","R","?","R","T","$","?","?","M","M","R","B"],"character_chosen":"THE_SILENT","items_purchased":[],"gold_per_floor":[99,99,99,99,99,99,99,69,69,69,54,54,54,54,54,54,54,54,54,54,0,0,0,0,0,0,0,0,0,0,0,0,0,0,0,0,0,0,0,0,0,0,0,0,0,0,0,0,0,0],"floor_reached":51,"campfire_rested":8,"playtime":3925,"current_hp_per_floor":[70,68,51,51,51,44,33,17,17,12,12,12,33,20,41,21,70,63,47,47,33,33,27,48,48,48,38,59,47,68,54,54,21,70,70,70,36,10,10,31,31,52,52,52,52,52,45,22,43,27],"items_purged":[],"gold":0,"score":855,"play_id":"d7648c11-46f5-48f3-8119-26ef6b5eb262","local_time":"20180320014147","is_prod":false,"is_daily":false,"is_ascension_mode":true,"campfire_upgraded":1,"timestamp":1521502907,"path_taken":["M","M","?","?","M","M","E","M","T","M","?","$","R","E","R","BOSS","M","?","?","?","?","E","R","M","T","E","R","E","R","M","R","BOSS","M","?","?","M","$","R","?","R","T","?","?","?","M","M","R","BOSS"],"build_version":"2018-03-16","purchased_purges":0,"victory":true,"master_deck":["Defend_G+1","Defend_G+1","Defend_G+1","Defend_G+1","Defend_G+1","Strike_G+1","Strike_G+1","Strike_G+1","Survivor","Neutralize+1","Bouncing Flask","Leg Sweep","Concentrate","Bouncing Flask","Blur","Dagger Throw","Well Laid Plans","Noxious Fumes","Backflip","Escape Plan","Night Terror","Reflex+1","PiercingWail+1","Dagger Spray+1","Footwork+1","Catalyst","Backstab","Burst","Acrobatics+1","Neutralize","Deflect","Distraction+1","Deadly Poison+1","Predator","Poisoned Stab"],"max_hp_per_floor":[70,70,70,70,70,70,70,70,70,70,70,70,70,70,70,70,70,70,70,70,70,70,70,70,70,70,70,70,70,70,70,70,70,70,70,70,70,70,70,70,70,70,70,70,70,70,70,70,70,70],"relics":["Ectoplasm","Golden Idol","Darkstone Periapt","Omamori","Pantograph","Sozu","Necronomicon","Tough Bandages","Ancient Tea Set","Bag of Marbles","Orichalcum","Snecko Eye","Torii"],"card_choices":[{"not_picked":["Dodge and Roll","Heel Hook"],"picked":"Bouncing Flask"},{"not_picked":["Blade Dance","All Out Attack"],"picked":"Leg Sweep"},{"not_picked":["Blade Dance","Outmaneuver"],"picked":"Bouncing Flask"},{"not_picked":["Crippling Poison","Sucker Punch"],"picked":"Blur"},{"not_picked":["Underhanded Strike","Outmaneuver"],"picked":"Dagger Throw"},{"not_picked":["Sucker Punch","Underhanded Strike"],"picked":"Well Laid Plans"},{"not_picked":["Night Terror","PiercingWail"],"picked":"Noxious Fumes"},{"not_picked":["Sucker Punch","Slice"],"picked":"Backflip"},{"not_picked":["Backflip","Leg Sweep"],"picked":"Escape Plan"},{"not_picked":["Doppelganger","Phantasmal Killer"],"picked":"Night Terror"},{"not_picked":["Skewer","Footwork"],"picked":"Reflex"},{"not_picked":["Blade Dance","All Out Attack"],"picked":"PiercingWail"},{"not_picked":["Finisher","Deflect"],"picked":"Dagger Spray"},{"not_picked":["Flying Knee","Dagger Spray"],"picked":"Footwork"},{"not_picked":["Underhanded Strike","Dodge and Roll"],"picked":"Catalyst"},{"not_picked":["Crippling Poison","Outmaneuver"],"picked":"Backstab"},{"not_picked":["Envenom","Phantasmal Killer"],"picked":"Burst"},{"not_picked":["Expertise","Slice"],"picked":"Acrobatics"},{"not_picked":["Underhanded Strike","Escape Plan"],"picked":"Distraction"},{"not_picked":["Eviscerate","Bane"],"picked":"Deadly Poison"},{"not_picked":["Backflip","Setup"],"picked":"Predator"},{"not_picked":["Prepared","Expertise"],"picked":"Poisoned Stab"}],"player_experience":144162,"potions_floor_usage":[10,11,14,23],"damage_taken":[{"damage":0,"enemies":"Small Slimes","floor":1,"turns":5},{"damage":2,"enemies":"Jaw Worm","floor":2,"turns":3},{"damage":0,"enemies":"Cultist","floor":5,"turns":4},{"damage":7,"enemies":"Large Slime","floor":6,"turns":5},{"damage":11,"enemies":"Lagavulin","floor":7,"turns":6},{"damage":16,"enemies":"Exordium Thugs","floor":8,"turns":3},{"damage":5,"enemies":"Exordium Wildlife","floor":10,"turns":6},{"damage":0,"enemies":"Looter","floor":11,"turns":2},{"damage":13,"enemies":"Gremlin Nob","floor":14,"turns":5},{"damage":45,"enemies":"Slime Boss","floor":16,"turns":14},{"damage":7,"enemies":"Chosen","floor":18,"turns":5},{"damage":14,"enemies":"2 Thieves","floor":21,"turns":5},{"damage":6,"enemies":"Gremlin Leader","floor":23,"turns":10},{"damage":0,"enemies":"Snake Plant","floor":25,"turns":4},{"damage":10,"enemies":"Book of Stabbing","floor":27,"turns":6},{"damage":12,"enemies":"Slavers","floor":29,"turns":8},{"damage":14,"enemies":"Centurion and Healer","floor":31,"turns":6},{"damage":49,"enemies":"Automaton","floor":33,"turns":7},{"damage":0,"enemies":"Orb Walker","floor":35,"turns":4},{"damage":34,"enemies":"3 Darklings","floor":37,"turns":6},{"damage":26,"enemies":"Flame Bruiser 2 Orb","floor":38,"turns":10},{"damage":7,"enemies":"Maw","floor":47,"turns":8},{"damage":23,"enemies":"4 Shapes","floor":48,"turns":2},{"damage":41,"enemies":"Donu and Deca","floor":50,"turns":9}],"event_choices":[{"event_name":"Golden Idol","player_choice":"Take Damage","floor":3,"damage_taken":0},{"event_name":"Transmorgrifier","player_choice":"Transform","floor":4,"damage_taken":0},{"event_name":"Cursed Tome","player_choice":"Obtained Book","floor":19,"damage_taken":0},{"event_name":"Addict","player_choice":"Ignored","floor":20,"damage_taken":0},{"event_name":"Back to Basics","player_choice":"Simplicity","floor":22,"damage_taken":0},{"event_name":"Match and Keep!","player_choice":"2 cards matched","floor":36,"damage_taken":0},{"event_name":"The Moai Head","player_choice":"Ignored","floor":41,"damage_taken":0},{"event_name":"Mysterious Sphere","player_choice":"Ignore","floor":45,"damage_taken":0}],"boss_relics":[{"not_picked":["Black Star","White Beast Statue"],"picked":"Sozu"},{"not_picked":["Pandora\u0027s Box","Runic Dome"],"picked":"Snecko Eye"}],"potions_floor_spawned":[2,6,10,16,21,23,27,33,37],"seed_played":"-2611750167082370458","ascension_level":4,"is_trial":false}