{"gold_per_floor":[118,128,128,143,143,143,156,156,183,199,233,246,246,289,289,289],"floor_reached":16,"playtime":854,"items_purged":[],"score":118,"play_id":"56533797-0e2c-413b-8eb4-5175c5708cb4","local_time":"20180821223621","is_ascension_mode":true,"campfire_choices":[{"floor":6,"key":"REST"},{"data":"Dagger Spray","floor":8,"key":"SMITH"},{"floor":13,"key":"REST"},{"floor":15,"key":"REST"}],"neow_cost":"PERCENT_DAMAGE","seed_source_timestamp":11298712024763,"circlet_count":0,"master_deck":["Defend_G","Defend_G","Defend_G","Defend_G","Defend_G","Strike_G","Strike_G","Strike_G","Strike_G","Strike_G","Survivor","Neutralize","Dagger Throw","Backflip","Well Laid Plans","Dagger Spray+1","Calculated Gamble","PiercingWail","PiercingWail","Die Die Die"],"relics":["Ring of the Snake","Golden Idol","Happy Flower","Lantern","Letter Opener"],"potions_floor_usage":[7,11,14,16],"damage_taken":[{"damage":11,"enemies":"Cultist","floor":1,"turns":5},{"damage":0,"enemies":"Small Slimes","floor":2,"turns":3},{"damage":4,"enemies":"Jaw Worm","floor":4,"turns":5},{"damage":12,"enemies":"Exordium Thugs","floor":7,"turns":7},{"damage":9,"enemies":"2 Fungi Beasts","floor":10,"turns":3},{"damage":11,"enemies":"Gremlin Nob","floor":11,"turns":4},{"damage":12,"enemies":"3 Louse","floor":12,"turns":4},{"damage":16,"enemies":"3 Sentries","floor":14,"turns":4},{"damage":58,"enemies":"Hexaghost","floor":16,"turns":16}],"seed_played":"-8267759844518440823","potions_obtained":[{"floor":4,"key":"SkillPotion"},{"floor":10,"key":"EssenceOfSteel"},{"floor":11,"key":"Energy Potion"},{"floor":12,"key":"SteroidPotion"}],"is_trial":false,"path_per_floor":["M","M","$","M","?","R","M","R","T","M","E","M","R","E","R"],"character_chosen":"THE_SILENT","items_purchased":[],"campfire_rested":3,"item_purchase_floors":[],"current_hp_per_floor":[49,49,49,45,45,68,56,56,56,47,36,24,47,31,54,0],"gold":289,"neow_bonus":"TWENTY_PERCENT_HP_BONUS","is_prod":false,"is_daily":false,"chose_seed":false,"campfire_upgraded":1,"win_rate":0,"timestamp":1534883781,"path_taken":["M","?","?","M","?","R","M","R","T","?","E","M","R","E","R","BOSS"],"build_version":"2018-08-16","purchased_purges":0,"victory":false,"max_hp_per_floor":[84,84,84,84,78,78,78,78,78,78,78,78,78,78,78,78],"card_choices":[{"not_picked":["Bane","Reflex"],"picked":"Dagger Throw","floor":1},{"not_picked":["Bane","Catalyst"],"picked":"Backflip","floor":2},{"not_picked":["Flechettes","PiercingWail"],"picked":"Well Laid Plans","floor":4},{"not_picked":["Slice","Burst"],"picked":"Dagger Spray","floor":7},{"not_picked":["Deflect","Riddle With Holes"],"picked":"Calculated Gamble","floor":10},{"not_picked":["Quick Slash","Dagger Spray"],"picked":"PiercingWail","floor":11},{"not_picked":["Prepared","Escape Plan"],"picked":"PiercingWail","floor":12},{"not_picked":["Caltrops","Heel Hook"],"picked":"Die Die Die","floor":14}],"player_experience":166607,"relics_obtained":[{"floor":9,"key":"Happy Flower"},{"floor":11,"key":"Lantern"},{"floor":14,"key":"Letter Opener"}],"event_choices":[{"event_name":"Golden Idol","player_choice":"Lose Max HP","floor":5,"damage_taken":0}],"is_beta":false,"boss_relics":[],"items_purged_floors":[],"is_endless":false,"potions_floor_spawned":[4,10,11,12],"killed_by":"Hexaghost","ascension_level":1}