{"gold_per_floor":[112,31,31,46,63,9,9,42,65,20,76,87,87,97,97,202,202,222,222,234,248,248,248,248,248,248,267,278,291,291,302,302,403,403,417,417,429,443,443,443,443,455,479,479,492,528,528,0,0,0],"floor_reached":50,"playtime":3185,"items_purged":["Writhe"],"score":789,"play_id":"a1890cee-0c35-4f82-96c0-2f74e4ac411f","local_time":"20190512110851","is_ascension_mode":true,"campfire_choices":[{"data":"Footwork","floor":7,"key":"SMITH"},{"floor":15,"key":"REST"},{"data":"Well Laid Plans","floor":23,"key":"SMITH"},{"data":"Noxious Fumes","floor":25,"key":"SMITH"},{"data":"Malaise","floor":32,"key":"SMITH"},{"data":"Magnetism","floor":40,"key":"SMITH"},{"data":"Acrobatics","floor":47,"key":"SMITH"},{"data":"Wraith Form v2","floor":49,"key":"SMITH"}],"neow_cost":"CURSE","seed_source_timestamp":1271380724662141,"circlet_count":0,"master_deck":["AscendersBane","Defend_G","Defend_G","Defend_G","Defend_G","Defend_G","Survivor","Neutralize+1","Footwork+1","Noxious Fumes+1","Crippling Poison","Dash+1","Deflect","Cloak And Dagger","Blur","Flechettes+1","Malaise+1","Glass Knife+1","Cloak And Dagger","Reflex+1","Well Laid Plans+1","Bite+1","Bite+1","Bite+1","Bite+1","Bite+1","Acrobatics+1","Leg Sweep","Skewer+1","Tools of the Trade","Underhanded Strike+1","Deflect+1","Magnetism+1","Good Instincts","Acrobatics","PiercingWail","Wraith Form v2+1","PiercingWail"],"relics":["Ring of the Snake","Tingsha","Dream Catcher","Boot","Molten Egg 2","Coffee Dripper","Mummified Hand","Anchor","HoveringKite","Whetstone","Blood Vial","Oddly Smooth Stone"],"potions_floor_usage":[11,12,16,18,33,37,38,45,50],"damage_taken":[{"damage":4,"enemies":"Small Slimes","floor":1,"turns":5},{"damage":0,"enemies":"Cultist","floor":4,"turns":4},{"damage":0,"enemies":"2 Louse","floor":5,"turns":4},{"damage":18,"enemies":"3 Sentries","floor":8,"turns":8},{"damage":16,"enemies":"Lagavulin Event","floor":11,"turns":7},{"damage":0,"enemies":"2 Fungi Beasts","floor":12,"turns":4},{"damage":0,"enemies":"Exordium Wildlife","floor":14,"turns":5},{"damage":16,"enemies":"The Guardian","floor":16,"turns":14},{"damage":1,"enemies":"Chosen","floor":18,"turns":6},{"damage":0,"enemies":"3 Byrds","floor":20,"turns":5},{"damage":2,"enemies":"3 Cultists","floor":21,"turns":7},{"damage":0,"enemies":"Cultist and Chosen","floor":27,"turns":6},{"damage":6,"enemies":"Shelled Parasite and Fungi","floor":28,"turns":6},{"damage":4,"enemies":"Snake Plant","floor":29,"turns":5},{"damage":11,"enemies":"Sentry and Sphere","floor":31,"turns":6},{"damage":22,"enemies":"Collector","floor":33,"turns":15},{"damage":0,"enemies":"Orb Walker","floor":35,"turns":4},{"damage":10,"enemies":"3 Darklings","floor":37,"turns":5},{"damage":12,"enemies":"Spire Growth","floor":38,"turns":6},{"damage":8,"enemies":"4 Shapes","floor":42,"turns":6},{"damage":19,"enemies":"3 Darklings","floor":45,"turns":6},{"damage":22,"enemies":"Jaw Worm Horde","floor":46,"turns":6},{"damage":31,"enemies":"Donu and Deca","floor":50,"turns":8}],"seed_played":"5958252547116920260","potions_obtained":[{"floor":4,"key":"LiquidBronze"},{"floor":8,"key":"Explosive Potion"},{"floor":11,"key":"PowerPotion"},{"floor":14,"key":"Fire Potion"},{"floor":20,"key":"Energy Potion"},{"floor":21,"key":"Swift Potion"},{"floor":35,"key":"GamblersBrew"},{"floor":37,"key":"Block Potion"}],"is_trial":false,"path_per_floor":["M","$","?","M","M","$","R","E","T","$","?","M","?","M","R","B",null,"M","?","M","M","?","R","?","R","T","M","M","M","?","M","R","B",null,"M","?","M","M","?","R","?","M","T","T","M","M","R","$","R","B"],"character_chosen":"THE_SILENT","items_purchased":["Noxious Fumes","Deflect","Cloak And Dagger","Oddly Smooth Stone","PowerPotion","FearPotion","Wraith Form v2","PiercingWail"],"campfire_rested":1,"item_purchase_floors":[2,6,10,48,48,48,48,48],"current_hp_per_floor":[59,59,59,59,59,59,59,41,41,41,25,25,25,25,46,30,60,59,59,59,57,49,49,49,49,49,49,49,49,49,49,49,49,49,49,49,48,41,36,36,36,34,34,34,26,18,18,18,18,0],"gold":0,"neow_bonus":"ONE_RARE_RELIC","is_prod":false,"is_daily":false,"chose_seed":false,"campfire_upgraded":7,"win_rate":0,"timestamp":1557684531,"path_taken":["M","$","?","?","M","?","R","E","T","$","?","M","?","M","R","BOSS","M","?","?","M","?","R","?","R","T","M","?","M","?","M","R","BOSS","M","?","?","M","?","R","?","M","T","?","M","M","R","$","R","BOSS"],"build_version":"2019-01-23","purchased_purges":1,"victory":false,"max_hp_per_floor":[70,70,70,70,70,70,70,70,70,70,70,70,70,70,70,70,70,70,70,70,70,49,49,49,49,49,49,49,49,49,49,49,49,49,49,49,49,49,49,49,49,49,49,49,49,49,49,49,49,49],"card_choices":[{"not_picked":["Flying Knee","Escape Plan"],"picked":"Footwork","floor":1},{"not_picked":["Calculated Gamble","Reflex"],"picked":"Crippling Poison","floor":4},{"not_picked":["Outmaneuver","Sucker Punch"],"picked":"Dash","floor":5},{"not_picked":["Blade Dance","Dagger Spray","Concentrate"],"picked":"SKIP","floor":8},{"not_picked":["Skewer","Dodge and Roll"],"picked":"Blur","floor":11},{"not_picked":["Infinite Blades","Dagger Throw+1"],"picked":"Flechettes+1","floor":12},{"not_picked":["Acrobatics","Deadly Poison","Predator+1"],"picked":"SKIP","floor":14},{"not_picked":["Cloak And Dagger","Eviscerate+1"],"picked":"Malaise","floor":15},{"not_picked":["Wraith Form v2","Unload+1"],"picked":"Glass Knife+1","floor":16},{"not_picked":["Bouncing Flask","Terror+1"],"picked":"Cloak And Dagger","floor":18},{"not_picked":["Endless Agony+1","Noxious Fumes","Blade Dance"],"picked":"SKIP","floor":20},{"not_picked":["Deadly Poison","Concentrate"],"picked":"Well Laid Plans","floor":21},{"not_picked":["Slice+1","Tactician"],"picked":"Acrobatics","floor":27},{"not_picked":["Bane+1","Cloak And Dagger"],"picked":"Leg Sweep","floor":28},{"not_picked":["Setup","Sucker Punch+1","Bane+1"],"picked":"SKIP","floor":29},{"not_picked":["Underhanded Strike+1","Poisoned Stab+1"],"picked":"Skewer+1","floor":31},{"not_picked":["Malaise","Burst"],"picked":"Tools of the Trade","floor":33},{"not_picked":["Outmaneuver","Blade Dance","Underhanded Strike+1"],"picked":"SKIP","floor":35},{"not_picked":["Outmaneuver+1","Infinite Blades"],"picked":"Underhanded Strike+1","floor":37},{"not_picked":["Dagger Spray+1","Endless Agony+1"],"picked":"Deflect+1","floor":38},{"not_picked":["Purity","Secret Technique"],"picked":"Magnetism","floor":39},{"not_picked":["Thinking Ahead","Purity"],"picked":"Good Instincts","floor":39},{"not_picked":["Blade Dance","Flying Knee+1"],"picked":"Acrobatics","floor":42},{"not_picked":["Calculated Gamble","Skewer+1","Dagger Throw+1"],"picked":"SKIP","floor":45},{"not_picked":["Calculated Gamble","Crippling Poison"],"picked":"PiercingWail","floor":46}],"player_experience":375191,"relics_obtained":[{"floor":8,"key":"Dream Catcher"},{"floor":9,"key":"Boot"},{"floor":11,"key":"Molten Egg 2"},{"floor":26,"key":"Mummified Hand"},{"floor":43,"key":"Whetstone"},{"floor":44,"key":"Blood Vial"}],"event_choices":[{"damage_healed":0,"gold_gain":0,"cards_transformed":["Strike_G"],"player_choice":"Transformed","damage_taken":0,"max_hp_gain":0,"max_hp_loss":0,"event_name":"Transmorgrifier","floor":3,"gold_loss":0,"cards_obtained":["Outmaneuver"]},{"damage_healed":0,"gold_gain":0,"player_choice":"Searched \u00271\u0027 times","damage_taken":0,"max_hp_gain":0,"max_hp_loss":0,"event_name":"Dead Adventurer","floor":11,"gold_loss":0},{"damage_healed":0,"gold_gain":0,"player_choice":"Ignored","damage_taken":0,"max_hp_gain":0,"max_hp_loss":0,"event_name":"Liars Game","floor":13,"gold_loss":0},{"damage_healed":0,"gold_gain":0,"cards_transformed":["Outmaneuver"],"player_choice":"Transformed","damage_taken":0,"max_hp_gain":0,"max_hp_loss":0,"event_name":"Transmorgrifier","floor":19,"gold_loss":0,"cards_obtained":["Reflex"]},{"damage_healed":0,"gold_gain":0,"player_choice":"Became a vampire","damage_taken":0,"max_hp_gain":0,"max_hp_loss":21,"event_name":"Vampires","floor":22,"gold_loss":0,"cards_obtained":["Bite","Bite","Bite","Bite","Bite"]},{"cards_removed":["Shame"],"damage_healed":0,"gold_gain":0,"player_choice":"Removed Curses","damage_taken":0,"max_hp_gain":0,"max_hp_loss":0,"event_name":"Fountain of Cleansing","floor":24,"gold_loss":0},{"damage_healed":0,"gold_gain":0,"player_choice":"Opened","damage_taken":0,"relics_obtained":["Anchor"],"max_hp_gain":0,"max_hp_loss":0,"event_name":"The Mausoleum","floor":30,"gold_loss":0,"cards_obtained":["Writhe"]},{"damage_healed":0,"gold_gain":0,"player_choice":"Forge","damage_taken":0,"max_hp_gain":0,"max_hp_loss":0,"event_name":"Accursed Blacksmith","floor":36,"gold_loss":0,"cards_upgraded":["Reflex"]},{"damage_healed":0,"gold_gain":0,"player_choice":"Memory 2","damage_taken":5,"max_hp_gain":0,"max_hp_loss":0,"event_name":"SensoryStone","floor":39,"gold_loss":0},{"damage_healed":0,"gold_gain":0,"player_choice":"Ignored","damage_taken":0,"max_hp_gain":0,"max_hp_loss":0,"event_name":"Mysterious Sphere","floor":41,"gold_loss":0}],"is_beta":false,"boss_relics":[{"not_picked":["Runic Dome","White Beast Statue"],"picked":"Coffee Dripper"},{"not_picked":["Tiny House","Empty Cage"],"picked":"HoveringKite"}],"items_purged_floors":[48],"is_endless":false,"potions_floor_spawned":[4,8,11,14,20,21,31,35,37],"killed_by":"Donu and Deca","ascension_level":12}