{"gold_per_floor":[115,133,111,122,135,161,180,180,180,195,224,224,255,268,268,364,364,374,86,86,86,98,127,143,158,182,182,182,201,219,239,239,336,336,353,353,353,0,999,999,999],"floor_reached":41,"playtime":2879,"items_purged":[],"score":585,"play_id":"46b05e2d-f2d7-4511-aaa8-a7153827986a","local_time":"20180910233922","daily_mods":["Draft"],"is_ascension_mode":false,"campfire_choices":[{"data":"Consume","floor":8,"key":"SMITH"},{"floor":12,"key":"REST"},{"data":"Static Discharge","floor":15,"key":"SMITH"},{"floor":27,"key":"REST"},{"floor":32,"key":"REST"},{"floor":40,"key":"REST"}],"neow_cost":"","seed_source_timestamp":0,"circlet_count":0,"master_deck":["Coolheaded","Blizzard","Hologram","BootSequence+1","Go for the Eyes","Cold Snap","Go for the Eyes","Conserve Battery","Consume+1","Hello World","White Noise","Hologram","Coolheaded","Glacier+1","Sweeping Beam","Go for the Eyes","Ball Lightning","Storm","Fusion+1","Static Discharge+1","Conserve Battery","Echo Form+1","Melter","All For One","Capacitor+1","Storm+1","Hello World+1","Beam Cell+1","Fusion+1","Finesse","Turbo+1","Beam Cell","Defragment+1","Machine Learning+1","Madness","Madness","Apotheosis","Sweeping Beam","Normality","Normality"],"relics":["Cracked Core","War Paint","Frozen Egg 2","Turnip","Singing Bowl","Empty Cage","HandDrill","Shuriken","Darkstone Periapt","Boot","Fusion Hammer","Blood Vial"],"potions_floor_usage":[6,11,11,16,18,22,33,33,41],"damage_taken":[{"damage":0,"enemies":"Cultist","floor":1,"turns":4},{"damage":2,"enemies":"2 Louse","floor":2,"turns":3},{"damage":1,"enemies":"Jaw Worm","floor":4,"turns":3},{"damage":0,"enemies":"2 Fungi Beasts","floor":5,"turns":4},{"damage":0,"enemies":"3 Sentries","floor":6,"turns":5},{"damage":0,"enemies":"Red Slaver","floor":7,"turns":3},{"damage":3,"enemies":"Large Slime","floor":10,"turns":6},{"damage":23,"enemies":"Gremlin Nob","floor":11,"turns":4},{"damage":4,"enemies":"Lagavulin","floor":13,"turns":8},{"damage":0,"enemies":"2 Fungi Beasts","floor":14,"turns":2},{"damage":19,"enemies":"Slime Boss","floor":16,"turns":8},{"damage":0,"enemies":"Spheric Guardian","floor":18,"turns":2},{"damage":10,"enemies":"3 Byrds","floor":22,"turns":4},{"damage":19,"enemies":"Book of Stabbing","floor":23,"turns":6},{"damage":15,"enemies":"Centurion and Healer","floor":24,"turns":7},{"damage":20,"enemies":"Cultist and Chosen","floor":25,"turns":7},{"damage":17,"enemies":"Shelled Parasite and Fungi","floor":29,"turns":5},{"damage":8,"enemies":"Centurion and Healer","floor":30,"turns":5},{"damage":1,"enemies":"Snake Plant","floor":31,"turns":3},{"damage":0,"enemies":"Collector","floor":33,"turns":6},{"damage":45,"enemies":"3 Darklings","floor":35,"turns":4},{"damage":68,"enemies":"Nemesis","floor":41,"turns":4}],"seed_played":"2555446347287706785","potions_obtained":[{"floor":4,"key":"Fire Potion"},{"floor":6,"key":"LiquidBronze"},{"floor":7,"key":"Poison Potion"},{"floor":14,"key":"PowerPotion"},{"floor":16,"key":"AttackPotion"},{"floor":18,"key":"SkillPotion"},{"floor":25,"key":"GamblersBrew"},{"floor":30,"key":"EssenceOfSteel"},{"floor":31,"key":"EssenceOfSteel"}],"is_trial":true,"path_per_floor":["M","M","$","M","M","E","M","R","T","M","E","R","E","M","R","B",null,"M","$","?","T","M","E","M","M","T","R","?","M","M","M","R","B",null,"M","?","?","$","?","R"],"character_chosen":"DEFECT","items_purchased":["Ball Lightning","Capacitor+1","HandDrill","Apotheosis","Blood Vial","Sweeping Beam"],"campfire_rested":4,"item_purchase_floors":[3,19,19,38,38,38],"current_hp_per_floor":[75,73,73,72,72,72,72,72,72,69,46,68,64,64,64,45,75,77,77,77,77,67,55,40,20,20,43,29,12,4,3,26,26,77,34,34,24,24,36,63,0],"gold":999,"neow_bonus":"","is_prod":false,"is_daily":false,"chose_seed":false,"campfire_upgraded":2,"win_rate":0,"timestamp":1536615562,"path_taken":["M","?","$","M","M","E","M","R","T","M","E","R","E","M","R","BOSS","M","$","?","?","M","E","M","M","T","R","?","?","M","M","R","BOSS","M","?","?","$","?","R","E"],"build_version":"2018-09-06","purchased_purges":0,"victory":false,"max_hp_per_floor":[75,75,75,75,75,75,75,75,75,75,75,75,75,75,75,75,75,77,77,77,77,77,77,77,77,77,77,77,77,77,77,77,77,77,79,79,79,79,91,91,91],"card_choices":[{"not_picked":["Redo","Rip and Tear"],"picked":"Coolheaded","floor":0},{"not_picked":["Go for the Eyes","Redo"],"picked":"Blizzard","floor":0},{"not_picked":["Rebound","Conserve Battery"],"picked":"Hologram","floor":0},{"not_picked":["Compile Driver","Tempest"],"picked":"BootSequence","floor":0},{"not_picked":["Lockon","Barrage"],"picked":"Go for the Eyes","floor":0},{"not_picked":["Coolheaded","Turbo"],"picked":"Cold Snap","floor":0},{"not_picked":["Darkness","Recycle"],"picked":"Scrape","floor":0},{"not_picked":["Hologram","Coolheaded"],"picked":"Go for the Eyes","floor":0},{"not_picked":["Redo","Storm"],"picked":"Conserve Battery","floor":0},{"not_picked":["Go for the Eyes","Streamline"],"picked":"Consume","floor":0},{"not_picked":["Scrape","Rebound"],"picked":"Hello World","floor":0},{"not_picked":["Stack","Steam Power"],"picked":"White Noise","floor":0},{"not_picked":["Barrage","Rebound"],"picked":"Hologram","floor":0},{"not_picked":["Barrage","Turbo"],"picked":"Coolheaded","floor":0},{"not_picked":["Stack","Beam Cell"],"picked":"Glacier","floor":0},{"not_picked":["Redo","Leap"],"picked":"Sweeping Beam","floor":1},{"not_picked":["BootSequence","Redo"],"picked":"Go for the Eyes","floor":2},{"not_picked":["Aggregate","Steam"],"picked":"Storm","floor":4},{"not_picked":["Redo","Go for the Eyes","Steam"],"picked":"SKIP","floor":5},{"not_picked":["Recycle","Beam Cell"],"picked":"Fusion","floor":6},{"not_picked":["Buffer","Rip and Tear"],"picked":"Static Discharge","floor":7},{"not_picked":["Darkness","Compile Driver"],"picked":"Conserve Battery","floor":10},{"not_picked":["Compile Driver","Gash"],"picked":"Echo Form+1","floor":11},{"not_picked":["Barrage","Turbo"],"picked":"Melter","floor":13},{"not_picked":["Coolheaded","Conserve Battery"],"picked":"Doom and Gloom","floor":14},{"not_picked":["Amplify","Core Surge"],"picked":"All For One","floor":16},{"not_picked":["Steam","Conserve Battery","Glacier"],"picked":"Singing Bowl","floor":18},{"not_picked":["Coolheaded","Conserve Battery"],"picked":"Storm+1","floor":22},{"not_picked":["Consume+1","Fusion+1"],"picked":"Hello World+1","floor":23},{"not_picked":["Turbo","Barrage"],"picked":"Beam Cell+1","floor":24},{"not_picked":["Redo+1","Leap"],"picked":"Fusion+1","floor":25},{"not_picked":["Barrage+1","Reprogram"],"picked":"Turbo+1","floor":29},{"not_picked":["Sweeping Beam","Conserve Battery+1"],"picked":"Beam Cell","floor":30},{"not_picked":["Steam","Hologram+1"],"picked":"Defragment+1","floor":31},{"not_picked":["Biased Cognition+1","All For One"],"picked":"Machine Learning+1","floor":33},{"not_picked":["Ball Lightning","Rebound","Go for the Eyes"],"picked":"Singing Bowl","floor":35}],"player_experience":213061,"relics_obtained":[{"floor":6,"key":"War Paint"},{"floor":9,"key":"Frozen Egg 2"},{"floor":11,"key":"Turnip"},{"floor":13,"key":"Singing Bowl"},{"floor":21,"key":"Shuriken"},{"floor":23,"key":"Darkstone Periapt"},{"floor":26,"key":"Boot"}],"event_choices":[{"event_name":"Accursed Blacksmith","player_choice":"Forge","floor":20,"damage_taken":0},{"event_name":"Knowing Skull","player_choice":"CARD ","floor":28,"damage_taken":0},{"event_name":"Tomb of Lord Red Mask","player_choice":"Ignored","floor":36,"damage_taken":0},{"event_name":"Winding Halls","player_choice":"Embrace Madness","floor":37,"damage_taken":0},{"event_name":"MindBloom","player_choice":"Gold","floor":39,"damage_taken":0}],"is_beta":false,"boss_relics":[{"not_picked":["Astrolabe","White Beast Statue"],"picked":"Empty Cage"},{"not_picked":["Black Star","Eternal Feather"],"picked":"Fusion Hammer"}],"items_purged_floors":[],"is_endless":false,"potions_floor_spawned":[4,6,7,14,16,18,25,30,31],"killed_by":"Nemesis","ascension_level":0}