{"gold_per_floor":[117,117,131,31,31,59,59,92,116,150,82,93,93,110,110,212,212,227,227,77,77,88,123,123,133,160,160,170,170,203,222,222,325,325,335,335,348,34,34,34,34,47,47,47,57,70,70,82,82,82],"floor_reached":51,"playtime":2837,"items_purged":["Pain","Doubt"],"score":730,"play_id":"03e90561-d5ac-4701-8a86-c957bb9d1a89","local_time":"20181026223026","is_ascension_mode":false,"campfire_choices":[{"data":"Neutralize","floor":7,"key":"SMITH"},{"data":"Noxious Fumes","floor":13,"key":"SMITH"},{"data":"Dagger Spray","floor":15,"key":"SMITH"},{"data":"Backflip","floor":24,"key":"SMITH"},{"data":"Backflip","floor":27,"key":"SMITH"},{"data":"After Image","floor":29,"key":"SMITH"},{"floor":32,"key":"DIG"},{"data":"Cloak And Dagger","floor":40,"key":"SMITH"},{"floor":47,"key":"DIG"},{"floor":49,"key":"DIG"}],"neow_cost":"NONE","seed_source_timestamp":182426729574544,"circlet_count":0,"master_deck":["Defend_G","Defend_G","Defend_G","Defend_G","Strike_G","Strike_G","Survivor","Neutralize+1","Quick Slash","Backstab","Dagger Spray+1","Cloak And Dagger","Backflip+1","Noxious Fumes+1","After Image+1","Backflip+1","Riddle With Holes+1","Cloak And Dagger+1","Dodge and Roll+1","Footwork","Dash","Flying Knee+1","Burst","Bouncing Flask+1","Unload","Well Laid Plans+1","Deadly Poison"],"relics":["Ring of the Snake","NeowsBlessing","WarpedTongs","Omamori","Gremlin Horn","Bronze Scales","Orichalcum","Calling Bell","Potion Belt","Matryoshka","Mango","MutagenicStrength","Gambling Chip","Snake Skull","PreservedInsect","Shovel","Centennial Puzzle","Busted Crown","Dead Branch","Pantograph","Bird Faced Urn","WingedGreaves","Bag of Preparation"],"potions_floor_usage":[23,33,33,33,50,50],"damage_taken":[{"damage":0,"enemies":"2 Louse","floor":1,"turns":1},{"damage":0,"enemies":"Cultist","floor":3,"turns":1},{"damage":0,"enemies":"Lagavulin","floor":6,"turns":1},{"damage":8,"enemies":"Gremlin Nob","floor":8,"turns":4},{"damage":0,"enemies":"Lagavulin","floor":10,"turns":10},{"damage":0,"enemies":"Small Slimes","floor":12,"turns":2},{"damage":0,"enemies":"Looter","floor":14,"turns":2},{"damage":15,"enemies":"Hexaghost","floor":16,"turns":8},{"damage":0,"enemies":"Shell Parasite","floor":18,"turns":6},{"damage":0,"enemies":"2 Thieves","floor":22,"turns":4},{"damage":9,"enemies":"Slavers","floor":23,"turns":4},{"damage":0,"enemies":"Cultist and Chosen","floor":25,"turns":4},{"damage":0,"enemies":"Centurion and Healer","floor":28,"turns":6},{"damage":5,"enemies":"Gremlin Leader","floor":30,"turns":4},{"damage":0,"enemies":"Snecko","floor":31,"turns":6},{"damage":21,"enemies":"Automaton","floor":33,"turns":10},{"damage":12,"enemies":"3 Darklings","floor":35,"turns":4},{"damage":0,"enemies":"3 Shapes","floor":37,"turns":3},{"damage":0,"enemies":"Jaw Worm Horde","floor":42,"turns":2},{"damage":0,"enemies":"Sphere and 2 Shapes","floor":45,"turns":3},{"damage":13,"enemies":"3 Darklings","floor":46,"turns":4},{"damage":12,"enemies":"Jaw Worm Horde","floor":48,"turns":4},{"damage":34,"enemies":"Donu and Deca","floor":50,"turns":9}],"seed_played":"7912333416770496413","potions_obtained":[{"floor":8,"key":"GhostInAJar"},{"floor":10,"key":"Poison Potion"},{"floor":12,"key":"EssenceOfSteel"},{"floor":22,"key":"SkillPotion"},{"floor":25,"key":"GamblersBrew"},{"floor":30,"key":"Energy Potion"},{"floor":33,"key":"AttackPotion"},{"floor":45,"key":"FearPotion"},{"floor":46,"key":"LiquidBronze"}],"is_trial":false,"path_per_floor":["M","?","M","$","?","E","R","E","T","E","$","M","R","M","R","B",null,"M","?","$","?","M","E","R","M","T","R","M","R","E","M","R","B",null,"M","?","M","$","?","R","?","M","T","?","M","M","R","M","R","B"],"character_chosen":"THE_SILENT","items_purchased":["Dagger Spray","Noxious Fumes","Backflip","Dead Branch"],"campfire_rested":0,"item_purchase_floors":[4,11,20,38],"current_hp_per_floor":[70,70,70,70,63,63,63,55,55,55,55,55,55,55,55,40,84,84,84,84,84,84,75,75,75,75,75,75,75,70,70,70,49,84,72,72,72,72,72,72,72,72,72,72,82,71,71,67,67,57],"gold":82,"neow_bonus":"THREE_ENEMY_KILL","is_prod":false,"is_daily":false,"chose_seed":false,"campfire_upgraded":7,"win_rate":0,"timestamp":1540618226,"path_taken":["M","?","M","$","?","E","R","E","T","E","$","M","R","M","R","BOSS","M","?","$","?","M","E","R","?","T","R","M","R","E","M","R","BOSS","M","?","?","$","?","R","?","M","T","?","M","M","R","M","R","BOSS"],"build_version":"2018-10-25v2","purchased_purges":2,"victory":true,"max_hp_per_floor":[70,70,70,70,70,70,70,70,70,70,70,70,70,70,70,70,84,84,84,84,84,84,84,84,84,84,84,84,84,84,84,84,84,84,84,84,84,84,84,84,84,84,84,84,84,84,84,84,84,84],"card_choices":[{"not_picked":["Dagger Spray","Setup"],"picked":"Quick Slash","floor":1},{"not_picked":["Underhanded Strike","Cloak And Dagger","Backstab"],"picked":"SKIP","floor":3},{"not_picked":["Underhanded Strike","Cloak And Dagger"],"picked":"Backstab","floor":3},{"not_picked":["Setup","Heel Hook"],"picked":"Cloak And Dagger","floor":6},{"not_picked":["Deadly Poison","Deflect","Concentrate"],"picked":"SKIP","floor":8},{"not_picked":["Flying Knee","Escape Plan"],"picked":"Backflip","floor":10},{"not_picked":["Dagger Spray","Masterful Stab","Blade Dance"],"picked":"SKIP","floor":12},{"not_picked":["Outmaneuver","Deflect","Acrobatics"],"picked":"SKIP","floor":14},{"not_picked":["Glass Knife","Grand Finale"],"picked":"After Image","floor":16},{"not_picked":["Calculated Gamble","Deflect","Dodge and Roll"],"picked":"SKIP","floor":18},{"not_picked":["Choke","Prepared+1"],"picked":"Riddle With Holes+1","floor":22},{"not_picked":["Tactician+1","Accuracy"],"picked":"Cloak And Dagger","floor":23},{"not_picked":["Well Laid Plans","Leg Sweep"],"picked":"Dodge and Roll+1","floor":25},{"not_picked":["Poisoned Stab","Burst"],"picked":"Footwork","floor":28},{"not_picked":["Bane","Poisoned Stab"],"picked":"Dash","floor":30},{"not_picked":["Calculated Gamble","Endless Agony"],"picked":"Flying Knee+1","floor":31},{"not_picked":["Tools of the Trade","Unload"],"picked":"Burst","floor":33},{"not_picked":["Outmaneuver"],"picked":"SKIP","floor":35},{"not_picked":[],"picked":"Bouncing Flask+1","floor":37},{"not_picked":[],"picked":"Well Laid Plans+1","floor":42},{"not_picked":["Skewer"],"picked":"SKIP","floor":45},{"not_picked":[],"picked":"Deadly Poison","floor":46},{"not_picked":["Slice+1"],"picked":"SKIP","floor":48}],"player_experience":102674,"relics_obtained":[{"floor":6,"key":"Omamori"},{"floor":8,"key":"Gremlin Horn"},{"floor":9,"key":"Bronze Scales"},{"floor":10,"key":"Orichalcum"},{"floor":17,"key":"Potion Belt"},{"floor":17,"key":"Matryoshka"},{"floor":17,"key":"Mango"},{"floor":23,"key":"Gambling Chip"},{"floor":26,"key":"Snake Skull"},{"floor":26,"key":"PreservedInsect"},{"floor":30,"key":"Shovel"},{"floor":32,"key":"Centennial Puzzle"},{"floor":43,"key":"Pantograph"},{"floor":43,"key":"Bird Faced Urn"},{"floor":47,"key":"WingedGreaves"},{"floor":49,"key":"Bag of Preparation"}],"event_choices":[{"damage_healed":0,"gold_gain":0,"player_choice":"Rummage","damage_taken":0,"relics_obtained":["WarpedTongs"],"max_hp_gain":0,"max_hp_loss":0,"event_name":"Accursed Blacksmith","floor":2,"gold_loss":0,"cards_obtained":["Pain"]},{"cards_removed":["Defend_G"],"damage_healed":0,"gold_gain":0,"player_choice":"Card Removal","damage_taken":7,"max_hp_gain":0,"max_hp_loss":0,"event_name":"Golden Wing","floor":5,"gold_loss":0},{"damage_healed":0,"gold_gain":0,"player_choice":"Inject Mutagens","damage_taken":0,"relics_obtained":["MutagenicStrength"],"max_hp_gain":0,"max_hp_loss":0,"event_name":"Drug Dealer","floor":19,"gold_loss":0},{"damage_healed":0,"gold_gain":0,"player_choice":"Ignored","damage_taken":0,"max_hp_gain":0,"max_hp_loss":0,"event_name":"Ghosts","floor":21,"gold_loss":0},{"cards_removed":["Strike_G"],"damage_healed":0,"gold_gain":0,"player_choice":"Removed Attack","damage_taken":0,"max_hp_gain":0,"max_hp_loss":0,"event_name":"Falling","floor":36,"gold_loss":0},{"cards_removed":["Strike_G"],"damage_healed":0,"gold_gain":0,"player_choice":"Purged","damage_taken":0,"max_hp_gain":0,"max_hp_loss":0,"event_name":"Purifier","floor":39,"gold_loss":0},{"damage_healed":0,"gold_gain":0,"cards_transformed":["Strike_G"],"player_choice":"Transformed","damage_taken":0,"max_hp_gain":0,"max_hp_loss":0,"event_name":"Transmorgrifier","floor":41,"gold_loss":0,"cards_obtained":["Unload"]},{"damage_healed":0,"gold_gain":0,"player_choice":"Ignored","damage_taken":0,"max_hp_gain":0,"max_hp_loss":0,"event_name":"Mysterious Sphere","floor":44,"gold_loss":0}],"is_beta":false,"boss_relics":[{"not_picked":["Pandora\u0027s Box","Tiny House"],"picked":"Calling Bell"},{"not_picked":["HoveringKite","WristBlade"],"picked":"Busted Crown"}],"items_purged_floors":[4,20],"is_endless":false,"potions_floor_spawned":[8,10,12,16,22,25,30,33,45,46,48],"ascension_level":0}