{"path_per_floor":["M","?","?","$","?","M","R","E","T","M","$","E","M","?","R","B",null,"M","M","?","M","$","R","M","M","T","M","$","M","T","?","R","B",null,"M","?","M","M","M"],"character_chosen":"THE_SILENT","items_purchased":["Predator","Omamori","Finesse","Meat on the Bone","Backflip"],"gold_per_floor":[112,112,112,73,73,89,89,116,116,128,53,86,101,101,101,200,200,215,230,230,250,0,0,13,27,327,346,57,71,71,71,71,168,168,178,178,191,207,224],"floor_reached":40,"campfire_rested":3,"playtime":3896,"current_hp_per_floor":[70,63,63,63,63,55,55,26,26,24,24,18,18,35,56,34,70,55,30,30,28,28,49,37,21,21,21,21,33,33,56,70,46,70,44,34,36,15,26],"items_purged":["Regret"],"gold":224,"play_id":"072d1a02-a017-41ad-a5e2-00ae61f93177","is_prod":false,"is_daily":false,"is_ascension_mode":false,"campfire_upgraded":1,"path_taken":["M","?","?","$","?","M","R","E","T","M","?","E","?","?","R","BOSS","M","M","?","M","$","R","M","?","T","M","$","M","?","?","R","BOSS","M","?","?","M","M","E"],"build_version":"2018-01-25-PROD3","purchased_purges":1,"victory":false,"master_deck":["Defend_G","Defend_G","Defend_G","Defend_G","Strike_G","Strike_G","Strike_G","Strike_G","Strike_G","Survivor","Neutralize","Quick Slash","Predator","Caltrops+1","Die Die Die","Caltrops","Predator","Parasite","A Thousand Cuts","Dagger Spray+1","Sucker Punch","Leg Sweep","Finesse","Quick Slash","Leg Sweep","Leg Sweep+1","Backflip","Finisher","After Image","Dagger Throw","Madness","Madness","Sucker Punch+1","Dagger Spray+1"],"max_hp_per_floor":[70,70,70,70,70,70,70,70,70,70,70,70,70,70,70,70,70,70,70,70,70,70,70,70,70,70,70,70,70,70,70,70,70,70,70,70,70,70,70],"relics":["Velvet Choker","Gremlin Horn","Mummified Hand","Du-Vu Doll","Paper Crane","Runic Pyramid","Omamori","Old Coin","Meat on the Bone","Girya","Black Star"],"card_choices":[{"not_picked":["Acrobatics","Deadly Poison"],"picked":"Quick Slash"},{"not_picked":["Dodge and Roll","Heel Hook"],"picked":"Caltrops"},{"not_picked":["Riddle With Holes","Blur"],"picked":"Well Laid Plans"},{"not_picked":["Acrobatics","Deflect"],"picked":"Die Die Die"},{"not_picked":["Distraction","Backflip"],"picked":"Caltrops"},{"not_picked":["Dagger Spray","Acrobatics"],"picked":"Predator"},{"not_picked":["Envenom","Burst"],"picked":"A Thousand Cuts"},{"not_picked":["Acrobatics","Poisoned Stab"],"picked":"Dagger Spray"},{"not_picked":["Slice","Flying Knee"],"picked":"Sucker Punch"},{"not_picked":["Distraction","Dagger Spray"],"picked":"Leg Sweep"},{"not_picked":["Outmaneuver","Bane"],"picked":"Quick Slash"},{"not_picked":["Prepared","Catalyst"],"picked":"Leg Sweep"},{"not_picked":["Backflip","Deflect"],"picked":"Leg Sweep"},{"not_picked":["Flying Knee","Blade Dance"],"picked":"Finisher"},{"not_picked":["Burst","Envenom"],"picked":"After Image"},{"not_picked":["Well Laid Plans","Outmaneuver"],"picked":"Dagger Throw"},{"not_picked":["Prepared","Deadly Poison"],"picked":"Sucker Punch"},{"not_picked":["Deadly Poison","Bouncing Flask"],"picked":"Dagger Spray"}],"player_experience":33697,"potions_floor_usage":[29,38,39,40,40],"damage_taken":[{"damage":0,"enemies":"Small Slimes","floor":1,"turns":4},{"damage":8,"enemies":"Jaw Worm","floor":6,"turns":3},{"damage":29,"enemies":"Lagavulin","floor":8,"turns":6},{"damage":2,"enemies":"Cultist","floor":10,"turns":3},{"damage":6,"enemies":"3 Sentries","floor":12,"turns":4},{"damage":0,"enemies":"3 Louse","floor":13,"turns":1},{"damage":22,"enemies":"Slime Boss","floor":16,"turns":8},{"damage":15,"enemies":"Shell Parasite","floor":18,"turns":4},{"damage":25,"enemies":"2 Thieves","floor":19,"turns":3},{"damage":2,"enemies":"Snecko","floor":21,"turns":4},{"damage":12,"enemies":"Snake Plant","floor":24,"turns":3},{"damage":16,"enemies":"Slaver and Parasite","floor":25,"turns":6},{"damage":0,"enemies":"Snecko","floor":27,"turns":4},{"damage":9,"enemies":"Snake Plant","floor":29,"turns":4},{"damage":36,"enemies":"Champ","floor":33,"turns":14},{"damage":26,"enemies":"3 Shapes","floor":35,"turns":4},{"damage":10,"enemies":"Orb Walker","floor":37,"turns":4},{"damage":33,"enemies":"4 Shapes","floor":38,"turns":7},{"damage":1,"enemies":"3 Darklings","floor":39,"turns":5},{"damage":29,"enemies":"2 Orb Walkers","floor":40,"turns":3}],"event_choices":[{"event_name":"Golden Wing","player_choice":"Card Removal","floor":2,"damage_taken":0},{"event_name":"Big Fish","player_choice":"Box","floor":3,"damage_taken":0},{"event_name":"Liars Game","player_choice":"disagreed","floor":5,"damage_taken":0},{"event_name":"Mushrooms","player_choice":"Healed and dodged fight","floor":14,"damage_taken":0},{"event_name":"Purifier","player_choice":"One Purge","floor":20,"damage_taken":0},{"event_name":"The Library","player_choice":"Heal","floor":31,"damage_taken":0},{"event_name":"Winding Halls","player_choice":"Embrace Madness","floor":36,"damage_taken":0}],"boss_relics":[{"not_picked":["The Specimen","Orrery"],"picked":"Runic Pyramid"},{"not_picked":["White Beast Statue","Cursed Key"],"picked":"Black Star"}],"potions_floor_spawned":[10,13,21,25,27,35,38],"seed_played":"-4921700072620499370","killed_by":"2 Orb Walkers","ascension_level":0,"is_trial":false}