{"path_per_floor":["M","M","?","M","M","R","E","R","T","?","E","M","$","M","R","B",null,"M","?","$","?","?","E","?","R","T","R","M","$","E","M","R","B",null,"M","?","M","?","$","E","M","M","T","R","?","E","M","M","R","B"],"character_chosen":"IRONCLAD","items_purchased":["Ginger","Pen Nib","Metallicize"],"gold_per_floor":[113,127,127,145,162,162,194,194,194,369,404,418,29,49,49,153,153,163,163,63,63,63,90,90,90,165,165,182,34,68,87,87,185,185,199,199,213,213,18,47,66,77,146,146,197,229,239,251,251,251],"floor_reached":51,"campfire_rested":1,"playtime":5650,"current_hp_per_floor":[72,72,72,69,68,68,62,62,62,62,71,75,75,78,78,60,78,81,65,65,65,65,71,56,56,56,56,56,56,64,71,71,46,95,77,67,61,61,61,26,18,11,11,58,64,70,69,63,63,41],"items_purged":["Regret","Doubt","Clumsy"],"gold":251,"play_id":"c41dd4eb-81ea-46f4-98d6-04ac23d4a995","is_prod":false,"is_daily":false,"is_ascension_mode":false,"campfire_upgraded":7,"path_taken":["M","M","?","?","M","R","E","R","T","?","E","M","$","?","R","BOSS","M","?","$","?","?","E","?","R","T","R","?","?","E","M","R","BOSS","M","?","M","?","$","E","?","M","T","R","?","E","M","M","R","BOSS"],"build_version":"2018-02-01-PROD3","purchased_purges":3,"victory":true,"master_deck":["Strike_R","Strike_R","Strike_R","Defend_R","Defend_R","Bash+1","Clothesline","Sever Soul+1","Clash","Clash+1","Feed","Sever Soul+1","Headbutt","Pommel Strike+1","Shrug It Off+1","Thunderclap","Dark Embrace+1","Dropkick","Second Wind+1","Clash+1","Sever Soul+1","Shrug It Off+1","Madness","Madness+1","Pommel Strike+1","Metallicize","Seeing Red+1","Shrug It Off+1","Clumsy","Uppercut+1","Impervious","Warcry+1","Infernal Blade+1"],"max_hp_per_floor":[72,72,72,72,72,72,72,72,72,72,75,75,75,78,78,78,78,81,81,81,81,81,81,86,86,86,86,86,86,89,92,92,95,95,95,95,98,98,98,101,104,107,107,107,107,107,107,107,107,107],"relics":["Burning Blood","Orichalcum","Paper Frog","Thread and Needle","Ancient Tea Set","Ginger","Cursed Key","Nilry\u0027s Codex","Self Forming Clay","Mercury Hourglass","Pen Nib","Regal Pillow","Lizard Tail","Happy Flower","Letter Opener","Gambling Chip","Vajra"],"card_choices":[{"not_picked":["Sword Boomerang","Warcry"],"picked":"Clash"},{"not_picked":["Shockwave","Fire Breathing"],"picked":"Clash"},{"not_picked":["Body Slam","Iron Wave"],"picked":"Feed"},{"not_picked":["Heavy Blade","Shrug It Off"],"picked":"Sever Soul"},{"not_picked":["Heavy Blade","Body Slam"],"picked":"Headbutt"},{"not_picked":["Rupture","Feed"],"picked":"Pommel Strike"},{"not_picked":["Spot Weakness","Sword Boomerang"],"picked":"Shrug It Off"},{"not_picked":["True Grit","Twin Strike"],"picked":"Thunderclap"},{"not_picked":["Juggernaut","Offering"],"picked":"Dark Embrace"},{"not_picked":["Anger","Inflame"],"picked":"Dropkick"},{"not_picked":["Heavy Blade","Thunderclap"],"picked":"Second Wind"},{"not_picked":["Perfected Strike","Rupture"],"picked":"Clash"},{"not_picked":["Shrug It Off","Flex"],"picked":"Sever Soul"},{"not_picked":["Rage","Perfected Strike"],"picked":"Shrug It Off"},{"not_picked":["Evolve","Thunderclap"],"picked":"Pommel Strike"},{"not_picked":["Perfected Strike","Armaments"],"picked":"Seeing Red"},{"not_picked":["Flame Barrier","Heavy Blade"],"picked":"Shrug It Off"},{"not_picked":["Thunderclap","Body Slam"],"picked":"Uppercut"},{"not_picked":["Body Slam","Cleave"],"picked":"Impervious"},{"not_picked":["Clothesline","Wild Strike"],"picked":"Warcry"},{"not_picked":["Corruption","Clothesline"],"picked":"Infernal Blade"}],"player_experience":53958,"potions_floor_usage":[40,41,41,50,50],"damage_taken":[{"damage":1,"enemies":"2 Louse","floor":1,"turns":2},{"damage":3,"enemies":"Jaw Worm","floor":2,"turns":3},{"damage":9,"enemies":"Blue Slaver","floor":4,"turns":3},{"damage":7,"enemies":"2 Fungi Beasts","floor":5,"turns":3},{"damage":12,"enemies":"Lagavulin","floor":7,"turns":3},{"damage":0,"enemies":"3 Sentries","floor":11,"turns":8},{"damage":0,"enemies":"3 Louse","floor":12,"turns":2},{"damage":0,"enemies":"Large Slime","floor":14,"turns":4},{"damage":24,"enemies":"Hexaghost","floor":16,"turns":7},{"damage":0,"enemies":"3 Byrds","floor":18,"turns":5},{"damage":0,"enemies":"Gremlin Leader","floor":23,"turns":3},{"damage":6,"enemies":"Shell Parasite","floor":28,"turns":3},{"damage":1,"enemies":"Book of Stabbing","floor":30,"turns":3},{"damage":2,"enemies":"Centurion and Healer","floor":31,"turns":3},{"damage":34,"enemies":"Automaton","floor":33,"turns":7},{"damage":24,"enemies":"3 Darklings","floor":35,"turns":4},{"damage":15,"enemies":"3 Shapes","floor":37,"turns":3},{"damage":44,"enemies":"Nemesis","floor":40,"turns":7},{"damage":17,"enemies":"Sphere and 2 Shapes","floor":41,"turns":3},{"damage":16,"enemies":"4 Shapes","floor":42,"turns":5},{"damage":0,"enemies":"Mysterious Sphere","floor":45,"turns":2},{"damage":0,"enemies":"2 Orb Walkers","floor":46,"turns":3},{"damage":7,"enemies":"Maw","floor":47,"turns":5},{"damage":12,"enemies":"Sphere and 2 Shapes","floor":48,"turns":3},{"damage":93,"enemies":"Awakened One","floor":50,"turns":9}],"event_choices":[{"event_name":"Big Fish","player_choice":"Box","floor":3,"damage_taken":0},{"event_name":"Liars Game","player_choice":"agreed","floor":10,"damage_taken":0},{"event_name":"Cursed Tome","player_choice":"Obtained Book","floor":19,"damage_taken":0},{"event_name":"Purifier","player_choice":"One Purge","floor":21,"damage_taken":0},{"event_name":"Upgrade Shrine","player_choice":"Upgraded","floor":22,"damage_taken":0},{"event_name":"Forgotten Altar","player_choice":"Shed Blood","floor":24,"damage_taken":0},{"event_name":"Winding Halls","player_choice":"Embrace Madness","floor":36,"damage_taken":0},{"event_name":"Mysterious Sphere","player_choice":"Fight","floor":45,"damage_taken":0}],"boss_relics":[{"not_picked":["Eternal Feather","Velvet Choker"],"picked":"Cursed Key"},{"not_picked":["Runic Dome","Snecko Eye"],"picked":"Lizard Tail"}],"potions_floor_spawned":[5,7,11,12,14,16,30,31,33,37,46,48],"seed_played":"3884929319649579594","ascension_level":0,"is_trial":false}