{"gold_per_floor":[113,113,127,147,165,200,200,30,30,30,40,40,215,246,246,347,347,359,46,46,146,161,176,176,209,209,209,224,250,270,270,270,270],"floor_reached":33,"playtime":1715,"items_purged":["Doubt"],"score":482,"play_id":"97ab7a74-47c0-4aaa-a066-77e7f468d316","local_time":"20190525033854","is_ascension_mode":true,"campfire_choices":[{"floor":7,"key":"REST"},{"data":"Defragment","floor":10,"key":"SMITH"},{"floor":15,"key":"REST"},{"floor":24,"key":"REST"},{"floor":27,"key":"REST"},{"floor":32,"key":"REST"}],"neow_cost":"NONE","seed_source_timestamp":213854984745541,"circlet_count":0,"master_deck":["AscendersBane","Strike_B","Strike_B","Strike_B","Strike_B+1","Defend_B","Defend_B","Defend_B","Defend_B","Zap","Ball Lightning","Defragment+1","Sunder","Sweeping Beam","Defragment+1","Go for the Eyes","Self Repair","Cold Snap","All For One","Ball Lightning","RitualDagger","Conserve Battery","Cold Snap+1","Sunder+1","Undo","Pain","Stack+1","Leap+1","Go for the Eyes","Blizzard"],"relics":["Nuclear Battery","Torii","PreservedInsect","Turnip","Nunchaku","Cursed Key","Frozen Egg 2","Mango","Bottled Lightning","Prayer Wheel","Pen Nib","Pear"],"potions_floor_usage":[14,18,22,25,25,25,25,29,30,33],"damage_taken":[{"damage":3,"enemies":"Jaw Worm","floor":1,"turns":5},{"damage":1,"enemies":"Cultist","floor":3,"turns":4},{"damage":0,"enemies":"Small Slimes","floor":4,"turns":3},{"damage":6,"enemies":"Blue Slaver","floor":5,"turns":3},{"damage":20,"enemies":"Lagavulin","floor":6,"turns":5},{"damage":9,"enemies":"Looter","floor":11,"turns":3},{"damage":8,"enemies":"Gremlin Nob","floor":14,"turns":3},{"damage":17,"enemies":"Hexaghost","floor":16,"turns":11},{"damage":16,"enemies":"2 Thieves","floor":18,"turns":3},{"damage":25,"enemies":"Colosseum Slavers","floor":21,"turns":3},{"damage":8,"enemies":"Colosseum Nobs","floor":21,"turns":4},{"damage":10,"enemies":"Shell Parasite","floor":22,"turns":3},{"damage":26,"enemies":"Centurion and Healer","floor":23,"turns":5},{"damage":1,"enemies":"Slavers","floor":25,"turns":3},{"damage":33,"enemies":"Shelled Parasite and Fungi","floor":28,"turns":4},{"damage":3,"enemies":"Book of Stabbing","floor":29,"turns":3},{"damage":0,"enemies":"3 Cultists","floor":30,"turns":3},{"damage":80,"enemies":"Automaton","floor":33,"turns":10}],"seed_played":"5033116096053987919","potions_obtained":[{"floor":5,"key":"SpeedPotion"},{"floor":6,"key":"Poison Potion"},{"floor":14,"key":"Ancient Potion"},{"floor":16,"key":"PowerPotion"},{"floor":21,"key":"Poison Potion"},{"floor":23,"key":"EntropicBrew"},{"floor":25,"key":"SteroidPotion"},{"floor":28,"key":"GamblersBrew"},{"floor":29,"key":"GamblersBrew"}],"is_trial":false,"path_per_floor":["M","?","M","M","M","E","R","$","T","R","M","?","?","E","R","B",null,"M","$","?","?","M","M","R","E","T","R","M","E","M","?","R","B"],"character_chosen":"DEFECT","items_purchased":["PreservedInsect","Go for the Eyes","Frozen Egg 2"],"campfire_rested":5,"item_purchase_floors":[8,8,19],"current_hp_per_floor":[65,65,64,64,58,38,60,60,60,60,51,36,36,35,57,47,68,59,59,53,41,38,19,45,44,44,70,37,51,51,51,80,0],"gold":270,"neow_bonus":"BOSS_RELIC","is_prod":false,"is_daily":false,"chose_seed":false,"campfire_upgraded":1,"win_rate":0,"timestamp":1558744734,"path_taken":["M","?","M","M","?","E","R","$","T","R","M","?","?","E","R","BOSS","M","$","?","?","M","M","R","E","T","R","M","E","M","?","R","BOSS"],"build_version":"2019-01-23","purchased_purges":1,"victory":false,"max_hp_per_floor":[75,75,75,75,75,75,75,75,75,75,75,75,75,75,75,75,75,75,75,75,89,89,89,89,89,89,89,89,99,99,99,99,99],"card_choices":[{"not_picked":["Turbo","Auto Shields"],"picked":"Ball Lightning","floor":1},{"not_picked":["Hologram","Coolheaded"],"picked":"Defragment","floor":3},{"not_picked":["Chill","Fusion"],"picked":"Sunder","floor":4},{"not_picked":["Barrage","Hologram"],"picked":"Sweeping Beam","floor":5},{"not_picked":["Lockon","Compile Driver"],"picked":"Defragment","floor":6},{"not_picked":["Reinforced Body","Lockon"],"picked":"Self Repair","floor":11},{"not_picked":["Capacitor","Buffer"],"picked":"Cold Snap","floor":14},{"not_picked":["Buffer","Seek"],"picked":"All For One","floor":16},{"not_picked":["Static Discharge","Stack"],"picked":"Ball Lightning","floor":18},{"not_picked":["Sweeping Beam","Ball Lightning"],"picked":"Conserve Battery","floor":21},{"not_picked":["Barrage","Beam Cell"],"picked":"Cold Snap+1","floor":22},{"not_picked":["Double Energy","Beam Cell"],"picked":"Sunder+1","floor":23},{"not_picked":["Turbo","Static Discharge+1"],"picked":"Undo","floor":25},{"not_picked":["Steam","Coolheaded"],"picked":"Stack+1","floor":28},{"not_picked":["Coolheaded","Barrage","Thunder Strike"],"picked":"SKIP","floor":28},{"not_picked":["Undo","Reprogram"],"picked":"Leap+1","floor":29},{"not_picked":["Cold Snap","Gash"],"picked":"Go for the Eyes","floor":30},{"not_picked":["Stack+1","Doom and Gloom"],"picked":"Blizzard","floor":30}],"player_experience":503301,"relics_obtained":[{"floor":6,"key":"Torii"},{"floor":9,"key":"Turnip"},{"floor":14,"key":"Nunchaku"},{"floor":21,"key":"Mango"},{"floor":21,"key":"Bottled Lightning"},{"floor":25,"key":"Prayer Wheel"},{"floor":26,"key":"Pen Nib"},{"floor":29,"key":"Pear"}],"event_choices":[{"cards_removed":["Dualcast"],"damage_healed":0,"gold_gain":0,"player_choice":"Offered Basic","damage_taken":0,"max_hp_gain":0,"max_hp_loss":0,"event_name":"Bonfire Elementals","floor":2,"gold_loss":0},{"damage_healed":0,"gold_gain":0,"player_choice":"Entered Light","damage_taken":15,"max_hp_gain":0,"max_hp_loss":0,"event_name":"Shining Light","floor":12,"gold_loss":0,"cards_upgraded":["Defragment","Strike_B"]},{"damage_healed":0,"gold_gain":175,"player_choice":"AGREE","damage_taken":0,"max_hp_gain":0,"max_hp_loss":0,"event_name":"Liars Game","floor":13,"gold_loss":0,"cards_obtained":["Doubt"]},{"damage_healed":0,"gold_gain":0,"player_choice":"Joined the Cult","damage_taken":6,"max_hp_gain":0,"max_hp_loss":0,"event_name":"Nest","floor":20,"gold_loss":0,"cards_obtained":["RitualDagger"]},{"damage_healed":0,"gold_gain":0,"player_choice":"Fight","damage_taken":0,"max_hp_gain":0,"max_hp_loss":0,"event_name":"Colosseum","floor":21,"gold_loss":0},{"damage_healed":0,"gold_gain":0,"player_choice":"Fought Nobs","damage_taken":0,"max_hp_gain":0,"max_hp_loss":0,"event_name":"Colosseum","floor":21,"gold_loss":0},{"damage_healed":0,"gold_gain":0,"player_choice":"Ignored","damage_taken":0,"max_hp_gain":0,"max_hp_loss":0,"event_name":"Ghosts","floor":31,"gold_loss":0}],"is_beta":false,"boss_relics":[{"not_picked":["Snecko Eye","Philosopher\u0027s Stone"],"picked":"Cursed Key"}],"items_purged_floors":[19],"is_endless":false,"potions_floor_spawned":[5,6,14,16,21,23,25,28,29],"killed_by":"Automaton","ascension_level":11}