{"gold_per_floor":[114,88,107,107,282,313,313,313,313,331,358,384,396,409,409,409],"floor_reached":16,"playtime":680,"items_purged":[],"score":165,"play_id":"fb54a08a-7c8c-4296-9681-b8390593243d","local_time":"20190524180507","is_ascension_mode":true,"campfire_choices":[{"floor":7,"key":"REST"},{"floor":15,"key":"REST"}],"neow_cost":"NONE","seed_source_timestamp":180462238832151,"circlet_count":0,"master_deck":["AscendersBane","Strike_B","Strike_B","Strike_B","Defend_B","Defend_B","Defend_B","Defend_B","Zap","Dualcast","Biased Cognition","Gash","Rebound","Conserve Battery","Doubt","Sweeping Beam+1","Scrape+1","Scrape","Sweeping Beam"],"relics":["Cracked Core","Singing Bowl","Oddly Smooth Stone","Whetstone","Blood Vial"],"potions_floor_usage":[6,6,16,16],"damage_taken":[{"damage":9,"enemies":"2 Louse","floor":1,"turns":3},{"damage":0,"enemies":"Small Slimes","floor":3,"turns":2},{"damage":27,"enemies":"3 Sentries","floor":6,"turns":11},{"damage":0,"enemies":"Cultist","floor":10,"turns":3},{"damage":34,"enemies":"Gremlin Nob","floor":11,"turns":4},{"damage":0,"enemies":"2 Fungi Beasts","floor":13,"turns":2},{"damage":8,"enemies":"3 Louse","floor":14,"turns":3},{"damage":40,"enemies":"Slime Boss","floor":16,"turns":8}],"seed_played":"3254529959957962146","potions_obtained":[{"floor":1,"key":"EssenceOfSteel"},{"floor":3,"key":"Energy Potion"},{"floor":11,"key":"Energy Potion"},{"floor":14,"key":"Explosive Potion"}],"is_trial":false,"path_per_floor":["M","$","M","?","?","E","R","?","T","M","E","T","M","M","R","B"],"character_chosen":"DEFECT","items_purchased":["Rebound"],"campfire_rested":2,"item_purchase_floors":[2],"current_hp_per_floor":[59,59,59,52,52,25,47,47,47,47,15,15,17,11,34,0],"gold":409,"neow_bonus":"ONE_RANDOM_RARE_CARD","is_prod":false,"is_daily":false,"chose_seed":false,"campfire_upgraded":0,"win_rate":0,"timestamp":1558710307,"path_taken":["M","$","M","?","?","E","R","?","T","M","E","?","?","M","R","BOSS"],"build_version":"2019-01-23","purchased_purges":0,"victory":false,"max_hp_per_floor":[75,75,75,75,75,75,75,75,75,75,77,77,77,77,77,77],"card_choices":[{"not_picked":["Recycle","Stack"],"picked":"Gash","floor":1},{"not_picked":["Steam","Tempest"],"picked":"Conserve Battery","floor":3},{"not_picked":["Hello World","Coolheaded"],"picked":"Sweeping Beam","floor":6},{"not_picked":["BootSequence","Auto Shields"],"picked":"Scrape","floor":10},{"not_picked":["Tempest","Cold Snap","Reprogram"],"picked":"Singing Bowl","floor":11},{"not_picked":["Barrage","Hologram"],"picked":"Scrape","floor":13},{"not_picked":["Hello World","Streamline"],"picked":"Sweeping Beam","floor":14}],"player_experience":495416,"relics_obtained":[{"floor":6,"key":"Singing Bowl"},{"floor":9,"key":"Oddly Smooth Stone"},{"floor":11,"key":"Whetstone"},{"floor":12,"key":"Blood Vial"}],"event_choices":[{"cards_removed":["Strike_B"],"damage_healed":0,"gold_gain":0,"player_choice":"Card Removal","damage_taken":7,"max_hp_gain":0,"max_hp_loss":0,"event_name":"Golden Wing","floor":4,"gold_loss":0},{"damage_healed":0,"gold_gain":175,"player_choice":"AGREE","damage_taken":0,"max_hp_gain":0,"max_hp_loss":0,"event_name":"Liars Game","floor":5,"gold_loss":0,"cards_obtained":["Doubt"]},{"damage_healed":0,"gold_gain":0,"player_choice":"Ignored","damage_taken":0,"max_hp_gain":0,"max_hp_loss":0,"event_name":"Shining Light","floor":8,"gold_loss":0}],"is_beta":false,"boss_relics":[],"items_purged_floors":[],"is_endless":false,"potions_floor_spawned":[1,3,11,14],"killed_by":"Slime Boss","ascension_level":10}