{"gold_per_floor":[109,109,128,78,78,78,78,78,78,78,96,127,147,157,157,262,262,281,255,145,163,183,83,83],"floor_reached":24,"playtime":1459,"items_purged":["Normality","Shame"],"score":208,"play_id":"3b1a68ba-1e42-4282-aa41-c86c9737dee4","local_time":"20181202124139","is_ascension_mode":true,"campfire_choices":[{"data":"Blade Dance","floor":6,"key":"SMITH"},{"data":"Neutralize","floor":8,"key":"SMITH"},{"data":"Heel Hook","floor":10,"key":"SMITH"},{"floor":15,"key":"REST"}],"neow_cost":"NONE","seed_source_timestamp":275178748300,"circlet_count":0,"master_deck":["Defend_G","Defend_G","Defend_G","Defend_G","Defend_G","Strike_G","Strike_G","Survivor","Neutralize+1","Heel Hook+1","Blade Dance+1","Quick Slash","Dagger Spray","Adrenaline","Blade Dance","Cloak And Dagger","Burst","Parasite","PiercingWail","Infinite Blades","Footwork","Envenom","Finisher"],"relics":["Ring of the Snake","NeowsBlessing","Pantograph","Sundial","Calipers","Calling Bell","Orichalcum","Ninja Scroll","Thread and Needle"],"potions_floor_usage":[12,13,16,16,22],"damage_taken":[{"damage":0,"enemies":"Jaw Worm","floor":1,"turns":1},{"damage":0,"enemies":"2 Louse","floor":3,"turns":1},{"damage":0,"enemies":"Cultist","floor":11,"turns":1},{"damage":17,"enemies":"Lagavulin","floor":12,"turns":8},{"damage":2,"enemies":"Blue Slaver","floor":13,"turns":3},{"damage":3,"enemies":"Exordium Wildlife","floor":14,"turns":3},{"damage":21,"enemies":"Slime Boss","floor":16,"turns":9},{"damage":19,"enemies":"Shell Parasite","floor":18,"turns":10},{"damage":0,"enemies":"2 Thieves","floor":19,"turns":5},{"damage":22,"enemies":"Cultist and Chosen","floor":21,"turns":9},{"damage":21,"enemies":"Snake Plant","floor":22,"turns":6},{"damage":14,"enemies":"Gremlin Leader","floor":24,"turns":4}],"seed_played":"5796974606344846273","potions_obtained":[{"floor":1,"key":"GhostInAJar"},{"floor":11,"key":"Dexterity Potion"},{"floor":12,"key":"Regen Potion"},{"floor":14,"key":"AttackPotion"},{"floor":21,"key":"SteroidPotion"}],"is_trial":false,"path_per_floor":["M","?","M","?","?","R","?","R","T","R","M","E","M","M","R","B",null,"M","M","$","M","M","$","E"],"character_chosen":"THE_SILENT","items_purchased":["Footwork"],"campfire_rested":1,"item_purchase_floors":[20],"current_hp_per_floor":[70,70,70,70,63,63,63,63,63,63,63,46,49,46,67,49,70,51,51,51,29,8,8,0],"gold":83,"neow_bonus":"THREE_ENEMY_KILL","is_prod":false,"is_daily":false,"chose_seed":false,"campfire_upgraded":3,"win_rate":0,"timestamp":1543750899,"path_taken":["M","?","M","?","?","R","?","R","T","R","?","E","M","M","R","BOSS","M","M","$","M","M","$","E"],"build_version":"2018-11-15","purchased_purges":2,"victory":false,"max_hp_per_floor":[70,70,70,70,70,70,70,70,70,70,70,70,70,70,70,70,70,70,70,70,70,70,70,70],"card_choices":[{"not_picked":["Reflex","Outmaneuver"],"picked":"Heel Hook","floor":1},{"not_picked":["Choke","Quick Slash"],"picked":"Blade Dance","floor":3},{"not_picked":["Outmaneuver","Underhanded Strike"],"picked":"Dagger Spray","floor":11},{"not_picked":["Escape Plan","Poisoned Stab"],"picked":"Adrenaline","floor":12},{"not_picked":["Dodge and Roll","Distraction"],"picked":"Blade Dance","floor":13},{"not_picked":["Blade Dance","Underhanded Strike"],"picked":"Cloak And Dagger","floor":14},{"not_picked":["Grand Finale","Venomology"],"picked":"Burst","floor":16},{"not_picked":["Dagger Throw","Acrobatics"],"picked":"PiercingWail","floor":18},{"not_picked":["Reflex","All Out Attack"],"picked":"Infinite Blades","floor":19},{"not_picked":["Blade Dance+1","Prepared"],"picked":"Envenom","floor":21},{"not_picked":["Cloak And Dagger+1","Infinite Blades"],"picked":"Finisher","floor":22}],"player_experience":263452,"relics_obtained":[{"floor":9,"key":"Sundial"},{"floor":12,"key":"Calipers"},{"floor":17,"key":"Orichalcum"},{"floor":17,"key":"Ninja Scroll"},{"floor":17,"key":"Thread and Needle"}],"event_choices":[{"cards_removed":["Strike_G"],"damage_healed":0,"gold_gain":0,"player_choice":"Forget","damage_taken":0,"max_hp_gain":0,"max_hp_loss":0,"event_name":"Living Wall","floor":2,"gold_loss":0},{"cards_removed":["Strike_G"],"damage_healed":0,"gold_gain":0,"player_choice":"Card Removal","damage_taken":0,"max_hp_gain":0,"max_hp_loss":0,"event_name":"The Cleric","floor":4,"gold_loss":50},{"damage_healed":0,"gold_gain":0,"player_choice":"Success","damage_taken":7,"relics_obtained":["Pantograph"],"max_hp_gain":0,"max_hp_loss":0,"event_name":"Scrap Ooze","floor":5,"gold_loss":0},{"damage_healed":0,"gold_gain":0,"cards_transformed":["Strike_G"],"player_choice":"Transformed","damage_taken":0,"max_hp_gain":0,"max_hp_loss":0,"event_name":"Transmorgrifier","floor":7,"gold_loss":0,"cards_obtained":["Quick Slash"]}],"is_beta":false,"boss_relics":[{"not_picked":["Cursed Key","Busted Crown"],"picked":"Calling Bell"}],"items_purged_floors":[20,23],"is_endless":false,"potions_floor_spawned":[1,11,12,14,21],"killed_by":"Gremlin Leader","ascension_level":1}