{"gold_per_floor":[13,33,46,46,46,46,80,80,105,105,136,154,154,170,170,269,269,284,297,222,222,222,222,241,241,265,265,180,214,224,32,32,129,129,139,191,191,203,217,217,250,261,261,261,281,281,381,401,401,401],"floor_reached":51,"playtime":2794,"items_purged":[],"score":1113,"play_id":"c2f126cd-0f64-4158-a00c-84aa52b6527b","local_time":"20190511184802","is_ascension_mode":true,"campfire_choices":[{"data":"1","floor":6,"key":"LIFT"},{"data":"Armaments","floor":8,"key":"SMITH"},{"data":"2","floor":10,"key":"LIFT"},{"data":"3","floor":13,"key":"LIFT"},{"floor":15,"key":"REST"},{"data":"Uppercut","floor":23,"key":"SMITH"},{"data":"Havoc","floor":25,"key":"SMITH"},{"data":"Whirlwind","floor":27,"key":"SMITH"},{"data":"Infernal Blade","floor":32,"key":"SMITH"},{"data":"Flame Barrier","floor":40,"key":"SMITH"},{"data":"Mayhem","floor":46,"key":"SMITH"},{"data":"Entrench","floor":49,"key":"SMITH"}],"neow_cost":"NO_GOLD","seed_source_timestamp":1212909346654781,"circlet_count":0,"master_deck":["AscendersBane","Strike_R+1","Strike_R+1","Strike_R+1","Defend_R+1","Defend_R+1","Defend_R+1","Defend_R+1","Bash","Whirlwind+1","Uppercut+1","Burning Pact","Armaments+1","Shrug It Off","Reaper","Headbutt","Whirlwind+1","Havoc+1","Impervious","Infernal Blade+1","Offering","Armaments+1","Flame Barrier+1","Ghostly Armor","Disarm","Madness","Master of Strategy","Mayhem+1","Corruption+1","Shrug It Off","Entrench+1"],"relics":["Burning Blood","Girya","Happy Flower","Juzu Bracelet","Dead Branch","Philosopher\u0027s Stone","Bag of Preparation","Charon\u0027s Ashes","Boot","Oddly Smooth Stone","Sozu","Bird Faced Urn","Bottled Lightning","Gremlin Horn","Ice Cream"],"potions_floor_usage":[16,29,29,33],"damage_taken":[{"damage":6,"enemies":"2 Louse","floor":1,"turns":3},{"damage":6,"enemies":"Cultist","floor":2,"turns":3},{"damage":9,"enemies":"Small Slimes","floor":3,"turns":5},{"damage":36,"enemies":"Gremlin Nob","floor":7,"turns":5},{"damage":17,"enemies":"Lagavulin","floor":11,"turns":7},{"damage":6,"enemies":"Looter","floor":12,"turns":3},{"damage":0,"enemies":"Blue Slaver","floor":14,"turns":5},{"damage":38,"enemies":"Hexaghost","floor":16,"turns":12},{"damage":1,"enemies":"Chosen","floor":18,"turns":4},{"damage":33,"enemies":"Shell Parasite","floor":19,"turns":5},{"damage":25,"enemies":"Snake Plant","floor":24,"turns":3},{"damage":23,"enemies":"Slavers","floor":29,"turns":2},{"damage":0,"enemies":"Cultist and Chosen","floor":30,"turns":4},{"damage":18,"enemies":"Champ","floor":33,"turns":6},{"damage":5,"enemies":"3 Shapes","floor":35,"turns":4},{"damage":12,"enemies":"2 Orb Walkers","floor":36,"turns":2},{"damage":0,"enemies":"Orb Walker","floor":38,"turns":3},{"damage":0,"enemies":"3 Darklings","floor":39,"turns":3},{"damage":6,"enemies":"Nemesis","floor":41,"turns":3},{"damage":41,"enemies":"Transient","floor":42,"turns":5},{"damage":0,"enemies":"Maw","floor":45,"turns":5},{"damage":23,"enemies":"Mind Bloom Boss Battle","floor":47,"turns":5},{"damage":6,"enemies":"Sphere and 2 Shapes","floor":48,"turns":2},{"damage":73,"enemies":"Awakened One","floor":50,"turns":9}],"seed_played":"1066585836252879630","potions_obtained":[{"floor":1,"key":"FairyPotion"},{"floor":11,"key":"Poison Potion"},{"floor":16,"key":"Explosive Potion"},{"floor":19,"key":"PowerPotion"},{"floor":30,"key":"BloodPotion"}],"is_trial":false,"path_per_floor":["M","M","M","$","?","R","E","R","T","R","E","M","R","M","R","B",null,"M","M","?","?","?","R","M","R","T","R","?","E","M","$","R","B",null,"M","?","?","M","M","R","E","M","T","?","M","R","?","M","R","B",null],"character_chosen":"IRONCLAD","items_purchased":["Oddly Smooth Stone","Infernal Blade"],"campfire_rested":1,"item_purchase_floors":[31,31],"current_hp_per_floor":[72,72,69,69,74,74,44,44,44,44,33,33,33,39,64,32,72,85,66,66,66,66,66,56,56,56,56,56,60,85,85,85,81,84,85,85,85,85,85,85,85,56,56,46,74,74,85,85,85,35],"gold":401,"neow_bonus":"ONE_RARE_RELIC","is_prod":false,"is_daily":false,"chose_seed":false,"campfire_upgraded":8,"win_rate":0,"timestamp":1557625682,"path_taken":["M","M","M","$","?","R","E","R","T","R","E","M","R","M","R","BOSS","M","M","?","?","?","R","M","R","T","R","?","E","M","$","R","BOSS","M","?","?","M","M","R","E","M","T","?","M","R","?","M","R","BOSS"],"build_version":"2019-01-23","purchased_purges":0,"victory":true,"max_hp_per_floor":[80,80,80,80,85,85,85,85,85,85,85,85,85,85,85,85,85,85,85,85,85,85,85,85,85,85,85,85,85,85,85,85,85,85,85,85,85,85,85,85,85,85,85,85,85,85,85,85,85,85],"card_choices":[{"not_picked":["Dropkick","Inflame"],"picked":"Whirlwind","floor":1},{"not_picked":["Body Slam","Flex"],"picked":"Uppercut","floor":2},{"not_picked":["Evolve","Carnage"],"picked":"Burning Pact","floor":3},{"not_picked":["Warcry","Rupture"],"picked":"Armaments","floor":7},{"not_picked":["Cleave","Armaments","Dropkick"],"picked":"SKIP","floor":11},{"not_picked":["Sword Boomerang","Pommel Strike"],"picked":"Shrug It Off","floor":12},{"not_picked":["Wild Strike","Perfected Strike","Warcry"],"picked":"SKIP","floor":14},{"not_picked":["Brutality","Demon Form"],"picked":"Reaper","floor":16},{"not_picked":["Dropkick+1","Whirlwind"],"picked":"Headbutt","floor":18},{"not_picked":["Anger","Perfected Strike+1"],"picked":"Whirlwind+1","floor":19},{"not_picked":["Heavy Blade","Headbutt"],"picked":"Havoc","floor":24},{"not_picked":["Warcry+1","Dropkick"],"picked":"Impervious","floor":29},{"not_picked":["Headbutt","Clash","Wild Strike"],"picked":"SKIP","floor":30},{"not_picked":["Berserk","Feed"],"picked":"Offering","floor":33},{"not_picked":["Thunderclap","Rupture"],"picked":"Armaments+1","floor":35},{"not_picked":["Rampage+1","Dual Wield"],"picked":"Flame Barrier","floor":36},{"not_picked":["Headbutt","Pommel Strike"],"picked":"Ghostly Armor","floor":38},{"not_picked":["Intimidate","Flex"],"picked":"Disarm","floor":39},{"not_picked":["Sword Boomerang","Dropkick","Clothesline"],"picked":"SKIP","floor":41},{"not_picked":["Cleave","Armaments","Sword Boomerang"],"picked":"SKIP","floor":42},{"not_picked":["The Bomb","Flash of Steel"],"picked":"Madness","floor":44},{"not_picked":["Flash of Steel","Enlightenment"],"picked":"Master of Strategy","floor":44},{"not_picked":["The Bomb","Master of Strategy"],"picked":"Mayhem","floor":44},{"not_picked":["Intimidate","Warcry+1"],"picked":"Corruption+1","floor":45},{"not_picked":["Twin Strike+1","Thunderclap"],"picked":"Shrug It Off","floor":47},{"not_picked":["Evolve","Flex+1"],"picked":"Entrench","floor":48}],"player_experience":370631,"relics_obtained":[{"floor":7,"key":"Happy Flower"},{"floor":9,"key":"Juzu Bracelet"},{"floor":11,"key":"Dead Branch"},{"floor":26,"key":"Bag of Preparation"},{"floor":29,"key":"Boot"},{"floor":36,"key":"Bird Faced Urn"},{"floor":41,"key":"Bottled Lightning"},{"floor":43,"key":"Gremlin Horn"},{"floor":47,"key":"Ice Cream"}],"event_choices":[{"damage_healed":0,"gold_gain":0,"player_choice":"Donut","damage_taken":0,"max_hp_gain":5,"max_hp_loss":0,"event_name":"Big Fish","floor":5,"gold_loss":0},{"cards_removed":["Strike_R"],"damage_healed":0,"gold_gain":0,"player_choice":"Gave Gold","damage_taken":0,"max_hp_gain":0,"max_hp_loss":0,"event_name":"Beggar","floor":20,"gold_loss":75},{"cards_removed":["Strike_R"],"damage_healed":0,"gold_gain":0,"player_choice":"Offered Basic","damage_taken":0,"max_hp_gain":0,"max_hp_loss":0,"event_name":"Bonfire Elementals","floor":21,"gold_loss":0},{"damage_healed":0,"gold_gain":0,"player_choice":"Simplicity","damage_taken":0,"max_hp_gain":0,"max_hp_loss":0,"event_name":"Back to Basics","floor":22,"gold_loss":0,"cards_upgraded":["Strike_R","Strike_R","Strike_R","Defend_R","Defend_R","Defend_R","Defend_R"]},{"damage_healed":0,"gold_gain":0,"player_choice":"Obtained Relic","damage_taken":0,"relics_obtained":["Charon\u0027s Ashes"],"max_hp_gain":0,"max_hp_loss":0,"event_name":"Addict","floor":28,"gold_loss":85},{"damage_healed":0,"gold_gain":0,"player_choice":"Fight","damage_taken":0,"max_hp_gain":0,"max_hp_loss":0,"event_name":"Mysterious Sphere","floor":36,"gold_loss":0},{"damage_healed":0,"gold_gain":0,"player_choice":"Ignored","damage_taken":0,"max_hp_gain":0,"max_hp_loss":0,"event_name":"Tomb of Lord Red Mask","floor":37,"gold_loss":0},{"damage_healed":0,"gold_gain":0,"player_choice":"Memory 3","damage_taken":10,"max_hp_gain":0,"max_hp_loss":0,"event_name":"SensoryStone","floor":44,"gold_loss":0},{"damage_healed":0,"gold_gain":0,"player_choice":"Fight","damage_taken":0,"max_hp_gain":0,"max_hp_loss":0,"event_name":"MindBloom","floor":47,"gold_loss":0}],"is_beta":false,"boss_relics":[{"not_picked":["Mark of Pain","Cursed Key"],"picked":"Philosopher\u0027s Stone"},{"not_picked":["Lizard Tail","Busted Crown"],"picked":"Sozu"}],"items_purged_floors":[],"is_endless":false,"potions_floor_spawned":[1,11,16,19,24,30,38,45],"ascension_level":12}