{"path_per_floor":["M","M","?","M","?","R","?","E","T","E","$","?","M","E","R","B",null,"M","$","?","$","M","E","R","E","T","R","T","M","?","E","R","B",null,"M","?","?","?","?","R","M","M","T","?","$","M","M","?","R","B"],"character_chosen":"THE_SILENT","items_purchased":["Regen Potion","Kunai","Backflip","Vajra","Infinite Blades","Regen Potion","Endless Agony"],"gold_per_floor":[110,125,125,140,140,140,140,173,225,257,207,271,289,317,317,414,444,463,210,210,85,104,139,139,171,253,253,277,288,213,245,245,345,345,363,363,363,363,363,363,379,398,398,398,39,53,66,26,26,26],"floor_reached":51,"campfire_rested":3,"playtime":5401,"current_hp_per_floor":[69,67,67,66,52,70,70,67,67,66,66,66,65,70,70,57,75,54,54,54,54,66,66,66,66,66,66,66,61,61,60,75,49,75,57,57,57,57,57,57,53,53,53,44,44,59,59,59,75,39],"items_purged":["Injury"],"gold":26,"score":622,"play_id":"e3c3b425-6e5a-4cd5-a97e-0bf73aa0af42","local_time":"20180306181311","is_prod":false,"is_daily":false,"is_ascension_mode":true,"campfire_upgraded":4,"timestamp":1520381591,"path_taken":["M","M","?","M","?","R","?","E","T","E","$","?","M","E","R","BOSS","M","$","?","?","M","E","R","E","T","R","?","M","?","E","R","BOSS","M","?","?","?","?","R","M","M","T","?","$","M","M","?","R","BOSS"],"build_version":"2018-03-01-PROD1","purchased_purges":4,"victory":true,"master_deck":["Defend_G+1","Defend_G+1","Defend_G","Defend_G","Defend_G","Strike_G+1","Strike_G","Survivor","Neutralize+1","Dagger Throw+1","Heel Hook","Deflect","Endless Agony","Prepared","Dagger Spray+1","Cloak And Dagger","Adrenaline+1","Footwork+1","Slice","Backflip","Slice","Quick Slash+1","Escape Plan","Acrobatics+1","Sucker Punch+1","Deflect+1","Venomology+1","Flying Knee","Dagger Spray","Madness","Madness","Infinite Blades","Endless Agony","Flechettes","Reflex+1"],"max_hp_per_floor":[70,70,70,70,70,70,70,70,70,70,70,70,70,70,70,70,75,75,75,75,75,75,75,75,75,75,75,75,75,75,75,75,75,75,75,75,75,75,75,75,75,75,75,75,75,75,75,75,75,75],"relics":["Ring of the Snake","Juzu Bracelet","War Paint","Bag of Preparation","Paper Crane","Gremlin Horn","Tiny House","Kunai","Orichalcum","Peace Pipe","Ornamental Fan","Prayer Wheel","Anchor","Black Star","Calipers","Vajra"],"card_choices":[{"not_picked":["PiercingWail","Concentrate"],"picked":"Dagger Throw"},{"not_picked":["Slice","Dagger Throw"],"picked":"Heel Hook"},{"not_picked":["Deadly Poison","Cloak And Dagger"],"picked":"Deflect"},{"not_picked":["Prepared","Bullet Time"],"picked":"Endless Agony"},{"not_picked":["Reflex","Dagger Throw"],"picked":"Prepared"},{"not_picked":["Outmaneuver","PiercingWail"],"picked":"Dagger Spray"},{"not_picked":["Slice","Quick Slash"],"picked":"Cloak And Dagger"},{"not_picked":["Burst","Doppelganger"],"picked":"Adrenaline"},{"not_picked":["Dash","Slice"],"picked":"Footwork"},{"not_picked":["All Out Attack","Acrobatics"],"picked":"Slice"},{"not_picked":["Heel Hook","Dodge and Roll"],"picked":"Slice"},{"not_picked":["Reflex","Sucker Punch"],"picked":"Quick Slash"},{"not_picked":["Deflect","Storm of Steel"],"picked":"Escape Plan"},{"not_picked":["Dagger Spray","Quick Slash"],"picked":"Acrobatics"},{"not_picked":["Poisoned Stab","Bane"],"picked":"Sucker Punch"},{"not_picked":["Venomology","Wraith Form"],"picked":"After Image"},{"not_picked":["Caltrops","Leg Sweep"],"picked":"Deflect"},{"not_picked":["Concentrate","Dodge and Roll"],"picked":"Flying Knee"},{"not_picked":["Calculated Gamble","Leg Sweep"],"picked":"Dagger Spray"},{"not_picked":["Bane","Expertise"],"picked":"Flechettes"},{"not_picked":["Dagger Spray","Concentrate"],"picked":"Reflex"}],"player_experience":160287,"potions_floor_usage":[50,50,50],"damage_taken":[{"damage":1.0,"enemies":"Jaw Worm","floor":1.0,"turns":4.0},{"damage":2.0,"enemies":"2 Louse","floor":2.0,"turns":3.0},{"damage":1.0,"enemies":"Cultist","floor":4.0,"turns":4.0},{"damage":3.0,"enemies":"3 Sentries","floor":8.0,"turns":9.0},{"damage":1.0,"enemies":"Lagavulin","floor":10.0,"turns":4.0},{"damage":1.0,"enemies":"2 Fungi Beasts","floor":13.0,"turns":2.0},{"damage":6.0,"enemies":"3 Sentries","floor":14.0,"turns":8.0},{"damage":13.0,"enemies":"The Guardian","floor":16.0,"turns":18.0},{"damage":21.0,"enemies":"Spheric Guardian","floor":18.0,"turns":6.0},{"damage":0.0,"enemies":"Shell Parasite","floor":22.0,"turns":6.0},{"damage":0.0,"enemies":"Slavers","floor":23.0,"turns":6.0},{"damage":0.0,"enemies":"Gremlin Leader","floor":25.0,"turns":12.0},{"damage":5.0,"enemies":"Centurion and Healer","floor":29.0,"turns":7.0},{"damage":1.0,"enemies":"Book of Stabbing","floor":31.0,"turns":8.0},{"damage":26.0,"enemies":"Collector","floor":33.0,"turns":18.0},{"damage":18.0,"enemies":"3 Darklings","floor":35.0,"turns":10.0},{"damage":4.0,"enemies":"Orb Walker","floor":41.0,"turns":4.0},{"damage":0.0,"enemies":"Sphere and 2 Shapes","floor":42.0,"turns":8.0},{"damage":0.0,"enemies":"Maw","floor":46.0,"turns":12.0},{"damage":0.0,"enemies":"3 Darklings","floor":47.0,"turns":5.0},{"damage":36,"enemies":"Donu and Deca","floor":50,"turns":17}],"event_choices":[{"event_name":"The Cleric","player_choice":"Leave","floor":3.0,"damage_taken":0.0},{"event_name":"Shining Light","player_choice":"Entered Light","floor":5.0,"damage_taken":0.0},{"event_name":"Purifier","player_choice":"One Purge","floor":7.0,"damage_taken":0.0},{"event_name":"Golden Wing","player_choice":"Gained Gold","floor":12.0,"damage_taken":0.0},{"event_name":"Accursed Blacksmith","player_choice":"Forge","floor":20.0,"damage_taken":0.0},{"event_name":"Beggar","player_choice":"Gave Gold","floor":30.0,"damage_taken":0.0},{"event_name":"Tomb of Lord Red Mask","player_choice":"Ignored","floor":36.0,"damage_taken":0.0},{"event_name":"Mysterious Sphere","player_choice":"Ignore","floor":37.0,"damage_taken":0.0},{"event_name":"Transmorgrifier","player_choice":"Transform","floor":38.0,"damage_taken":0.0},{"event_name":"Winding Halls","player_choice":"Embrace Madness","floor":44.0,"damage_taken":0.0},{"event_name":"The Woman in Blue","player_choice":"Bought 3 Potions","floor":48.0,"damage_taken":0.0}],"boss_relics":[],"potions_floor_spawned":[2,4,10,16,23,25,41,47],"seed_played":"728178855881395646","ascension_level":1,"is_trial":false}