{"gold_per_floor":[114,114,127,127,145,180,180,255,255,285,305,305,38,38,38,138,138,125,125,143,143,13,13],"floor_reached":23,"playtime":1048,"items_purged":[],"score":289,"play_id":"f246cb26-3f9c-49e4-bd84-871e3da96874","local_time":"20181031105536","is_ascension_mode":true,"campfire_choices":[{"floor":7,"key":"REST"},{"floor":12,"key":"REST"},{"floor":15,"key":"REST"}],"neow_cost":"NONE","seed_source_timestamp":1054807608176924,"circlet_count":0,"master_deck":["Defend_G","Defend_G","Defend_G","Defend_G","Defend_G","Strike_G","Strike_G+1","Strike_G","Strike_G","Strike_G","Survivor","Neutralize","Flying Knee+1","Dagger Spray","Impatience","Neutralize","Poisoned Stab","Catalyst","Bane+1","Quick Slash","Noxious Fumes","Catalyst","Unload","Choke+1","Quick Slash","Noxious Fumes"],"relics":["White Beast Statue","Matryoshka","Omamori","Kunai","Whetstone","Tiny Chest","NlothsMask","Philosopher\u0027s Stone"],"potions_floor_usage":[6,6,10,10,16,18,20,21,23,23],"damage_taken":[{"damage":6,"enemies":"Small Slimes","floor":1,"turns":6},{"damage":0,"enemies":"Cultist","floor":3,"turns":5},{"damage":0,"enemies":"Jaw Worm","floor":5,"turns":3},{"damage":17,"enemies":"Lagavulin","floor":6,"turns":6},{"damage":18,"enemies":"Gremlin Nob","floor":10,"turns":4},{"damage":18,"enemies":"Lots of Slimes","floor":11,"turns":4},{"damage":18,"enemies":"Hexaghost","floor":16,"turns":6},{"damage":16,"enemies":"2 Thieves","floor":18,"turns":4},{"damage":23,"enemies":"Spheric Guardian","floor":20,"turns":4},{"damage":9,"enemies":"Snecko","floor":21,"turns":4},{"damage":18,"enemies":"Slavers","floor":23,"turns":1}],"seed_played":"4431907184811653949","potions_obtained":[{"floor":1,"key":"Fire Potion"},{"floor":3,"key":"SteroidPotion"},{"floor":5,"key":"Strength Potion"},{"floor":6,"key":"Swift Potion"},{"floor":10,"key":"Swift Potion"},{"floor":11,"key":"Poison Potion"},{"floor":16,"key":"Ancient Potion"},{"floor":18,"key":"AttackPotion"},{"floor":20,"key":"SmokeBomb"}],"is_trial":false,"path_per_floor":["M","?","M","?","M","E","R","?","T","E","M","R","$","?","R","B",null,"M","T","M","M","$","E"],"character_chosen":"THE_SILENT","items_purchased":["Tiny Chest","Noxious Fumes","Catalyst","Noxious Fumes","SkillPotion"],"campfire_rested":3,"item_purchase_floors":[13,13,13,22,22],"current_hp_per_floor":[57,57,57,57,57,40,61,50,50,32,14,35,35,35,56,38,62,46,46,23,14,14,0],"gold":13,"neow_bonus":"BOSS_RELIC","is_prod":false,"is_daily":false,"chose_seed":false,"campfire_upgraded":0,"win_rate":0,"timestamp":1540976136,"path_taken":["M","?","?","?","?","E","R","?","T","E","M","R","$","?","R","BOSS","M","?","?","?","$","E"],"build_version":"2018-10-30","purchased_purges":0,"victory":false,"max_hp_per_floor":[70,70,70,70,70,70,70,70,70,70,70,70,70,70,70,70,70,70,70,70,70,70,70],"card_choices":[{"not_picked":["Blade Dance","Riddle With Holes"],"picked":"Flying Knee","floor":1},{"not_picked":["Distraction","Caltrops"],"picked":"Dagger Spray","floor":3},{"not_picked":["Underhanded Strike","Setup"],"picked":"Poisoned Stab","floor":5},{"not_picked":["Dodge and Roll","Finisher"],"picked":"Catalyst","floor":6},{"not_picked":["Skewer","Phantasmal Killer"],"picked":"Bane","floor":10},{"not_picked":["Outmaneuver","Finisher"],"picked":"Quick Slash","floor":11},{"not_picked":["A Thousand Cuts","Night Terror"],"picked":"Unload","floor":16},{"not_picked":["Terror+1","Underhanded Strike"],"picked":"Choke+1","floor":18},{"not_picked":["Masterful Stab+1","Riddle With Holes"],"picked":"Quick Slash","floor":20}],"player_experience":264125,"relics_obtained":[{"floor":6,"key":"Matryoshka"},{"floor":9,"key":"Omamori"},{"floor":9,"key":"Kunai"},{"floor":10,"key":"Whetstone"}],"event_choices":[{"damage_healed":0,"gold_gain":0,"player_choice":"Upgraded","damage_taken":0,"max_hp_gain":0,"max_hp_loss":0,"event_name":"Upgrade Shrine","floor":2,"gold_loss":0,"cards_upgraded":["Flying Knee"]},{"damage_healed":0,"gold_gain":0,"player_choice":"2 cards matched","damage_taken":0,"max_hp_gain":0,"max_hp_loss":0,"event_name":"Match and Keep!","floor":4,"gold_loss":0,"cards_obtained":["Impatience","Neutralize"]},{"damage_healed":0,"gold_gain":75,"player_choice":"Gather Gold","damage_taken":11,"max_hp_gain":0,"max_hp_loss":0,"event_name":"World of Goop","floor":8,"gold_loss":0},{"damage_healed":0,"gold_gain":0,"player_choice":"Trade","damage_taken":0,"relics_obtained":["NlothsMask"],"max_hp_gain":0,"max_hp_loss":0,"event_name":"FaceTrader","floor":14,"gold_loss":0}],"is_beta":true,"boss_relics":[{"not_picked":["Astrolabe","Eternal Feather"],"picked":"Philosopher\u0027s Stone"}],"items_purged_floors":[],"is_endless":false,"potions_floor_spawned":[1,3,5,6,10,11,16,18,20,21],"killed_by":"Slavers","ascension_level":9}