{"path_per_floor":["M","M","M","M","M","R","E","M","T","R","E","$","?","M","R","B",null,"M","?","$","?","T","R","M","R","T","E","M","E","M","M","R","B",null,"M","?","$","$","M","R","M","$","T","?","M","?","?","M","R","B"],"character_chosen":"IRONCLAD","items_purchased":["Bronze Scales","Pommel Strike","Seeing Red","Inflame","Armaments","Regen Potion"],"gold_per_floor":[117,130,141,161,178,178,210,224,224,224,253,30,30,46,46,143,143,158,73,28,28,28,28,47,47,127,162,172,198,212,223,223,323,323,340,395,177,26,44,44,54,4,54,54,66,66,66,79,79,79],"floor_reached":51,"campfire_rested":1,"playtime":3290,"current_hp_per_floor":[80,80,80,80,80,80,75,80,80,80,68,68,68,74,74,73,80,80,80,80,80,80,80,80,80,80,68,62,62,66,68,68,50,80,80,77,77,77,70,70,74,74,74,74,75,75,75,69,80,42],"items_purged":["Strike_R","Strike_R","Defend_R"],"gold":79,"score":674,"play_id":"78439726-0dd9-4726-9257-f78870244e4a","local_time":"20180324182821","is_prod":false,"is_daily":false,"is_ascension_mode":false,"campfire_upgraded":7,"timestamp":1521941301,"path_taken":["M","M","M","M","M","R","E","M","T","R","E","$","?","M","R","BOSS","M","?","$","?","?","R","?","R","T","E","?","E","M","M","R","BOSS","M","?","?","$","?","R","M","$","T","?","M","?","?","M","R","BOSS"],"build_version":"2018-03-22v2","purchased_purges":3,"victory":true,"master_deck":["Strike_R","Defend_R","Defend_R","Defend_R","Pommel Strike+1","Headbutt","Spot Weakness","Shrug It Off","Clothesline","Metallicize+1","Rampage","Iron Wave+1","Iron Wave+1","Offering","Headbutt","Pommel Strike+1","Thunderclap+1","Seeing Red+1","Warcry+1","Uppercut+1","Pommel Strike+1","Limit Break+1","Iron Wave+1","Intimidate+1","Seeing Red+1","Inflame+1","Armaments+1","Shrug It Off+1","Headbutt","Exhume+1","Havoc+1"],"max_hp_per_floor":[80,80,80,80,80,80,80,80,80,80,80,80,80,80,80,80,80,80,80,80,80,80,80,80,80,80,80,80,80,80,80,80,80,80,80,80,80,80,80,80,80,80,80,80,80,80,80,80,80,80],"relics":["Burning Blood","Lantern","Vajra","Charon\u0027s Ashes","Toolbox","Bronze Scales","Philosopher\u0027s Stone","Ancient Tea Set","Champion Belt","Letter Opener","Toxic Egg 2","Dodecahedron","Question Card","Ginger","Regal Pillow"],"card_choices":[{"not_picked":["Headbutt","Armaments"],"picked":"Pommel Strike","floor":1.0},{"not_picked":["Iron Wave","Clash"],"picked":"Headbutt","floor":2.0},{"not_picked":["Flex","Bludgeon"],"picked":"Spot Weakness","floor":3.0},{"not_picked":["Hemokinesis","Clash"],"picked":"Shrug It Off","floor":4.0},{"not_picked":["Havoc","Warcry"],"picked":"Clothesline","floor":5.0},{"not_picked":["Flame Barrier","Iron Wave"],"picked":"Metallicize","floor":7.0},{"not_picked":["Perfected Strike","Reckless Charge"],"picked":"Rampage","floor":8.0},{"not_picked":["Flame Barrier","Ghostly Armor"],"picked":"Iron Wave","floor":11.0},{"not_picked":["Battle Trance","True Grit"],"picked":"Iron Wave","floor":14},{"not_picked":["Immolate","Brutality"],"picked":"Offering","floor":16},{"not_picked":["Flex","Rampage"],"picked":"Headbutt","floor":18},{"not_picked":["Flex","True Grit"],"picked":"Thunderclap","floor":24},{"not_picked":["True Grit","Feed"],"picked":"Seeing Red","floor":27},{"not_picked":["True Grit","Intimidate"],"picked":"Warcry","floor":28},{"not_picked":["Anger","Heavy Blade"],"picked":"Uppercut","floor":29},{"not_picked":["Sword Boomerang","Clash"],"picked":"Pommel Strike","floor":31},{"not_picked":["Bludgeon","Brutality"],"picked":"Limit Break","floor":33},{"not_picked":["Burning Pact","True Grit","Intimidate"],"picked":"Iron Wave","floor":35},{"not_picked":["Rupture","Wild Strike","Sword Boomerang"],"picked":"Intimidate","floor":36},{"not_picked":["Clash","Burning Pact","True Grit"],"picked":"Shrug It Off","floor":41},{"not_picked":["Clash","Second Wind","Uppercut"],"picked":"Headbutt","floor":45},{"not_picked":["Combust","Bludgeon","Armaments"],"picked":"Havoc","floor":48}],"player_experience":33942,"potions_floor_usage":[16,29,31,33,33,36,41,45,48,50],"damage_taken":[{"damage":5.0,"enemies":"Jaw Worm","floor":1.0,"turns":4.0},{"damage":0.0,"enemies":"2 Louse","floor":2.0,"turns":4.0},{"damage":0.0,"enemies":"Small Slimes","floor":3.0,"turns":2.0},{"damage":5.0,"enemies":"Looter","floor":4.0,"turns":3.0},{"damage":0.0,"enemies":"3 Louse","floor":5.0,"turns":6.0},{"damage":11.0,"enemies":"3 Sentries","floor":7.0,"turns":5.0},{"damage":1.0,"enemies":"2 Fungi Beasts","floor":8.0,"turns":3.0},{"damage":18.0,"enemies":"Gremlin Nob","floor":11.0,"turns":4.0},{"damage":0.0,"enemies":"Blue Slaver","floor":14.0,"turns":3.0},{"damage":7,"enemies":"Slime Boss","floor":16,"turns":8},{"damage":0,"enemies":"Shell Parasite","floor":18,"turns":4},{"damage":4,"enemies":"2 Thieves","floor":24,"turns":2},{"damage":18,"enemies":"Book of Stabbing","floor":27,"turns":3},{"damage":12,"enemies":"Centurion and Healer","floor":28,"turns":4},{"damage":6,"enemies":"Slavers","floor":29,"turns":2},{"damage":2,"enemies":"Slaver and Parasite","floor":30,"turns":4},{"damage":7,"enemies":"Snake Plant","floor":31,"turns":2},{"damage":24,"enemies":"Champ","floor":33,"turns":6},{"damage":0,"enemies":"Orb Walker","floor":35,"turns":2},{"damage":9,"enemies":"Mysterious Sphere","floor":36,"turns":4},{"damage":13,"enemies":"3 Darklings","floor":39,"turns":2},{"damage":2,"enemies":"Sphere and 2 Shapes","floor":41,"turns":4},{"damage":18,"enemies":"Maw","floor":45,"turns":7},{"damage":12,"enemies":"3 Darklings","floor":48,"turns":4},{"damage":44,"enemies":"Time Eater","floor":50,"turns":4}],"event_choices":[{"event_name":"The Cleric","player_choice":"Leave","floor":13.0,"damage_taken":0.0},{"event_name":"Addict","player_choice":"Obtained Relic","floor":19,"damage_taken":0},{"event_name":"Vampires","player_choice":"Ignored","floor":21,"damage_taken":0},{"event_name":"Mysterious Sphere","player_choice":"Fight","floor":36,"damage_taken":0},{"event_name":"Bonfire Elementals","player_choice":"BASIC","floor":44,"damage_taken":0},{"event_name":"Transmorgrifier","player_choice":"Transform","floor":46,"damage_taken":0},{"event_name":"Purifier","player_choice":"One Purge","floor":47,"damage_taken":0}],"boss_relics":[{"not_picked":["Eternal Feather","Black Blood"],"picked":"Philosopher\u0027s Stone"},{"not_picked":["Snecko Eye","Black Star"],"picked":"Question Card"}],"potions_floor_spawned":[3,5,7,27,29,33,39,45,48],"seed_played":"-3569837808067743265","ascension_level":0,"is_trial":false}