{"path_per_floor":["M","?","M","$","M","E","R","E","T","M","$","?","M","M","R","B",null,"M","?","M","M","M","E","$","R","T","M","?","E","M","M","R"],"character_chosen":"THE_SILENT","items_purchased":["Dark Shackles","Flying Knee","Poisoned Stab","Deadly Poison","Quick Slash"],"gold_per_floor":[117,117,137,24,39,69,69,102,102,112,11,11,21,32,32,130,130,146,46,62,78,88,117,19,19,19,33,33,65,81,93,93],"floor_reached":33,"campfire_rested":4,"playtime":3039,"current_hp_per_floor":[69,57,57,57,57,48,72,54,54,45,45,45,44,42,66,26,80,80,80,76,58,44,37,37,61,61,58,58,35,25,9,33],"items_purged":["Strike_G"],"gold":93,"score":326,"play_id":"b6afcb3b-5345-45c0-9739-63b9738416d5","is_prod":false,"is_daily":false,"is_ascension_mode":false,"campfire_upgraded":0,"path_taken":["M","?","M","$","M","E","R","E","T","M","?","?","M","M","R","BOSS","M","?","?","M","M","E","$","R","T","M","?","E","M","?","R","BOSS"],"build_version":"2018-02-15-PROD1","purchased_purges":1,"victory":false,"master_deck":["Defend_G","Defend_G","Defend_G","Defend_G","Defend_G","Strike_G","Strike_G","Strike_G","Strike_G","Survivor","Neutralize","Adrenaline","Flying Knee","Dodge and Roll","Dark Shackles","Flying Knee","Deflect","Bouncing Flask","Acrobatics+1","Noxious Fumes+1","Poisoned Stab","Deadly Poison+1","Poisoned Stab","Poisoned Stab","Envenom","Deflect+1","Backflip+1","Quick Slash+1","Endless Agony","Leg Sweep+1","Quick Slash","Flying Knee+1","Calculated Gamble+1","Adrenaline+1","Dagger Spray+1"],"max_hp_per_floor":[70,70,70,70,70,80,80,80,80,80,80,80,80,80,80,80,80,80,80,80,80,80,80,80,80,80,80,80,80,80,80,80],"relics":["Ring of the Snake","Bag of Preparation","Pear","Toxic Egg 2","Calipers","Sozu","Letter Opener","Snake Skull","Peace Pipe","Omamori"],"card_choices":[{"not_picked":["Outmaneuver","Corpse Explosion"],"picked":"Flying Knee"},{"not_picked":["Underhanded Strike","Expertise"],"picked":"Dodge and Roll"},{"not_picked":["Infinite Blades","Dagger Throw"],"picked":"Deflect"},{"not_picked":["PiercingWail","Dagger Spray"],"picked":"Bouncing Flask"},{"not_picked":["Infinite Blades","Sucker Punch"],"picked":"Acrobatics"},{"not_picked":["Finisher","Acrobatics"],"picked":"Noxious Fumes"},{"not_picked":["Choke","Acrobatics"],"picked":"Poisoned Stab"},{"not_picked":["Phantasmal Killer","Sucker Punch"],"picked":"Poisoned Stab"},{"not_picked":["Tools of the Trade","Unload"],"picked":"Envenom"},{"not_picked":["Skewer","Dagger Throw"],"picked":"Deflect"},{"not_picked":["Blade Dance","Masterful Stab"],"picked":"Backflip"},{"not_picked":["Calculated Gamble","Footwork"],"picked":"Quick Slash"},{"not_picked":["Dagger Throw","Skewer"],"picked":"Endless Agony"},{"not_picked":["Sucker Punch","Choke"],"picked":"Leg Sweep"},{"not_picked":["Malaise","Leg Sweep"],"picked":"Flying Knee"},{"not_picked":["Riddle With Holes","Dagger Throw"],"picked":"Calculated Gamble"},{"not_picked":["Quick Slash","Deadly Poison"],"picked":"Adrenaline"},{"not_picked":["Underhanded Strike","Infinite Blades"],"picked":"Dagger Spray"}],"player_experience":58492,"potions_floor_usage":[8],"damage_taken":[{"damage":1,"enemies":"Small Slimes","floor":1,"turns":4},{"damage":0,"enemies":"Jaw Worm","floor":3,"turns":4},{"damage":0,"enemies":"Cultist","floor":5,"turns":3},{"damage":19,"enemies":"Gremlin Nob","floor":6,"turns":5},{"damage":18,"enemies":"3 Sentries","floor":8,"turns":11},{"damage":9,"enemies":"3 Louse","floor":10,"turns":5},{"damage":1,"enemies":"Looter","floor":13,"turns":3},{"damage":2,"enemies":"Blue Slaver","floor":14,"turns":4},{"damage":40,"enemies":"The Guardian","floor":16,"turns":8},{"damage":0,"enemies":"Spheric Guardian","floor":18,"turns":3},{"damage":4,"enemies":"Shell Parasite","floor":20,"turns":5},{"damage":18,"enemies":"Snake Plant","floor":21,"turns":4},{"damage":14,"enemies":"Snecko","floor":22,"turns":5},{"damage":7,"enemies":"Book of Stabbing","floor":23,"turns":5},{"damage":3,"enemies":"Cultist and Chosen","floor":27,"turns":6},{"damage":23,"enemies":"Gremlin Leader","floor":29,"turns":6},{"damage":10,"enemies":"Chosen and Byrds","floor":30,"turns":5},{"damage":16,"enemies":"Slaver and Parasite","floor":31,"turns":5},{"damage":51,"enemies":"Automaton","floor":33,"turns":6}],"event_choices":[{"event_name":"Scrap Ooze","player_choice":"success","floor":2,"damage_taken":12},{"event_name":"Accursed Blacksmith","player_choice":"Forge","floor":12,"damage_taken":0},{"event_name":"Drug Dealer","player_choice":"Got JAXXED","floor":19,"damage_taken":0},{"event_name":"Addict","player_choice":"Gave JAX","floor":28,"damage_taken":0}],"boss_relics":[{"not_picked":["Velvet Choker","Calling Bell"],"picked":"Sozu"}],"potions_floor_spawned":[5,14,16,21,23,29,31],"seed_played":"7261722587482766007","killed_by":"Automaton","ascension_level":0,"is_trial":false}