{"gold_per_floor":[113,74,85,96,169,276,288,328,340,352,364,376,514,537,549,574,586,670,682,705,732,36,46,66,93,93,106,106,141,303,303,314,324,324,324],"floor_reached":35,"playtime":3473,"items_purged":[],"score":621,"play_id":"f05c2bae-b97e-4558-99c3-5cb36a733ff2","local_time":"20190505072735","is_ascension_mode":true,"campfire_choices":[{"floor":7,"key":"REST"},{"floor":12,"key":"REST"},{"floor":15,"key":"REST"},{"data":"Draining Mist","floor":17,"key":"SMITH"},{"floor":26,"key":"REST"},{"floor":31,"key":"REST"},{"floor":34,"key":"REST"}],"neow_cost":"NONE","seed_source_timestamp":282394127026843,"circlet_count":0,"master_deck":["AscendersBane","Defend_G","Defend_G","Defend_G","Defend_G","Defend_G+1","Strike_G","Strike_G+1","Strike_G","Strike_G","Strike_G","Survivor","Neutralize","Distraction","Dagger Spray","Dagger Spray","Dagger Spray","Masterful Stab","Dagger Spray","Hidden Blade","PiercingWail","After Image","Poisoned Stab","Draining Mist+1","Deflect","ReplayTheSpireMod:From All Sides","Poisoned Stab","Deadly Poison","Magnetism","Backflip","Glass Knife","ReplayTheSpireMod:Speed Training+1","Bane","Deadly Poison","Caltrops","Crippling Poison","Melter","Crippling Poison+1"],"relics":["Ring of the Snake","aspiration:Nostalgia","Cracked Core","Lantern","MawBank","Strawberry","ReplayTheSpireMod:Shallot","Chameleon Ring","Eternal Feather","Strange Spoon","Replay:Towering Pillar of Hats","Simple Rune","hubris:DisguiseKit","hubris:DeckOfHolding"],"potions_floor_usage":[6,8,13,18,25,25,29,29,30,35],"damage_taken":[{"damage":5,"enemies":"2 Louse","floor":1,"turns":3},{"damage":2,"enemies":"Cultist","floor":3,"turns":4},{"damage":0,"enemies":"Jaw Worm","floor":4,"turns":3},{"damage":14,"enemies":"Lagavulin","floor":6,"turns":5},{"damage":32,"enemies":"Gremlin Nob","floor":8,"turns":4},{"damage":13,"enemies":"Erikyupuro","floor":13,"turns":6},{"damage":0,"enemies":"Large Slime","floor":14,"turns":4},{"damage":0,"enemies":"Gremlin Gang","floor":16,"turns":1},{"damage":4,"enemies":"The Guardian","floor":18,"turns":9},{"damage":5,"enemies":"Chosen","floor":20,"turns":4},{"damage":10,"enemies":"2 Thieves","floor":21,"turns":3},{"damage":11,"enemies":"Snake Plant","floor":23,"turns":4},{"damage":21,"enemies":"Chosen and Byrds","floor":24,"turns":5},{"damage":11,"enemies":"Gremlin Leader","floor":25,"turns":8},{"damage":8,"enemies":"Snecko","floor":27,"turns":4},{"damage":20,"enemies":"Nightmare","floor":29,"turns":8},{"damage":3,"enemies":"Cultist and Chosen","floor":30,"turns":6},{"damage":6,"enemies":"Shelled Parasite and Fungi","floor":32,"turns":6},{"damage":43,"enemies":"Centurion and Healer","floor":33,"turns":9},{"damage":79,"enemies":"bossMod:newCollector","floor":35,"turns":8}],"seed_played":"6832418196953035975","potions_obtained":[{"floor":1,"key":"Reflective Coating"},{"floor":3,"key":"Energy Potion"},{"floor":5,"key":"PowerPotion"},{"floor":8,"key":"Adrenaline Potion"},{"floor":16,"key":"Weak Potion"},{"floor":18,"key":"Swift Potion"},{"floor":24,"key":"Energy Potion"},{"floor":25,"key":"Milkshake"},{"floor":27,"key":"Energy Potion"},{"floor":29,"key":"infinitespire:BlackPotion"},{"floor":32,"key":"Explosive Potion"}],"is_trial":false,"path_per_floor":["M","$","M","M","?","E","R","E","PTL","PTL","T","R","E","M","R","M","R","B",null,"M","M","$","M","M","E","R","M","T","NM","M","R","M","M","R","B"],"character_chosen":"THE_SILENT","items_purchased":["Dagger Spray","Strange Spoon","Replay:Towering Pillar of Hats","Magnetism","Backflip"],"campfire_rested":6,"item_purchase_floors":[2,22,22,22,22],"current_hp_per_floor":[54,54,52,52,52,38,57,32,32,32,32,53,40,40,61,61,61,57,69,64,54,54,43,22,11,50,42,42,22,19,61,55,12,54,0],"gold":324,"neow_bonus":"NOSTALGIA","is_prod":false,"is_daily":false,"chose_seed":false,"campfire_upgraded":1,"win_rate":0,"timestamp":1557030455,"path_taken":["M","?","M","M","?","E","R","E","PTL","PTL","T","R","E","?","R","M","R","BOSS","M","?","$","M","M","E","R","M","T","NM","M","R","M","M","R","BOSS"],"build_version":"2019-01-23","purchased_purges":0,"victory":false,"max_hp_per_floor":[66,66,66,66,66,66,66,73,73,73,73,73,73,73,73,73,73,73,73,73,73,73,73,73,73,73,73,73,73,73,73,73,73,73,73],"card_choices":[{"not_picked":["Setup","Prepared"],"picked":"Distraction","floor":1},{"not_picked":["Acrobatics","Terror"],"picked":"Dagger Spray","floor":3},{"not_picked":["Expertise","Hidden Blade"],"picked":"Masterful Stab","floor":4},{"not_picked":["Bane","Terror"],"picked":"Dagger Spray","floor":5},{"not_picked":["Dash","Bane"],"picked":"Hidden Blade","floor":5},{"not_picked":["Dash","ReplayTheSpireMod:Scrap Shanks"],"picked":"PiercingWail","floor":6},{"not_picked":["Deflect","Outmaneuver"],"picked":"After Image","floor":8},{"not_picked":["Setup","ReplayTheSpireMod:Exploit Weakness"],"picked":"Poisoned Stab","floor":13},{"not_picked":["Choke","Well Laid Plans"],"picked":"Draining Mist","floor":14},{"not_picked":["Sneak Up","Acrobatics"],"picked":"Deflect","floor":16},{"not_picked":["Bullet Time","Night Terror"],"picked":"ReplayTheSpireMod:From All Sides","floor":18},{"not_picked":["Hidden Blade","Prepared"],"picked":"Poisoned Stab","floor":20},{"not_picked":["Fluid Movement","Backflip"],"picked":"Deadly Poison","floor":21},{"not_picked":["Flechettes","Deflect"],"picked":"Glass Knife","floor":23},{"not_picked":["ReplayTheSpireMod:The Works","Cloak And Dagger"],"picked":"ReplayTheSpireMod:Speed Training+1","floor":24},{"not_picked":["Prepared","Choke"],"picked":"Bane","floor":25},{"not_picked":["Hidden Blade","Flying Knee"],"picked":"Deadly Poison","floor":27},{"not_picked":["Night Terror","Poisoned Stab","Force Field"],"picked":"Caltrops","floor":29},{"not_picked":["ReplayTheSpireMod:Speed Training","Terror","Hologram"],"picked":"Crippling Poison","floor":30},{"not_picked":["Underhanded Strike","Dodge and Roll","Concentrate"],"picked":"Melter","floor":32},{"not_picked":["ReplayTheSpireMod:The Works","Dodge and Roll","Turbo"],"picked":"Crippling Poison+1","floor":33}],"player_experience":481521,"relics_obtained":[{"floor":5,"key":"Lantern"},{"floor":6,"key":"MawBank"},{"floor":8,"key":"Strawberry"},{"floor":11,"key":"ReplayTheSpireMod:Shallot"},{"floor":13,"key":"Chameleon Ring"},{"floor":25,"key":"Simple Rune"},{"floor":28,"key":"hubris:DisguiseKit"},{"floor":29,"key":"hubris:DeckOfHolding"}],"event_choices":[],"is_beta":false,"boss_relics":[{"not_picked":["aspiration:FutureDiary","infinitespire:Cupcake"],"picked":"Eternal Feather"}],"items_purged_floors":[],"is_endless":true,"potions_floor_spawned":[1,3,8,16,18,24,25,27,32],"killed_by":"bossMod:newCollector","ascension_level":14}