{"gold_per_floor":[210,225,242,212,229,229,61,88,169,169,199,199,210,79,79,157,157,174,174,33,52,24,56,75,75,102,102,102,122,122],"floor_reached":30,"playtime":3001,"items_purged":["Strike_G"],"score":541,"play_id":"a59526d2-0c4a-4dea-b07a-62d254e9b593","local_time":"20190525210237","is_ascension_mode":true,"campfire_choices":[{"data":"Neutralize","floor":6.0,"key":"SMITH"},{"data":"Deadly Poison","floor":10.0,"key":"SMITH"},{"data":"Leg Sweep","floor":12.0,"key":"SMITH"},{"data":"Dagger Spray","floor":15.0,"key":"SMITH"},{"floor":27.0,"key":"REST"}],"neow_cost":"NONE","seed_source_timestamp":40534282273400,"circlet_count":0,"master_deck":["AscendersBane","Defend_G","Defend_G","Defend_G","Defend_G","Defend_G","Survivor","Neutralize+1","PiercingWail","Deadly Poison+1","Masterful Stab","Dash","Deadly Poison","Terror","Skewer","Leg Sweep+1","Slice","Dagger Spray+1","A Thousand Cuts","Well Laid Plans","Footwork","Dodge and Roll","Dagger Spray","Die Die Die","Crippling Poison","Bite","Bite","Bite","Bite","Bite","Dodge and Roll"],"special_seed":0,"relics":["Ring of the Snake","Meat on the Bone","Orichalcum","Philosopher\u0027s Stone","Nloth\u0027s Gift","Boot","Regal Pillow"],"potions_floor_usage":[30],"damage_taken":[{"damage":6.0,"enemies":"Jaw Worm","floor":1.0,"turns":7.0},{"damage":0.0,"enemies":"Cultist","floor":2.0,"turns":4.0},{"damage":3.0,"enemies":"2 Louse","floor":3.0,"turns":3.0},{"damage":10.0,"enemies":"Large Slime","floor":5.0,"turns":10.0},{"damage":17.0,"enemies":"Gremlin Nob","floor":8.0,"turns":4.0},{"damage":16.0,"enemies":"3 Sentries","floor":11.0,"turns":10.0},{"damage":2.0,"enemies":"2 Fungi Beasts","floor":13.0,"turns":3.0},{"damage":19.0,"enemies":"The Guardian","floor":16.0,"turns":11.0},{"damage":17.0,"enemies":"2 Thieves","floor":18.0,"turns":4.0},{"damage":0.0,"enemies":"Chosen","floor":21.0,"turns":7.0},{"damage":47.0,"enemies":"Gremlin Leader","floor":23.0,"turns":8.0},{"damage":13.0,"enemies":"Snake Plant","floor":24.0,"turns":5.0},{"damage":24.0,"enemies":"Shelled Parasite and Fungi","floor":29.0,"turns":7.0},{"damage":47,"enemies":"Slavers","floor":30,"turns":4}],"seed_played":"-5089194996702254206","potions_obtained":[{"floor":4.0,"key":"EntropicBrew"},{"floor":4.0,"key":"Block Potion"},{"floor":5.0,"key":"GhostInAJar"},{"floor":11.0,"key":"LiquidBronze"},{"floor":13.0,"key":"Regen Potion"},{"floor":29.0,"key":"GhostInAJar"}],"is_trial":false,"path_per_floor":["M","M","M","?","M","R","$","E","T","R","E","R","M","$","R","B",null,"M","?","$","M","$","E","M","?","T","R","?","M","E"],"character_chosen":"THE_SILENT","items_purchased":["Deadly Poison","Terror","Skewer","Dagger Spray","Block Potion","Footwork","Dagger Spray"],"campfire_rested":1,"item_purchase_floors":[7,7,7,14,20,20,22],"current_hp_per_floor":[53,53,50,50,40,40,40,37,37,37,33,33,43,43,43,51,73,56,56,56,56,56,21,20,20,20,59,56,42,0],"gold":122,"neow_bonus":"HUNDRED_GOLD","is_prod":false,"is_daily":false,"chose_seed":false,"campfire_upgraded":4,"win_rate":0,"timestamp":1558843357,"path_taken":["M","M","M","?","?","R","$","E","T","R","E","R","M","$","R","BOSS","M","?","$","M","?","E","M","?","T","R","?","M","E"],"build_version":"2019-01-23","purchased_purges":1,"victory":false,"max_hp_per_floor":[66,66,66,66,66,66,66,80,80,80,80,80,80,80,80,80,80,80,80,80,80,80,80,80,80,80,80,56,56,56],"card_choices":[{"not_picked":["Dagger Spray","Sucker Punch"],"picked":"PiercingWail","floor":1.0},{"not_picked":["Blur","Quick Slash"],"picked":"Deadly Poison","floor":2.0},{"not_picked":["Doppelganger","Reflex"],"picked":"Masterful Stab","floor":3.0},{"not_picked":["Deflect","Choke"],"picked":"Dash","floor":5.0},{"not_picked":["Sucker Punch","Bane","Deadly Poison"],"picked":"SKIP","floor":8.0},{"not_picked":["Dagger Throw","Blade Dance"],"picked":"Leg Sweep","floor":11.0},{"not_picked":["Prepared","Dodge and Roll"],"picked":"Slice","floor":13.0},{"not_picked":["Tools of the Trade","Bullet Time"],"picked":"A Thousand Cuts","floor":16.0},{"not_picked":["Underhanded Strike","Prepared"],"picked":"Well Laid Plans","floor":18.0},{"not_picked":["Well Laid Plans","Cloak And Dagger"],"picked":"Dodge and Roll","floor":21.0},{"not_picked":["Deflect","Cloak And Dagger"],"picked":"Die Die Die","floor":23.0},{"not_picked":["Acrobatics","Dodge and Roll"],"picked":"Crippling Poison","floor":24.0},{"not_picked":["Crippling Poison","Prepared+1"],"picked":"Dodge and Roll","floor":29.0}],"player_experience":1477818,"relics_obtained":[{"floor":8.0,"key":"Mango"},{"floor":9.0,"key":"Meat on the Bone"},{"floor":11.0,"key":"Orichalcum"},{"floor":23.0,"key":"Boot"},{"floor":26.0,"key":"Regal Pillow"}],"event_choices":[{"damage_healed":0.0,"max_hp_gain":0.0,"max_hp_loss":0.0,"gold_gain":0.0,"event_name":"The Woman in Blue","player_choice":"Bought 2 Potions","floor":4.0,"gold_loss":0.0,"damage_taken":0.0},{"damage_healed":0.0,"max_hp_gain":0.0,"max_hp_loss":0.0,"gold_gain":0.0,"event_name":"N\u0027loth","player_choice":"Traded Relic","floor":19.0,"relics_lost":["Mango"],"gold_loss":0.0,"damage_taken":0.0,"relics_obtained":["Nloth\u0027s Gift"]},{"damage_healed":0.0,"max_hp_gain":0.0,"max_hp_loss":0.0,"gold_gain":0.0,"event_name":"Ghosts","player_choice":"Ignored","floor":25.0,"gold_loss":0.0,"damage_taken":0.0},{"damage_healed":0.0,"max_hp_gain":0.0,"max_hp_loss":24.0,"gold_gain":0.0,"event_name":"Vampires","player_choice":"Became a vampire","floor":28.0,"gold_loss":0.0,"damage_taken":0.0,"cards_obtained":["Bite","Bite","Bite","Bite","Bite"]}],"is_beta":false,"boss_relics":[{"not_picked":["Busted Crown","Velvet Choker"],"picked":"Philosopher\u0027s Stone"}],"items_purged_floors":[14],"is_endless":false,"potions_floor_spawned":[5,11,13,21,29],"killed_by":"Slavers","ascension_level":20}