{"path_per_floor":["M","M","?","$","?","R","E","R","T","$","R","M","E","M","R","B",null],"character_chosen":"THE_SILENT","items_purchased":["Accuracy"],"gold_per_floor":[118,131,131,131,206,206,238,238,238,157,157,170,203,222,222,318,318,318],"floor_reached":18,"campfire_rested":4,"playtime":668,"current_hp_per_floor":[66,62,55,55,44,65,13,34,34,34,55,55,56,39,60,32,61,0],"items_purged":[],"gold":318,"score":210,"play_id":"1d41b618-c127-44d6-a981-62e43ba88cb9","local_time":"20180330233450","is_prod":false,"is_daily":false,"is_ascension_mode":true,"campfire_upgraded":0,"timestamp":1522442090,"path_taken":["M","M","?","?","?","R","E","R","T","$","R","M","E","M","R","BOSS","M"],"build_version":"2018-03-29","purchased_purges":0,"victory":false,"master_deck":["Defend_G","Defend_G","Defend_G","Defend_G","Defend_G","Strike_G","Strike_G","Strike_G","Strike_G","Strike_G","Survivor","Neutralize","Accuracy","Dagger Throw","Backstab","Accuracy+1","Terror","Blade Dance","Cloak And Dagger","Adrenaline"],"max_hp_per_floor":[70,70,70,70,70,70,70,70,70,70,70,70,70,70,70,70,70,70],"relics":["Runic Dome","Ornamental Fan","Frozen Egg 2","Peace Pipe","Matryoshka","Cursed Key"],"card_choices":[{"not_picked":["Dagger Spray","Dodge and Roll"],"picked":"Accuracy","floor":1},{"not_picked":["Concentrate","Poisoned Stab"],"picked":"Dagger Throw","floor":2},{"not_picked":["PiercingWail","Poisoned Stab"],"picked":"Backstab","floor":7},{"not_picked":["Deadly Poison","Malaise"],"picked":"Terror","floor":12},{"not_picked":["Backstab","Bane"],"picked":"Blade Dance","floor":13},{"not_picked":["Expertise","Sucker Punch"],"picked":"Cloak And Dagger","floor":14},{"not_picked":["Bullet Time","Venomology"],"picked":"Adrenaline","floor":16}],"player_experience":172662,"potions_floor_usage":[13],"damage_taken":[{"damage":4,"enemies":"Jaw Worm","floor":1,"turns":4},{"damage":4,"enemies":"Small Slimes","floor":2,"turns":4},{"damage":52,"enemies":"Gremlin Nob","floor":7,"turns":6},{"damage":0,"enemies":"2 Louse","floor":12,"turns":2},{"damage":14,"enemies":"3 Sentries","floor":13,"turns":10},{"damage":17,"enemies":"Exordium Thugs","floor":14,"turns":4},{"damage":28,"enemies":"Slime Boss","floor":16,"turns":7},{"damage":71,"enemies":"Chosen","floor":18,"turns":6}],"event_choices":[{"event_name":"Scrap Ooze","player_choice":"success","floor":3,"damage_taken":7},{"event_name":"World of Goop","player_choice":"Gather Gold","floor":5,"damage_taken":0}],"boss_relics":[{"not_picked":["White Beast Statue","Runic Pyramid"],"picked":"Cursed Key"}],"potions_floor_spawned":[12,14,16],"seed_played":"1071175853413860496","killed_by":"Chosen","ascension_level":5,"is_trial":false}