{"gold_per_floor":[113,127,127,8,8,8,67,67,67,67,81,137,150,166,166,270,270,289,389,407,407],"floor_reached":21,"playtime":891,"items_purged":[],"score":188,"play_id":"9a393f6c-7cd4-46e5-8e78-ff18facd860d","local_time":"20180702220502","is_ascension_mode":true,"campfire_choices":[{"data":"Chill","floor":6,"key":"SMITH"},{"floor":10,"key":"REST"},{"floor":15,"key":"REST"}],"neow_cost":"","seed_source_timestamp":14219686254432,"circlet_count":0,"master_deck":["Strike_B","Strike_B","Strike_B","Strike_B","Defend_B","Defend_B+1","Defend_B","Defend_B+1","Zap","Dualcast","Turbo","Chill+1","Gash","Defragment","Normality","Zap","Dark Shackles","Sunder","Turbo","Go for the Eyes","Fusion","Fission","Rainbow","Gash","Rebound+1"],"relics":["Cracked Core","Tiny Chest","Bottled Lightning","Oddly Smooth Stone","Darkstone Periapt","Sozu"],"potions_floor_usage":[11,14,16,16,16],"damage_taken":[{"damage":5,"enemies":"Jaw Worm","floor":1,"turns":4},{"damage":5,"enemies":"Small Slimes","floor":2,"turns":3},{"damage":13,"enemies":"Gremlin Nob","floor":7,"turns":4},{"damage":0,"enemies":"Cultist","floor":11,"turns":3},{"damage":37,"enemies":"Lagavulin Event","floor":12,"turns":7},{"damage":5,"enemies":"Exordium Wildlife","floor":13,"turns":3},{"damage":2,"enemies":"Looter","floor":14,"turns":2},{"damage":16,"enemies":"The Guardian","floor":16,"turns":13},{"damage":39,"enemies":"3 Byrds","floor":18,"turns":6},{"damage":16,"enemies":"Chosen","floor":20,"turns":6},{"damage":24,"enemies":"Centurion and Healer","floor":21,"turns":2}],"seed_played":"-5837597677791733296","potions_obtained":[{"floor":7,"key":"SkillPotion"},{"floor":12,"key":"Ancient Potion"},{"floor":12,"key":"Dexterity Potion"},{"floor":13,"key":"PowerPotion"},{"floor":14,"key":"Swift Potion"}],"is_trial":false,"path_per_floor":["M","M","?","$","?","R","E","T","T","R","M","?","M","M","R","B",null,"M","?","M"],"character_chosen":"DEFECT","items_purchased":["Gash","Defragment"],"campfire_rested":2,"item_purchase_floors":[4,4],"current_hp_per_floor":[70,65,50,50,50,50,37,37,37,59,59,22,17,15,37,21,75,36,36,20,0],"gold":407,"neow_bonus":"","is_prod":false,"is_daily":false,"chose_seed":false,"campfire_upgraded":1,"win_rate":0,"timestamp":1530561902,"path_taken":["M","M","?","$","?","R","E","?","T","R","M","?","M","M","R","BOSS","M","?","M","M"],"build_version":"2018-06-28","purchased_purges":0,"victory":false,"max_hp_per_floor":[75,75,75,75,75,75,75,75,75,75,75,75,75,75,75,75,75,75,75,75,75],"card_choices":[{"not_picked":["Ball Lightning","Coolheaded"],"picked":"Turbo","floor":1},{"not_picked":["Force Field","Rip and Tear"],"picked":"Chill","floor":2},{"not_picked":["Reprogram","Aggregate"],"picked":"Sunder","floor":7},{"not_picked":["Barrage","Leap"],"picked":"Turbo","floor":11},{"not_picked":["Stack","Rebound"],"picked":"Go for the Eyes","floor":12},{"not_picked":["Conserve Battery","Hologram"],"picked":"Fusion","floor":13},{"not_picked":["Rebound","Doom and Gloom"],"picked":"Fission","floor":14},{"not_picked":["Core Surge","Machine Learning"],"picked":"Rainbow","floor":16},{"not_picked":["Redo","Sweeping Beam"],"picked":"Gash","floor":18},{"not_picked":["Stack","Leap"],"picked":"Rebound+1","floor":20}],"player_experience":138088,"relics_obtained":[{"floor":7,"key":"Tiny Chest"},{"floor":8,"key":"Bottled Lightning"},{"floor":9,"key":"Oddly Smooth Stone"},{"floor":12,"key":"Darkstone Periapt"}],"event_choices":[{"event_name":"Shining Light","player_choice":"Entered Light","floor":3,"damage_taken":0},{"event_name":"Match and Keep!","player_choice":"3 cards matched","floor":5,"damage_taken":0},{"event_name":"Dead Adventurer","player_choice":"Searched \u00271\u0027 times","floor":12,"damage_taken":0},{"event_name":"Golden Shrine","player_choice":"Pray","floor":19,"damage_taken":0}],"boss_relics":[{"not_picked":["Runic Pyramid","Lizard Tail"],"picked":"Sozu"}],"items_purged_floors":[],"is_endless":false,"potions_floor_spawned":[7,12,12,13,14,18],"killed_by":"Centurion and Healer","ascension_level":1}