{"path_per_floor":["M","$","M","T","M","R","E","?","T","M","M","E","$","E","R","B",null,"M","?","M","M","?","E","R","?","T","E","?","E","R","M","R"],"character_chosen":"THE_SILENT","items_purchased":["Toxic Egg 2","Gremlin Horn"],"gold_per_floor":[115,115,127,180,195,195,227,477,546,566,582,610,54,81,81,176,176,188,103,121,132,132,166,166,166,166,200,225,256,256,273,273],"floor_reached":33,"campfire_rested":1,"playtime":2586,"current_hp_per_floor":[70,70,70,70,70,70,63,63,63,63,56,51,51,47,47,19,70,60,60,58,38,38,24,60,49,49,49,49,39,39,41,41],"items_purged":["Regret"],"gold":273,"score":445,"play_id":"4dd65e69-8c7f-4965-aef9-06cd6ab3ada6","local_time":"20180317172516","is_prod":false,"is_daily":false,"is_ascension_mode":true,"campfire_upgraded":4,"timestamp":1521300316,"path_taken":["M","?","M","?","M","R","E","?","T","M","M","E","$","E","R","BOSS","M","?","?","M","?","E","R","?","T","E","?","E","R","M","R","BOSS"],"build_version":"2018-03-16","purchased_purges":1,"victory":false,"master_deck":["Defend_G","Defend_G","Defend_G","Defend_G","Defend_G","Survivor","Neutralize+1","Backflip","Backflip+1","Choke+1","Prepared","Backstab+1","Prepared","Die Die Die+1","Prepared+1","Grand Finale","Escape Plan+1","Escape Plan+1","Predator+1","Dagger Throw+1","Bite+1","Bite","Bite","Bite","Bite","Acrobatics+1","Prepared+1","Burst+1"],"max_hp_per_floor":[70,70,70,70,70,70,70,70,70,70,70,70,70,70,70,70,70,70,70,70,70,70,70,70,49,49,49,49,49,49,49,49],"relics":["Sozu","Regal Pillow","Centennial Puzzle","Toolbox","Du-Vu Doll","Toxic Egg 2","Gremlin Horn","Frozen Egg 2","Runic Pyramid","Bronze Scales","Frozen Eye","Juzu Bracelet","Whetstone","Matryoshka","Red Mask","Calipers"],"card_choices":[{"not_picked":["Sucker Punch","Dagger Spray"],"picked":"Backflip"},{"not_picked":["Dodge and Roll","Outmaneuver"],"picked":"Backflip"},{"not_picked":["Sucker Punch","Leg Sweep"],"picked":"Choke"},{"not_picked":["Choke","Catalyst"],"picked":"Prepared"},{"not_picked":["PiercingWail","Dodge and Roll"],"picked":"Backstab"},{"not_picked":["Reflex","Concentrate"],"picked":"Prepared"},{"not_picked":["Outmaneuver","Prepared"],"picked":"Die Die Die"},{"not_picked":["Bane","PiercingWail"],"picked":"Prepared"},{"not_picked":["Corpse Explosion","Bullet Time"],"picked":"Grand Finale"},{"not_picked":["Slice","Prepared"],"picked":"Escape Plan"},{"not_picked":["Acrobatics","Bouncing Flask"],"picked":"Escape Plan"},{"not_picked":["Infinite Blades","Concentrate"],"picked":"Predator"},{"not_picked":["Endless Agony","Heel Hook"],"picked":"Dagger Throw"},{"not_picked":["Deflect","Outmaneuver"],"picked":"Acrobatics"},{"not_picked":["Calculated Gamble","Outmaneuver"],"picked":"Prepared"},{"not_picked":["Cloak And Dagger","Distraction"],"picked":"Burst"}],"player_experience":134485,"potions_floor_usage":[],"damage_taken":[{"damage":0,"enemies":"Cultist","floor":1,"turns":5},{"damage":0,"enemies":"2 Louse","floor":3,"turns":3},{"damage":0,"enemies":"Small Slimes","floor":5,"turns":4},{"damage":7,"enemies":"Lagavulin","floor":7,"turns":8},{"damage":0,"enemies":"Looter","floor":10,"turns":5},{"damage":7,"enemies":"3 Louse","floor":11,"turns":3},{"damage":5,"enemies":"Gremlin Nob","floor":12,"turns":3},{"damage":4,"enemies":"3 Sentries","floor":14,"turns":5},{"damage":28,"enemies":"Slime Boss","floor":16,"turns":11},{"damage":10,"enemies":"Spheric Guardian","floor":18,"turns":5},{"damage":2,"enemies":"Shell Parasite","floor":20,"turns":5},{"damage":20,"enemies":"Sentry and Sphere","floor":21,"turns":8},{"damage":14,"enemies":"Book of Stabbing","floor":23,"turns":4},{"damage":0,"enemies":"Gremlin Leader","floor":27,"turns":4},{"damage":0,"enemies":"Masked Bandits","floor":28,"turns":2},{"damage":12,"enemies":"Slavers","floor":29,"turns":3},{"damage":0,"enemies":"Snake Plant","floor":31,"turns":3},{"damage":56,"enemies":"Collector","floor":33,"turns":6}],"event_choices":[{"event_name":"Golden Shrine","player_choice":"Desecrate","floor":8,"damage_taken":0},{"event_name":"Addict","player_choice":"Obtained Relic","floor":19,"damage_taken":0},{"event_name":"The Mausoleum","player_choice":"Yes","floor":22,"damage_taken":0},{"event_name":"Vampires","player_choice":"Became a vampire","floor":25,"damage_taken":0},{"event_name":"Masked Bandits","player_choice":"Fought over 200 gold","floor":28,"damage_taken":0}],"boss_relics":[{"not_picked":["Astrolabe","Philosopher\u0027s Stone"],"picked":"Runic Pyramid"}],"potions_floor_spawned":[3,10,11,14,20,21,29,31],"seed_played":"-6051349395159401917","killed_by":"Collector","ascension_level":4,"is_trial":false}