{"path_per_floor":["M","?","$","M","M","E","R","E","T","R","?","M","$","M","R","B",null,"M","?","M","$","M","R","E","?","T","?","R","E","M","$","R","B",null,"M","?","?","$","?","R","E","T","T","M","$","M","M"],"character_chosen":"THE_SILENT","items_purchased":["Backflip","Calipers","Anchor","Noxious Fumes","Footwork"],"gold_per_floor":[113,213,161,172,192,218,218,243,243,243,318,330,43,58,58,162,162,173,173,192,42,56,56,90,90,116,31,31,66,84,15,15,118,118,130,130,130,130,130,130,155,155,155,175,19,38,49],"floor_reached":48,"campfire_rested":6,"playtime":3394,"current_hp_per_floor":[71,71,71,61,61,40,63,45,59,86,75,71,71,45,72,20,91,68,68,68,68,59,86,4,34,34,34,76,59,40,40,82,37,91,67,67,67,67,90,90,55,55,55,45,45,42,3],"items_purged":["Pain"],"gold":49,"score":578,"play_id":"d4483aba-1476-431e-a3fc-c68efa40700b","local_time":"20180308202357","is_prod":false,"is_daily":false,"is_ascension_mode":true,"campfire_upgraded":1,"timestamp":1520562237,"path_taken":["M","?","?","?","M","E","R","E","T","R","?","M","$","M","R","BOSS","M","?","M","$","M","R","E","?","T","?","R","E","M","$","R","BOSS","M","?","?","?","?","R","E","?","T","M","$","M","?","E"],"build_version":"2018-03-01-PROD1","purchased_purges":2,"victory":false,"master_deck":["Defend_G","Defend_G","Defend_G","Defend_G","Defend_G","Strike_G","Strike_G","Strike_G","Strike_G","Strike_G","Survivor","Neutralize+1","Acrobatics","Backflip","Bouncing Flask","Prepared","Dagger Spray","Underhanded Strike","Skewer","Deflect","Adrenaline","Footwork+1","Caltrops+1","Outmaneuver+1","Leg Sweep+1","Well Laid Plans","Noxious Fumes","Night Terror","Sucker Punch+1","Writhe","Catalyst+1","Parasite","Deflect+1","Footwork","Dodge and Roll+1","Underhanded Strike+1"],"max_hp_per_floor":[77,77,77,77,77,77,77,77,91,91,91,91,91,91,91,91,91,91,91,91,91,91,91,91,91,91,91,91,91,91,91,91,91,91,91,91,91,91,91,91,91,91,91,91,91,91,91],"relics":["Ring of the Snake","Mummified Hand","Bronze Scales","Mango","Calipers","Sozu","Paper Crane","Anchor","Orichalcum","Regal Pillow","Blue Candle","Bag of Marbles","Cursed Key","Spirit Poop","Art of War","Peace Pipe"],"card_choices":[{"not_picked":["Grand Finale","Outmaneuver"],"picked":"Acrobatics"},{"not_picked":["Sucker Punch","PiercingWail"],"picked":"Bouncing Flask"},{"not_picked":["Cloak And Dagger","Unload"],"picked":"Prepared"},{"not_picked":["Skewer","Backflip"],"picked":"Dagger Spray"},{"not_picked":["Flying Knee","Outmaneuver"],"picked":"Underhanded Strike"},{"not_picked":["Slice","Choke"],"picked":"Skewer"},{"not_picked":["Masterful Stab","Blade Dance"],"picked":"Deflect"},{"not_picked":["Phantasmal Killer","A Thousand Cuts"],"picked":"Adrenaline"},{"not_picked":["Quick Slash","Deflect"],"picked":"Footwork"},{"not_picked":["PiercingWail","Prepared"],"picked":"Caltrops"},{"not_picked":["Deadly Poison","Reflex"],"picked":"Outmaneuver"},{"not_picked":["Eviscerate","Prepared"],"picked":"Leg Sweep"},{"not_picked":["Infinite Blades","Acrobatics"],"picked":"Well Laid Plans"},{"not_picked":["Bullet Time","Tools of the Trade"],"picked":"Night Terror"},{"not_picked":["Acrobatics","PiercingWail"],"picked":"Sucker Punch"},{"not_picked":["Cloak And Dagger","Choke"],"picked":"Catalyst"},{"not_picked":["Infinite Blades","Calculated Gamble"],"picked":"Deflect"},{"not_picked":["Sucker Punch","Poisoned Stab"],"picked":"Dodge and Roll"},{"not_picked":["All Out Attack","Eviscerate"],"picked":"Underhanded Strike"}],"player_experience":177929,"potions_floor_usage":[16,20],"damage_taken":[{"damage":6.0,"enemies":"2 Louse","floor":1.0,"turns":5.0},{"damage":10.0,"enemies":"Cultist","floor":4.0,"turns":5.0},{"damage":0.0,"enemies":"Small Slimes","floor":5.0,"turns":6.0},{"damage":21.0,"enemies":"Lagavulin","floor":6.0,"turns":7.0},{"damage":18.0,"enemies":"3 Sentries","floor":8.0,"turns":12.0},{"damage":4.0,"enemies":"Exordium Thugs","floor":12.0,"turns":5.0},{"damage":26.0,"enemies":"Gremlin Gang","floor":14.0,"turns":4.0},{"damage":52,"enemies":"Hexaghost","floor":16,"turns":12},{"damage":23,"enemies":"Spheric Guardian","floor":18,"turns":7},{"damage":0,"enemies":"Shell Parasite","floor":20,"turns":6},{"damage":9,"enemies":"Centurion and Healer","floor":22,"turns":5},{"damage":82,"enemies":"Gremlin Leader","floor":24,"turns":10},{"damage":17,"enemies":"Slavers","floor":29,"turns":5},{"damage":19,"enemies":"Chosen and Byrds","floor":30,"turns":7},{"damage":45,"enemies":"Collector","floor":33,"turns":12},{"damage":24,"enemies":"3 Shapes","floor":35,"turns":5},{"damage":35,"enemies":"Giant Head","floor":41,"turns":10},{"damage":10,"enemies":"3 Darklings","floor":44,"turns":7},{"damage":3,"enemies":"Maw","floor":46,"turns":8},{"damage":39,"enemies":"Sphere and 2 Shapes","floor":47,"turns":6},{"damage":8,"enemies":"2 Orb Walkers","floor":48,"turns":1}],"event_choices":[{"event_name":"Golden Shrine","player_choice":"Pray","floor":2.0,"damage_taken":0.0},{"event_name":"World of Goop","player_choice":"Gather Gold","floor":11.0,"damage_taken":0.0},{"event_name":"The Mausoleum","player_choice":"Yes","floor":19,"damage_taken":0},{"event_name":"The Library","player_choice":"Heal","floor":25,"damage_taken":0},{"event_name":"Addict","player_choice":"Obtained Relic","floor":27,"damage_taken":0},{"event_name":"Bonfire Elementals","player_choice":"CURSE","floor":36,"damage_taken":0},{"event_name":"Tomb of Lord Red Mask","player_choice":"Ignored","floor":37,"damage_taken":0},{"event_name":"Winding Halls","player_choice":"Writhe","floor":39,"damage_taken":0}],"boss_relics":[{"not_picked":["White Beast Statue","Pandora\u0027s Box"],"picked":"Sozu"},{"not_picked":["Lizard Tail","Black Star"],"picked":"Cursed Key"}],"potions_floor_spawned":[5,8,12,18,20,33,35,44],"seed_played":"8076226223850075990","killed_by":"2 Orb Walkers","ascension_level":2,"is_trial":false}