{"gold_per_floor":[10,20,20,20,37,37,11,44,44,44],"floor_reached":10,"playtime":666,"items_purged":[],"score":132,"play_id":"349c7cdf-250b-4d07-be48-8c7c84b6b6bd","local_time":"20190519154617","is_ascension_mode":true,"campfire_choices":[{"data":"Tactician","floor":6.0,"key":"SMITH"}],"neow_cost":"NO_GOLD","seed_source_timestamp":21402591261300,"circlet_count":0,"master_deck":["AscendersBane","Defend_G","Defend_G","Defend_G","Defend_G","Defend_G","Strike_G","Strike_G","Survivor","Neutralize","Tactician+1","Infinite Blades","Dagger Throw","Dagger Throw","Caltrops","Acrobatics","Dash"],"special_seed":0,"relics":["Ring of the Snake","Oddly Smooth Stone","Letter Opener"],"potions_floor_usage":[10],"damage_taken":[{"damage":11.0,"enemies":"2 Louse","floor":1.0,"turns":4.0},{"damage":0.0,"enemies":"Cultist","floor":2.0,"turns":4.0},{"damage":2.0,"enemies":"Jaw Worm","floor":5.0,"turns":7.0},{"damage":30.0,"enemies":"3 Sentries","floor":8.0,"turns":7.0},{"damage":17,"enemies":"Lagavulin","floor":10,"turns":7}],"seed_played":"-1507514725696776783","potions_obtained":[{"floor":1.0,"key":"Block Potion"},{"floor":5.0,"key":"PowerPotion"},{"floor":8.0,"key":"Poison Potion"}],"is_trial":false,"path_per_floor":["M","M","$","?","M","R","$","E","T","E"],"character_chosen":"THE_SILENT","items_purchased":["Acrobatics"],"campfire_rested":0,"item_purchase_floors":[7],"current_hp_per_floor":[48,48,48,48,46,46,46,16,16,0],"gold":44,"neow_bonus":"TRANSFORM_TWO_CARDS","is_prod":false,"is_daily":false,"chose_seed":false,"campfire_upgraded":1,"win_rate":0,"timestamp":1558305977,"path_taken":["M","M","$","?","?","R","?","E","T","E"],"build_version":"2019-01-23","purchased_purges":0,"victory":false,"max_hp_per_floor":[66,66,66,66,66,66,66,66,66,66],"card_choices":[{"not_picked":["Dash","Infinite Blades"],"picked":"Dagger Throw","floor":1.0},{"not_picked":["Cloak And Dagger","Dodge and Roll"],"picked":"Dagger Throw","floor":2.0},{"not_picked":["Flying Knee","Setup"],"picked":"Caltrops","floor":5.0},{"not_picked":["Caltrops","Backflip"],"picked":"Dash","floor":8.0}],"player_experience":1394836,"relics_obtained":[{"floor":8.0,"key":"Oddly Smooth Stone"},{"floor":9.0,"key":"Letter Opener"}],"event_choices":[{"cards_removed":["Strike_G"],"damage_healed":0.0,"max_hp_gain":0.0,"max_hp_loss":0.0,"gold_gain":0.0,"event_name":"Bonfire Elementals","player_choice":"Offered Basic","floor":4.0,"gold_loss":0.0,"damage_taken":0.0}],"is_beta":false,"boss_relics":[],"items_purged_floors":[],"is_endless":false,"potions_floor_spawned":[1,5,8],"killed_by":"Lagavulin","ascension_level":20}