{"gold_per_floor":[119,42,53,72,89,121,121,149,174,189,189,189,189,203,203,298,298,309,309,309,111,123,158,176,176],"floor_reached":25,"playtime":1445,"items_purged":[],"score":350,"play_id":"6ded9348-7528-43fe-981b-cf536c51dea0","local_time":"20190208214456","is_ascension_mode":true,"campfire_choices":[{"floor":7.0,"key":"REST"},{"floor":12.0,"key":"REST"},{"floor":15.0,"key":"REST"}],"neow_cost":"NONE","seed_source_timestamp":0,"circlet_count":0,"master_deck":["AscendersBane","Defend_G+1","Defend_G+1","Defend_G+1","Defend_G+1","Strike_G+1","Strike_G+1","Strike_G+1","Survivor","Neutralize+1","Setup+1","Bullet Time+1","Poisoned Stab","Glass Knife","Terror","PiercingWail","Bane","Backstab","Caltrops","Deflect","Die Die Die","Caltrops","Quick Slash+1","Expertise+1","Deadly Poison+1"],"special_seed":0,"relics":["Astrolabe","Bag of Preparation","Oddly Smooth Stone","Happy Flower","Black Star","HandDrill","Juzu Bracelet","Orichalcum"],"potions_floor_usage":[],"damage_taken":[{"damage":13.0,"enemies":"Cultist","floor":1.0,"turns":7.0},{"damage":3.0,"enemies":"2 Louse","floor":3.0,"turns":2.0},{"damage":18.0,"enemies":"Jaw Worm","floor":4.0,"turns":5.0},{"damage":2.0,"enemies":"2 Fungi Beasts","floor":5.0,"turns":3.0},{"damage":14.0,"enemies":"Lagavulin","floor":6.0,"turns":6.0},{"damage":12.0,"enemies":"Gremlin Nob","floor":8.0,"turns":4.0},{"damage":0.0,"enemies":"Large Slime","floor":10.0,"turns":2.0},{"damage":8.0,"enemies":"Red Slaver","floor":14.0,"turns":2.0},{"damage":17.0,"enemies":"The Guardian","floor":16.0,"turns":9.0},{"damage":24.0,"enemies":"2 Thieves","floor":18.0,"turns":5.0},{"damage":23.0,"enemies":"Spheric Guardian","floor":22.0,"turns":5.0},{"damage":6.0,"enemies":"Book of Stabbing","floor":23.0,"turns":4.0},{"damage":23.0,"enemies":"Snecko","floor":24.0,"turns":3.0},{"damage":27,"enemies":"Gremlin Leader","floor":25,"turns":5}],"seed_played":"3618152304083660311","potions_obtained":[{"floor":1.0,"key":"SkillPotion"},{"floor":4.0,"key":"Block Potion"},{"floor":8.0,"key":"SteroidPotion"},{"floor":10.0,"key":"Ancient Potion"},{"floor":18.0,"key":"AttackPotion"},{"floor":22.0,"key":"EssenceOfSteel"}],"is_trial":false,"path_per_floor":["M","$","M","M","M","E","R","E","T","M","?","R","?","M","R","B",null,"M","?","?","$","M","E","M","E"],"character_chosen":"THE_SILENT","items_purchased":["Glass Knife","HandDrill"],"campfire_rested":3,"item_purchase_floors":[2,21],"current_hp_per_floor":[50,50,47,29,27,13,34,22,22,22,22,43,43,35,56,39,62,38,38,70,70,47,41,18,0],"gold":176,"neow_bonus":"BOSS_RELIC","is_prod":false,"is_daily":false,"chose_seed":false,"campfire_upgraded":0,"win_rate":0,"timestamp":1549655096,"path_taken":["M","$","M","?","M","E","R","E","T","M","?","R","?","M","R","BOSS","M","?","?","$","M","E","M","E"],"build_version":"2019-02-06","purchased_purges":0,"victory":false,"max_hp_per_floor":[70,70,70,70,70,70,70,70,70,70,70,70,70,70,70,70,70,70,70,70,70,70,70,70,70],"card_choices":[{"not_picked":["Leg Sweep","Cloak And Dagger"],"picked":"Poisoned Stab","floor":1.0},{"not_picked":["Slice","Choke"],"picked":"Terror","floor":3.0},{"not_picked":["Reflex","Accuracy"],"picked":"PiercingWail","floor":4.0},{"not_picked":["Cloak And Dagger","Quick Slash"],"picked":"Bane","floor":5.0},{"not_picked":["Flechettes","Grand Finale","Outmaneuver"],"picked":"SKIP","floor":6.0},{"not_picked":["Dagger Spray","All Out Attack"],"picked":"Backstab","floor":8.0},{"not_picked":["PiercingWail","Finisher"],"picked":"Caltrops","floor":10.0},{"not_picked":["Outmaneuver","Underhanded Strike"],"picked":"Deflect","floor":14.0},{"not_picked":["Envenom","Bullet Time"],"picked":"Die Die Die","floor":16.0},{"not_picked":["Terror","Crippling Poison+1"],"picked":"Caltrops","floor":18.0},{"not_picked":["Underhanded Strike","Flying Knee+1"],"picked":"Quick Slash+1","floor":22.0},{"not_picked":["Tactician","Riddle With Holes"],"picked":"Expertise+1","floor":23.0},{"not_picked":["Terror+1","Quick Slash"],"picked":"Deadly Poison+1","floor":24.0}],"player_experience":438310,"relics_obtained":[{"floor":6.0,"key":"Bag of Preparation"},{"floor":8.0,"key":"Oddly Smooth Stone"},{"floor":9.0,"key":"Happy Flower"},{"floor":23.0,"key":"Juzu Bracelet"},{"floor":23.0,"key":"Orichalcum"}],"event_choices":[{"damage_healed":0.0,"max_hp_gain":0.0,"max_hp_loss":0.0,"gold_gain":0.0,"event_name":"Living Wall","player_choice":"Grow","floor":11.0,"gold_loss":0.0,"damage_taken":0.0,"cards_upgraded":["Neutralize"]},{"damage_healed":0.0,"max_hp_gain":0.0,"max_hp_loss":0.0,"gold_gain":0.0,"event_name":"Scrap Ooze","player_choice":"Fled","floor":13.0,"gold_loss":0.0,"damage_taken":0.0},{"damage_healed":0.0,"max_hp_gain":0.0,"max_hp_loss":0.0,"gold_gain":0.0,"event_name":"Back to Basics","player_choice":"Simplicity","floor":19.0,"gold_loss":0.0,"damage_taken":0.0,"cards_upgraded":["Defend_G","Defend_G","Defend_G","Defend_G","Strike_G","Strike_G","Strike_G"]},{"cards_removed":["Catalyst"],"damage_healed":32.0,"max_hp_gain":0.0,"max_hp_loss":0.0,"gold_gain":0.0,"event_name":"Bonfire Elementals","player_choice":"Offered Uncommon","floor":20.0,"gold_loss":0.0,"damage_taken":0.0}],"is_beta":true,"boss_relics":[{"not_picked":["Sozu","HoveringKite"],"picked":"Black Star"}],"items_purged_floors":[],"is_endless":false,"potions_floor_spawned":[1,4,8,10,18,22],"killed_by":"Gremlin Leader","ascension_level":10}