{"path_per_floor":["M","?","$","?","M","E","R","M","T","?","T","R","$","M","R","B",null,"M","$","?","M","M","E","M","R","T","M","M","?","M","?","R","B",null,"M","?","?","M","M","$","M","M","T","M","?","R","$","M","R","B"],"character_chosen":"DEFECT","items_purchased":["Hello World","Double Energy","Cold Snap","Coolheaded","Rip and Tear","Barrage","Redo","Defragment","Doom and Gloom","All For One","Leap","Scrape"],"gold_per_floor":[115,290,0,0,11,44,44,56,106,106,106,106,27,45,45,149,149,166,55,55,73,86,111,128,128,182,201,215,0,19,19,19,120,120,131,180,180,191,205,51,67,84,107,118,118,118,32,52,52,52],"floor_reached":51,"campfire_rested":4,"playtime":6088,"item_purchase_floors":[3,3,3,3,3,13,13,19,19,40,47,47],"current_hp_per_floor":[75,75,75,80,80,56,80,80,80,80,80,80,80,80,80,79,80,80,80,80,71,58,13,8,32,32,28,28,28,28,28,52,18,80,79,48,48,48,22,22,21,21,21,21,21,60,60,60,60,24],"items_purged":[],"gold":52,"score":671,"play_id":"8bcca66f-0462-451f-9527-54146aebaba2","local_time":"20180605204351","is_prod":false,"is_daily":false,"chose_seed":false,"is_ascension_mode":false,"campfire_upgraded":3,"win_rate":0.0,"timestamp":1528224231,"campfire_choices":[{"floor":7,"key":"REST"},{"data":"Genetic Algorithm","floor":12,"key":"SMITH"},{"data":"Gash","floor":15,"key":"SMITH"},{"floor":25,"key":"REST"},{"floor":32,"key":"REST"},{"floor":46,"key":"REST"},{"data":"Defragment","floor":49,"key":"SMITH"}],"path_taken":["M","?","$","?","M","E","R","M","T","?","?","R","$","M","R","BOSS","M","$","?","M","M","E","M","R","T","M","M","?","?","?","R","BOSS","M","?","?","M","M","$","M","M","T","M","?","R","$","M","R","BOSS"],"build_version":"2018-05-31","seed_source_timestamp":8515530270844,"purchased_purges":0,"victory":true,"master_deck":["Strike_B","Strike_B","Strike_B","Defend_B","Defend_B","Defend_B+1","Defend_B","Zap+1","Ball Lightning","Hello World","Double Energy","Cold Snap","Coolheaded","Rip and Tear","Genetic Algorithm+1","Gash+1","Conserve Battery+1","Barrage+1","Redo","Gash+1","All For One","Auto Shields+1","Defragment+1","Doom and Gloom","Beam Cell","Stack+1","Reprogram","Coolheaded+1","Chill+1","Electrodynamics","Gash","Steam+1","Gash+1","Chaos+1","Defragment+1","Blizzard+1","Melter+1","Cold Snap+1","Beam Cell+1","All For One","Gash","Go for the Eyes+1","Leap+1","Leap","Scrape"],"max_hp_per_floor":[75,75,75,80,80,80,80,80,80,80,80,80,80,80,80,80,80,80,80,80,80,80,80,80,80,80,80,80,80,80,80,80,80,80,80,80,80,80,80,80,80,80,80,80,80,80,80,80,80,80],"relics":["Cracked Core","Orichalcum","War Paint","Thread and Needle","Black Star","Toolbox","Matryoshka","Bronze Scales","Whetstone","Orrery","Calipers","Vajra","Regal Pillow"],"card_choices":[{"not_picked":["Skim","Doom and Gloom"],"picked":"Ball Lightning","floor":1},{"not_picked":["Static Discharge","Undo"],"picked":"Genetic Algorithm","floor":5},{"not_picked":["Hologram","Compile Driver"],"picked":"Gash","floor":6},{"not_picked":["Compile Driver","Storm"],"picked":"Conserve Battery","floor":8},{"not_picked":["Static Discharge","Streamline"],"picked":"Gash","floor":14},{"not_picked":["Machine Learning","Rainbow"],"picked":"All For One","floor":16},{"not_picked":["Undo","Self Repair"],"picked":"Auto Shields+1","floor":18},{"not_picked":["Ball Lightning","Steam+1"],"picked":"Beam Cell","floor":21},{"not_picked":["Rebound","Leap"],"picked":"Stack+1","floor":22},{"not_picked":["Beam Cell","Skim"],"picked":"Reprogram","floor":23},{"not_picked":["Lockon+1","FTL+1"],"picked":"Coolheaded+1","floor":24},{"not_picked":["Skim","Conserve Battery","Barrage"],"picked":"SKIP","floor":27},{"not_picked":["Reprogram+1","Cold Snap+1"],"picked":"Chill+1","floor":28},{"not_picked":["Darkness","White Noise","Force Field"],"picked":"SKIP","floor":30},{"not_picked":["Amplify","Buffer"],"picked":"Electrodynamics","floor":33},{"not_picked":["Leap","Rebound"],"picked":"Gash","floor":34},{"not_picked":["Rebound","Sweeping Beam"],"picked":"Steam+1","floor":34},{"not_picked":["Ball Lightning+1","Cold Snap"],"picked":"Gash+1","floor":34},{"not_picked":["Fusion","Hologram+1"],"picked":"Chaos+1","floor":34},{"not_picked":["Hologram","Coolheaded"],"picked":"Defragment+1","floor":34},{"not_picked":["Leap","Electrodynamics"],"picked":"Blizzard+1","floor":35},{"not_picked":["Go for the Eyes","Gash"],"picked":"Melter+1","floor":36},{"not_picked":["Streamline","Conserve Battery"],"picked":"Cold Snap+1","floor":38},{"not_picked":["Conserve Battery+1","Reinforced Body+1"],"picked":"Beam Cell+1","floor":39},{"not_picked":["Undo","Coolheaded"],"picked":"Gash","floor":41},{"not_picked":["Consume","Leap"],"picked":"Go for the Eyes+1","floor":42},{"not_picked":["Skim+1","Buffer"],"picked":"Leap+1","floor":44},{"not_picked":["Streamline","Redo","Conserve Battery"],"picked":"SKIP","floor":48}],"player_experience":62300,"potions_floor_usage":[6,21,22,23,24,30,50,50],"damage_taken":[{"damage":0,"enemies":"Small Slimes","floor":1,"turns":3},{"damage":0,"enemies":"2 Louse","floor":5,"turns":2},{"damage":24,"enemies":"Lagavulin","floor":6,"turns":6},{"damage":0,"enemies":"Cultist","floor":8,"turns":3},{"damage":0,"enemies":"Looter","floor":14,"turns":3},{"damage":1,"enemies":"Slime Boss","floor":16,"turns":9},{"damage":0,"enemies":"Spheric Guardian","floor":18,"turns":3},{"damage":9,"enemies":"3 Byrds","floor":21,"turns":3},{"damage":13,"enemies":"Sentry and Sphere","floor":22,"turns":6},{"damage":60,"enemies":"Gremlin Leader","floor":23,"turns":11},{"damage":5,"enemies":"Snecko","floor":24,"turns":4},{"damage":4,"enemies":"Snake Plant","floor":27,"turns":4},{"damage":0,"enemies":"Centurion and Healer","floor":28,"turns":5},{"damage":0,"enemies":"Cultist and Chosen","floor":30,"turns":7},{"damage":34,"enemies":"Champ","floor":33,"turns":12},{"damage":1,"enemies":"3 Darklings","floor":35,"turns":6},{"damage":31,"enemies":"Mysterious Sphere","floor":36,"turns":8},{"damage":0,"enemies":"Orb Walker","floor":38,"turns":4},{"damage":26,"enemies":"Maw","floor":39,"turns":8},{"damage":1,"enemies":"3 Darklings","floor":41,"turns":4},{"damage":0,"enemies":"4 Shapes","floor":42,"turns":5},{"damage":0,"enemies":"Sphere and 2 Shapes","floor":44,"turns":3},{"damage":0,"enemies":"3 Darklings","floor":48,"turns":5},{"damage":36,"enemies":"Time Eater","floor":50,"turns":9}],"relics_obtained":[{"floor":6,"key":"Orichalcum"},{"floor":9,"key":"War Paint"},{"floor":11,"key":"Thread and Needle"},{"floor":23,"key":"Toolbox"},{"floor":23,"key":"Matryoshka"},{"floor":26,"key":"Bronze Scales"},{"floor":26,"key":"Whetstone"},{"floor":36,"key":"Calipers"},{"floor":43,"key":"Vajra"},{"floor":43,"key":"Regal Pillow"}],"event_choices":[{"event_name":"Liars Game","player_choice":"agreed","floor":2,"damage_taken":0},{"event_name":"Big Fish","player_choice":"Donut","floor":4,"damage_taken":0},{"event_name":"Purifier","player_choice":"One Purge","floor":10,"damage_taken":0},{"event_name":"Drug Dealer","player_choice":"Ignored","floor":20,"damage_taken":0},{"event_name":"Masked Bandits","player_choice":"Paid Bandits 215 gold","floor":29,"damage_taken":0},{"event_name":"Purifier","player_choice":"One Purge","floor":31,"damage_taken":0},{"event_name":"Mysterious Sphere","player_choice":"Fight","floor":36,"damage_taken":0},{"event_name":"The Moai Head","player_choice":"Ignored","floor":45,"damage_taken":0}],"boss_relics":[{"not_picked":["Tiny House","Velvet Choker"],"picked":"Black Star"},{"not_picked":["Philosopher\u0027s Stone","Snecko Eye"],"picked":"Orrery"}],"items_purged_floors":[],"potions_floor_spawned":[1,16,18,21,23,27,39,41,44,48],"seed_played":"2254282079136774739","ascension_level":0,"potions_obtained":[{"floor":1,"key":"LiquidBronze"},{"floor":16,"key":"Regen Potion"},{"floor":18,"key":"Explosive Potion"},{"floor":21,"key":"LiquidBronze"},{"floor":23,"key":"SpeedPotion"},{"floor":27,"key":"Weak Potion"},{"floor":39,"key":"GamblersBrew"},{"floor":41,"key":"Ancient Potion"},{"floor":44,"key":"LiquidBronze"}],"is_trial":false}