{"path_per_floor":["M","M","?","?","M","E","R","M","T","M","M","M","R","?","R"],"character_chosen":"IRONCLAD","items_purchased":[],"gold_per_floor":[110,125,200,375,391,424,424,443,470,488,506,516,516,516,516,516],"floor_reached":16,"campfire_rested":2,"playtime":1164,"item_purchase_floors":[],"current_hp_per_floor":[80,77,66,66,72,52,52,46,46,29,26,23,47,31,55,0],"items_purged":[],"gold":516,"score":109,"play_id":"78d17359-9424-440b-8351-8ae20a53d45e","local_time":"20180622232306","is_prod":false,"is_daily":false,"chose_seed":false,"is_ascension_mode":true,"campfire_upgraded":1,"win_rate":0,"timestamp":1529702586,"campfire_choices":[{"data":"Pummel","floor":7,"key":"SMITH"},{"floor":13,"key":"REST"},{"floor":15,"key":"REST"}],"path_taken":["M","M","?","?","M","E","R","M","T","M","?","M","R","?","R","BOSS"],"build_version":"2018-06-21","seed_source_timestamp":15808681524718,"purchased_purges":0,"circlet_count":0,"victory":false,"master_deck":["Strike_R","Strike_R","Strike_R","Strike_R+1","Strike_R","Defend_R","Defend_R+1","Defend_R","Defend_R","Bash","Impervious","Pummel+1","Pummel","Doubt","Flex","Pommel Strike","Inflame","Armaments","Thunderclap","Double Tap"],"max_hp_per_floor":[80,80,80,80,80,80,80,80,80,80,80,80,80,80,80,80],"relics":["Burning Blood","Pen Nib","Bag of Preparation"],"card_choices":[{"not_picked":["Twin Strike","Clash"],"picked":"Pummel","floor":1},{"not_picked":["Sever Soul","Anger"],"picked":"Pummel","floor":2},{"not_picked":["Dual Wield","Disarm"],"picked":"Flex","floor":5},{"not_picked":["Flame Barrier","Clothesline"],"picked":"Pommel Strike","floor":6},{"not_picked":["Thunderclap","Iron Wave"],"picked":"Inflame","floor":8},{"not_picked":["Blood for Blood","Carnage"],"picked":"Armaments","floor":10},{"not_picked":["Warcry","Clothesline"],"picked":"Thunderclap","floor":11},{"not_picked":["Feel No Pain","Clothesline"],"picked":"Double Tap","floor":12}],"player_experience":126260,"potions_floor_usage":[6,16,16],"damage_taken":[{"damage":4,"enemies":"Jaw Worm","floor":1,"turns":4},{"damage":9,"enemies":"2 Louse","floor":2,"turns":3},{"damage":0,"enemies":"Small Slimes","floor":5,"turns":5},{"damage":26,"enemies":"Gremlin Nob","floor":6,"turns":5},{"damage":12,"enemies":"Looter","floor":8,"turns":4},{"damage":23,"enemies":"Exordium Thugs","floor":10,"turns":5},{"damage":9,"enemies":"2 Fungi Beasts","floor":11,"turns":3},{"damage":9,"enemies":"3 Louse","floor":12,"turns":3},{"damage":55,"enemies":"The Guardian","floor":16,"turns":11}],"relics_obtained":[{"floor":6,"key":"Pen Nib"},{"floor":9,"key":"Bag of Preparation"}],"event_choices":[{"event_name":"World of Goop","player_choice":"Gather Gold","floor":3,"damage_taken":0},{"event_name":"Liars Game","player_choice":"agreed","floor":4,"damage_taken":0},{"event_name":"Shining Light","player_choice":"Entered Light","floor":14,"damage_taken":0}],"boss_relics":[],"items_purged_floors":[],"is_endless":false,"potions_floor_spawned":[2,5,10,11],"seed_played":"5626296631661015084","killed_by":"The Guardian","ascension_level":1,"potions_obtained":[{"floor":2,"key":"Poison Potion"},{"floor":5,"key":"Explosive Potion"},{"floor":10,"key":"Swift Potion"},{"floor":11,"key":"Dexterity Potion"}],"is_trial":false}