{"gold_per_floor":[117,130,145,163,163,163,197,197,197,197,216,216,233,261,261,360,360,379,392,406,24,37,37,37,11,91,102,102,102,115,125,125,125],"floor_reached":33,"playtime":1982,"items_purged":["Strike_B"],"score":343,"play_id":"d4cb958a-cba9-4ed6-8b37-57d15bd34988","local_time":"20190316134724","is_ascension_mode":true,"campfire_choices":[{"floor":6,"key":"DIG"},{"floor":8,"key":"DIG"},{"floor":12,"key":"DIG"},{"floor":15,"key":"REST"},{"data":"Zap","floor":23,"key":"SMITH"},{"floor":28,"key":"DIG"},{"floor":32,"key":"DIG"}],"neow_cost":"TEN_PERCENT_HP_LOSS","seed_source_timestamp":492528380797712,"circlet_count":0,"master_deck":["Strike_B","Strike_B","Defend_B","Defend_B","Defend_B","Defend_B","Zap+1","Dualcast","Rebound","Beam Cell","Go for the Eyes","Double Energy","Scrape","Go for the Eyes","Gash","Hologram","All For One","Sunder","Go for the Eyes+1","Hologram+1","Violence","Impatience","Stack","Buffer","Gash","Turbo","BootSequence","Stack"],"relics":["Cracked Core","Shovel","Gambling Chip","Mercury Hourglass","Sundial","Blood Vial","Matryoshka","Bronze Scales","Regal Pillow","Nuclear Battery","Bag of Preparation","Question Card","Smiling Mask","Potion Belt"],"potions_floor_usage":[7,14,19,31,31,33],"damage_taken":[{"damage":6,"enemies":"Small Slimes","floor":1,"turns":4},{"damage":6,"enemies":"2 Louse","floor":2,"turns":2},{"damage":0,"enemies":"Cultist","floor":3,"turns":2},{"damage":13,"enemies":"3 Louse","floor":4,"turns":3},{"damage":15,"enemies":"3 Sentries","floor":7,"turns":4},{"damage":2,"enemies":"Large Slime","floor":11,"turns":4},{"damage":4,"enemies":"Blue Slaver","floor":13,"turns":3},{"damage":15,"enemies":"Lagavulin","floor":14,"turns":3},{"damage":28,"enemies":"Hexaghost","floor":16,"turns":9},{"damage":0,"enemies":"Chosen","floor":18,"turns":3},{"damage":13,"enemies":"Shell Parasite","floor":19,"turns":4},{"damage":29,"enemies":"Shelled Parasite and Fungi","floor":20,"turns":3},{"damage":0,"enemies":"Snecko","floor":22,"turns":3},{"damage":0,"enemies":"Cultist and Chosen","floor":27,"turns":4},{"damage":5,"enemies":"Snake Plant","floor":30,"turns":3},{"damage":9,"enemies":"Centurion and Healer","floor":31,"turns":5},{"damage":26,"enemies":"Champ","floor":33,"turns":6}],"seed_played":"-8881402290836969719","potions_obtained":[{"floor":1,"key":"Energy Potion"},{"floor":7,"key":"Explosive Potion"},{"floor":11,"key":"Fire Potion"},{"floor":14,"key":"Swift Potion"},{"floor":20,"key":"LiquidBronze"},{"floor":22,"key":"Swift Potion"},{"floor":27,"key":"AttackPotion"}],"is_trial":false,"path_per_floor":["M","M","M","M","?","R","E","R","T","?","M","R","M","E","R","B",null,"M","M","M","$","M","R","$","$","T","M","R","?","M","M","R","B"],"character_chosen":"DEFECT","items_purchased":["Violence","Impatience","Stack","Gash"],"campfire_rested":1,"item_purchase_floors":[21,21,21,25],"current_hp_per_floor":[62,56,56,43,36,36,21,21,21,21,21,21,19,6,41,15,68,68,55,28,28,30,30,30,30,30,32,32,32,29,22,22,0],"gold":125,"neow_bonus":"ONE_RARE_RELIC","is_prod":false,"is_daily":false,"chose_seed":false,"campfire_upgraded":1,"win_rate":0,"timestamp":1552769244,"path_taken":["M","M","M","M","?","R","E","R","T","?","M","R","M","E","R","BOSS","M","M","M","$","M","R","?","$","T","M","R","?","M","M","R","BOSS"],"build_version":"2019-01-23","purchased_purges":1,"victory":false,"max_hp_per_floor":[68,68,68,68,68,68,68,68,68,68,68,68,68,68,68,68,68,68,68,68,68,68,68,68,68,68,68,68,68,68,68,68,68],"card_choices":[{"not_picked":["Glacier","Turbo"],"picked":"Rebound","floor":1},{"not_picked":["Gash","Steam Power"],"picked":"Beam Cell","floor":2},{"not_picked":["Reprogram","Streamline"],"picked":"Go for the Eyes","floor":3},{"not_picked":["Barrage","Static Discharge"],"picked":"Double Energy","floor":4},{"not_picked":["Rebound","Auto Shields"],"picked":"Scrape","floor":7},{"not_picked":["Compile Driver","Consume"],"picked":"Go for the Eyes","floor":11},{"not_picked":["Reinforced Body","Genetic Algorithm"],"picked":"Gash","floor":13},{"not_picked":["Defragment","Hello World"],"picked":"Hologram","floor":14},{"not_picked":["Multi-Cast","Fission"],"picked":"All For One","floor":16},{"not_picked":["Blizzard","Reprogram"],"picked":"Sunder","floor":18},{"not_picked":["Leap+1","Force Field+1"],"picked":"Go for the Eyes+1","floor":19},{"not_picked":["Rebound","Redo"],"picked":"Hologram+1","floor":20},{"not_picked":["Reinforced Body","Sweeping Beam"],"picked":"Buffer","floor":22},{"not_picked":["Conserve Battery","Rebound","Loop"],"picked":"Turbo","floor":27},{"not_picked":["Leap","Blizzard+1","Auto Shields+1"],"picked":"BootSequence","floor":30},{"not_picked":["Coolheaded","Blizzard","Cold Snap"],"picked":"Stack","floor":31}],"player_experience":181430,"relics_obtained":[{"floor":6,"key":"Mercury Hourglass"},{"floor":7,"key":"Sundial"},{"floor":8,"key":"Blood Vial"},{"floor":9,"key":"Matryoshka"},{"floor":12,"key":"Bronze Scales"},{"floor":14,"key":"Regal Pillow"},{"floor":26,"key":"Bag of Preparation"},{"floor":26,"key":"Question Card"},{"floor":28,"key":"Smiling Mask"},{"floor":32,"key":"Potion Belt"}],"event_choices":[{"damage_healed":0,"gold_gain":0,"player_choice":"Success","damage_taken":7,"relics_obtained":["Gambling Chip"],"max_hp_gain":0,"max_hp_loss":0,"event_name":"Scrap Ooze","floor":5,"gold_loss":0},{"cards_removed":["Strike_B"],"damage_healed":0,"gold_gain":0,"player_choice":"Offered Basic","damage_taken":0,"max_hp_gain":0,"max_hp_loss":0,"event_name":"Bonfire Elementals","floor":10,"gold_loss":0},{"damage_healed":0,"gold_gain":0,"player_choice":"Ignored","damage_taken":0,"max_hp_gain":0,"max_hp_loss":0,"event_name":"Ghosts","floor":29,"gold_loss":0}],"is_beta":false,"boss_relics":[{"not_picked":["Runic Dome","Black Star"],"picked":"Nuclear Battery"}],"items_purged_floors":[21],"is_endless":false,"potions_floor_spawned":[1,7,11,14,20,22,27,30],"killed_by":"Champ","ascension_level":4}