{"gold_per_floor":[113,288,288,12,87,122,141,141,165,198,198,228,238,266,266,365,365,375,113,125,143,143,168,168,195,195,222,222,252,252,64,64,64],"floor_reached":33,"playtime":1626,"items_purged":["Doubt"],"score":615,"play_id":"3b58b749-f481-4dbc-b2c4-226d0e471a49","local_time":"20190115211738","is_ascension_mode":true,"campfire_choices":[{"data":"Perfected Strike","floor":8.0,"key":"SMITH"},{"floor":15.0,"key":"REST"},{"data":"Infernal Blade","floor":24.0,"key":"SMITH"},{"data":"Armaments","floor":28.0,"key":"SMITH"},{"data":"Perfected Strike","floor":30.0,"key":"SMITH"},{"floor":32.0,"key":"RECALL"}],"neow_cost":"NONE","seed_source_timestamp":0,"circlet_count":0,"master_deck":["AscendersBane","Strike_R+1","Strike_R+1","Strike_R+1","Strike_R+1","Strike_R+1","Defend_R+1","Defend_R+1","Defend_R+1","Defend_R+1","Bash","Perfected Strike+1","Shrug It Off","Uppercut","Infernal Blade+1","Shockwave","Second Wind","Twin Strike","Impervious","Twin Strike","Armaments+1","Fire Breathing+1","Thunderclap+1","Ghostly Armor","Pommel Strike","Perfected Strike+1","Evolve"],"special_seed":0,"relics":["Burning Blood","NeowsBlessing","Sling","Champion Belt","Pen Nib","Bronze Scales","Question Card","Bottled Flame","Oddly Smooth Stone","Eternal Feather","Gremlin Horn","Boot","Ornamental Fan","Thread and Needle","PreservedInsect","Mummified Hand","Regal Pillow"],"potions_floor_usage":[33],"damage_taken":[{"damage":0.0,"enemies":"Jaw Worm","floor":1.0,"turns":1.0},{"damage":0.0,"enemies":"Gremlin Nob","floor":6.0,"turns":1.0},{"damage":0.0,"enemies":"2 Louse","floor":7.0,"turns":1.0},{"damage":30.0,"enemies":"3 Sentries","floor":10.0,"turns":5.0},{"damage":25.0,"enemies":"Lagavulin","floor":12.0,"turns":4.0},{"damage":6.0,"enemies":"Small Slimes","floor":13.0,"turns":2.0},{"damage":11.0,"enemies":"3 Sentries","floor":14.0,"turns":4.0},{"damage":33.0,"enemies":"Slime Boss","floor":16.0,"turns":9.0},{"damage":16.0,"enemies":"3 Byrds","floor":18.0,"turns":3.0},{"damage":6.0,"enemies":"Chosen","floor":20.0,"turns":4.0},{"damage":19.0,"enemies":"Centurion and Healer","floor":21.0,"turns":6.0},{"damage":5.0,"enemies":"Gremlin Leader","floor":23.0,"turns":5.0},{"damage":19.0,"enemies":"Book of Stabbing","floor":25.0,"turns":4.0},{"damage":0.0,"enemies":"Gremlin Leader","floor":27.0,"turns":6.0},{"damage":8.0,"enemies":"Book of Stabbing","floor":29.0,"turns":4.0},{"damage":80,"enemies":"Collector","floor":33,"turns":7}],"seed_played":"2505373510993668642","potions_obtained":[{"floor":6.0,"key":"PowerPotion"},{"floor":16.0,"key":"Regen Potion"},{"floor":21.0,"key":"LiquidBronze"},{"floor":23.0,"key":"Weak Potion"}],"is_trial":false,"path_per_floor":["M","?","?","$","?","E","M","R","T","E","?","E","M","E","R","B",null,"M","$","M","M","?","E","R","E","T","E","R","E","R","$","R","B"],"character_chosen":"IRONCLAD","items_purchased":["Sling","Gremlin Horn","Regal Pillow","Evolve"],"campfire_rested":1,"item_purchase_floors":[4,19,31,31],"current_hp_per_floor":[78,78,62,62,51,57,63,63,63,39,39,20,20,15,39,12,63,53,53,53,55,55,56,68,55,55,61,76,74,80,80,80,0],"gold":64,"neow_bonus":"THREE_ENEMY_KILL","is_prod":false,"is_daily":false,"chose_seed":false,"campfire_upgraded":4,"win_rate":0,"timestamp":1547579858,"path_taken":["M","?","?","$","?","E","M","R","T","E","?","E","M","E","R","BOSS","M","$","M","M","?","E","R","E","T","E","R","E","R","$","R","BOSS"],"build_version":"2019-01-14v2","purchased_purges":1,"victory":false,"max_hp_per_floor":[80,80,80,80,80,80,80,80,80,80,80,80,80,80,80,80,80,80,80,80,80,80,80,80,80,80,80,80,80,80,80,80,80],"card_choices":[{"not_picked":["Second Wind","Havoc"],"picked":"Perfected Strike","floor":1.0},{"not_picked":["Spot Weakness","Anger"],"picked":"Shrug It Off","floor":6.0},{"not_picked":["Clash","Battle Trance"],"picked":"Uppercut","floor":7.0},{"not_picked":["Shrug It Off","Burning Pact"],"picked":"Infernal Blade","floor":10.0},{"not_picked":["Corruption","Intimidate","Fire Breathing"],"picked":"Shockwave","floor":12.0},{"not_picked":["True Grit","Cleave","Fire Breathing"],"picked":"Second Wind","floor":13.0},{"not_picked":["Burning Pact","Headbutt","Corruption"],"picked":"Twin Strike","floor":14.0},{"not_picked":["Dark Embrace","Limit Break","Double Tap"],"picked":"Impervious","floor":16.0},{"not_picked":["Cleave+1","Pummel+1","Headbutt"],"picked":"Twin Strike","floor":18.0},{"not_picked":["Flex","Heavy Blade","Spot Weakness"],"picked":"Armaments","floor":20.0},{"not_picked":["Feel No Pain","Headbutt","Havoc"],"picked":"Fire Breathing+1","floor":21.0},{"not_picked":["Power Through","Body Slam+1","Heavy Blade+1"],"picked":"Thunderclap+1","floor":23.0},{"not_picked":["Fire Breathing","Heavy Blade","Power Through"],"picked":"Ghostly Armor","floor":25.0},{"not_picked":["Berserk","Flame Barrier","Armaments"],"picked":"Pommel Strike","floor":27.0},{"not_picked":["Dual Wield","Cleave","Wild Strike"],"picked":"Perfected Strike","floor":29.0}],"player_experience":372282,"relics_obtained":[{"floor":6.0,"key":"Champion Belt"},{"floor":9.0,"key":"Pen Nib"},{"floor":10.0,"key":"Bronze Scales"},{"floor":12.0,"key":"Bottled Flame"},{"floor":14.0,"key":"Oddly Smooth Stone"},{"floor":23.0,"key":"Boot"},{"floor":25.0,"key":"Ornamental Fan"},{"floor":26.0,"key":"Thread and Needle"},{"floor":27.0,"key":"PreservedInsect"},{"floor":29.0,"key":"Mummified Hand"}],"event_choices":[{"damage_healed":0.0,"max_hp_gain":0.0,"max_hp_loss":0.0,"gold_gain":175.0,"event_name":"Liars Game","player_choice":"AGREE","floor":2.0,"gold_loss":0.0,"damage_taken":0.0,"cards_obtained":["Doubt"]},{"damage_healed":0.0,"max_hp_gain":0.0,"max_hp_loss":0.0,"gold_gain":0.0,"event_name":"Shining Light","player_choice":"Entered Light","floor":3.0,"gold_loss":0.0,"damage_taken":16.0,"cards_upgraded":["Strike_R","Strike_R"]},{"damage_healed":0.0,"max_hp_gain":0.0,"max_hp_loss":0.0,"gold_gain":75.0,"event_name":"World of Goop","player_choice":"Gather Gold","floor":5.0,"gold_loss":0.0,"damage_taken":11.0},{"damage_healed":0.0,"max_hp_gain":0.0,"max_hp_loss":0.0,"gold_gain":0.0,"event_name":"Dead Adventurer","player_choice":"Searched \u00271\u0027 times","floor":11.0,"gold_loss":0.0,"damage_taken":0.0,"relics_obtained":["Question Card"]},{"damage_healed":0.0,"max_hp_gain":0.0,"max_hp_loss":0.0,"gold_gain":0.0,"event_name":"Back to Basics","player_choice":"Simplicity","floor":22.0,"gold_loss":0.0,"damage_taken":0.0,"cards_upgraded":["Strike_R","Strike_R","Strike_R","Defend_R","Defend_R","Defend_R","Defend_R"]}],"is_beta":true,"boss_relics":[{"not_picked":["Empty Cage","Astrolabe"],"picked":"Eternal Feather"}],"items_purged_floors":[4],"is_endless":false,"potions_floor_spawned":[6,16,21,23],"killed_by":"Collector","ascension_level":11}