{"path_per_floor":["M","M","?","M","M","R","M","M","T","R","M","M","$","?","R","B",null,"M","M","$"],"character_chosen":"THE_SILENT","items_purchased":["Leg Sweep","Slice","Dagger Throw","Noxious Fumes"],"gold_per_floor":[19,30,30,44,56,56,69,89,144,144,164,182,32,53,53,149,149,159,171,92,92],"floor_reached":21,"campfire_rested":1,"playtime":2439,"item_purchase_floors":[13,13,13,20],"current_hp_per_floor":[62,60,53,53,48,48,48,45,45,66,66,62,62,57,57,55,70,49,43,43,0],"items_purged":[],"gold":92,"score":225,"play_id":"edfa7bae-b83d-479e-9d3f-6639d7462e2a","local_time":"20180605231538","is_prod":false,"is_daily":false,"chose_seed":false,"is_ascension_mode":false,"campfire_upgraded":2,"win_rate":0.0,"timestamp":1528233338,"campfire_choices":[{"data":"Noxious Fumes","floor":6,"key":"SMITH"},{"floor":10,"key":"REST"},{"data":"Envenom","floor":15,"key":"SMITH"}],"path_taken":["M","M","?","M","M","R","M","?","T","R","M","M","$","?","R","BOSS","M","M","$","M"],"build_version":"2018-05-31","seed_source_timestamp":21289504775491,"purchased_purges":0,"victory":false,"master_deck":["Defend_G","Defend_G","Defend_G","Defend_G","Strike_G","Survivor","Neutralize","Underhanded Strike","Deflect","Flechettes","PiercingWail","Noxious Fumes+1","Poisoned Stab","Tools of the Trade","Poisoned Stab","Unload","Prepared","Bane","PiercingWail","Acrobatics","Envenom+1","Deadly Poison","Deadly Poison","Leg Sweep","Slice","Dagger Throw","PiercingWail","Corpse Explosion","Dodge and Roll+1","Backflip+1","Flying Knee+1","Catalyst","Bane","PiercingWail","PiercingWail+1","Noxious Fumes"],"max_hp_per_floor":[70,70,70,70,70,70,70,70,70,70,70,70,70,70,70,70,70,70,70,70,70],"relics":["Ring of the Snake","Prayer Wheel","Juzu Bracelet","Odd Mushroom","Astrolabe"],"card_choices":[{"not_picked":["Blur","Bane"],"picked":"Flechettes","floor":1},{"not_picked":["Flying Knee","Underhanded Strike"],"picked":"PiercingWail","floor":2},{"not_picked":["Deflect","Dodge and Roll"],"picked":"Noxious Fumes","floor":4},{"not_picked":["Quick Slash","Underhanded Strike"],"picked":"Poisoned Stab","floor":4},{"not_picked":["Underhanded Strike","Quick Slash"],"picked":"Tools of the Trade","floor":5},{"not_picked":["Choke","Dodge and Roll"],"picked":"Poisoned Stab","floor":5},{"not_picked":["Predator","Escape Plan"],"picked":"Unload","floor":7},{"not_picked":["Acrobatics","Cloak And Dagger"],"picked":"Prepared","floor":7},{"not_picked":["Quick Slash","Slice"],"picked":"Bane","floor":8},{"not_picked":["Quick Slash","Riddle With Holes"],"picked":"PiercingWail","floor":8},{"not_picked":["Flying Knee","Reflex"],"picked":"Acrobatics","floor":11},{"not_picked":["Dodge and Roll","Flying Knee"],"picked":"Envenom","floor":11},{"not_picked":["Slice","Leg Sweep"],"picked":"Deadly Poison","floor":12},{"not_picked":["Prepared","Heel Hook"],"picked":"Deadly Poison","floor":12},{"not_picked":["Endless Agony","Underhanded Strike"],"picked":"PiercingWail","floor":14},{"not_picked":["After Image","A Thousand Cuts"],"picked":"Corpse Explosion","floor":16},{"not_picked":["Underhanded Strike","Finisher"],"picked":"Catalyst","floor":18},{"not_picked":["Outmaneuver","Sucker Punch"],"picked":"Bane","floor":18},{"not_picked":["All Out Attack","Bane"],"picked":"PiercingWail","floor":19},{"not_picked":["Blur+1","Masterful Stab+1"],"picked":"PiercingWail+1","floor":19}],"player_experience":70613,"potions_floor_usage":[5,16,16,16,21],"damage_taken":[{"damage":8,"enemies":"Cultist","floor":1,"turns":5},{"damage":2,"enemies":"Jaw Worm","floor":2,"turns":4},{"damage":0,"enemies":"Small Slimes","floor":4,"turns":2},{"damage":5,"enemies":"Red Slaver","floor":5,"turns":4},{"damage":0,"enemies":"2 Fungi Beasts","floor":7,"turns":3},{"damage":3,"enemies":"Exordium Wildlife","floor":8,"turns":5},{"damage":0,"enemies":"3 Louse","floor":11,"turns":3},{"damage":4,"enemies":"Looter","floor":12,"turns":3},{"damage":5,"enemies":"The Mushroom Lair","floor":14,"turns":3},{"damage":2,"enemies":"Hexaghost","floor":16,"turns":8},{"damage":21,"enemies":"2 Thieves","floor":18,"turns":5},{"damage":6,"enemies":"3 Byrds","floor":19,"turns":6},{"damage":54,"enemies":"3 Cultists","floor":21,"turns":6}],"relics_obtained":[{"floor":9,"key":"Juzu Bracelet"},{"floor":14,"key":"Odd Mushroom"}],"event_choices":[{"event_name":"Scrap Ooze","player_choice":"success","floor":3,"damage_taken":7},{"event_name":"Mushrooms","player_choice":"Fought Mushrooms","floor":14,"damage_taken":0}],"boss_relics":[{"not_picked":["White Beast Statue","Cursed Key"],"picked":"Astrolabe"}],"items_purged_floors":[],"potions_floor_spawned":[1,4,12,14,19],"seed_played":"-9145662880918782350","killed_by":"3 Cultists","ascension_level":0,"potions_obtained":[{"floor":1,"key":"EssenceOfSteel"},{"floor":4,"key":"Strength Potion"},{"floor":12,"key":"Explosive Potion"},{"floor":14,"key":"SkillPotion"},{"floor":19,"key":"Dexterity Potion"}],"is_trial":false}