{"gold_per_floor":[115,127,127,144,58,93,93,118,118,118],"floor_reached":10,"playtime":467,"items_purged":[],"score":152,"play_id":"fca36e83-9e83-4e37-91a5-949cb3d7850a","local_time":"20190210102025","is_ascension_mode":true,"campfire_choices":[{"floor":7,"key":"REST"}],"neow_cost":"CURSE","seed_source_timestamp":1669898705896642,"circlet_count":0,"master_deck":["AscendersBane","Strike_R","Strike_R","Strike_R","Strike_R","Strike_R","Defend_R","Defend_R","Defend_R","Defend_R","Bash","Perfected Strike","Clothesline","Sentinel","Carnage","Reaper","Flame Barrier"],"relics":["Burning Blood","Gremlin Horn","Frozen Egg 2","Self Forming Clay"],"potions_floor_usage":[6,8],"damage_taken":[{"damage":9,"enemies":"Jaw Worm","floor":1,"turns":3},{"damage":9,"enemies":"2 Louse","floor":2,"turns":2},{"damage":4,"enemies":"Small Slimes","floor":4,"turns":3},{"damage":31,"enemies":"Gremlin Nob","floor":6,"turns":4},{"damage":52,"enemies":"Lagavulin","floor":8,"turns":7},{"damage":27,"enemies":"Gremlin Nob","floor":10,"turns":4}],"seed_played":"4864271959875581140","potions_obtained":[{"floor":1,"key":"LiquidBronze"},{"floor":6,"key":"LiquidBronze"}],"is_trial":false,"path_per_floor":["M","M","?","M","$","E","R","E","T","E"],"character_chosen":"IRONCLAD","items_purchased":["Carnage"],"campfire_rested":1,"item_purchase_floors":[5],"current_hp_per_floor":[79,76,69,71,71,46,72,26,26,0],"gold":118,"neow_bonus":"TWENTY_PERCENT_HP_BONUS","is_prod":false,"is_daily":false,"chose_seed":false,"campfire_upgraded":0,"win_rate":0,"timestamp":1549786825,"path_taken":["M","M","?","M","$","E","R","E","T","E"],"build_version":"2019-02-06","purchased_purges":0,"victory":false,"max_hp_per_floor":[89,89,89,89,89,89,89,89,89,89],"card_choices":[{"not_picked":["Warcry","Sword Boomerang"],"picked":"Perfected Strike","floor":1},{"not_picked":["Clash","Hemokinesis"],"picked":"Clothesline","floor":2},{"not_picked":["Intimidate","Cleave"],"picked":"Sentinel","floor":4},{"not_picked":["Wild Strike","Brutality"],"picked":"Reaper","floor":6},{"not_picked":["Seeing Red","Sentinel"],"picked":"Flame Barrier","floor":8}],"player_experience":463011,"relics_obtained":[{"floor":6,"key":"Gremlin Horn"},{"floor":8,"key":"Frozen Egg 2"},{"floor":9,"key":"Self Forming Clay"}],"event_choices":[{"cards_removed":["Writhe"],"damage_healed":0,"gold_gain":0,"player_choice":"Card Removal","damage_taken":7,"max_hp_gain":0,"max_hp_loss":0,"event_name":"Golden Wing","floor":3,"gold_loss":0}],"is_beta":true,"boss_relics":[],"items_purged_floors":[],"is_endless":false,"potions_floor_spawned":[1,6],"killed_by":"Gremlin Nob","ascension_level":20}