{"gold_per_floor":[110,126,138,157,209,209,237,237,237,255,288,304,17,47,47,148,148,166,183,62,62,62,90,90,124,124,6,40,60,117,132,132,235,235,253,273,14,14,31,59,72,72,72,105,105,136,154,167,167,167],"floor_reached":51,"playtime":4773,"items_purged":[],"score":1281,"play_id":"f5ede8b2-2404-4efa-9bdf-3a87609bdf8d","local_time":"20190524192504","is_ascension_mode":true,"campfire_choices":[{"floor":6,"key":"REST"},{"floor":8,"key":"REST"},{"floor":15,"key":"REST"},{"floor":24,"key":"REST"},{"floor":32,"key":"REST"},{"floor":45,"key":"REST"},{"floor":49,"key":"REST"}],"neow_cost":"NONE","seed_source_timestamp":181152325346993,"circlet_count":0,"master_deck":["AscendersBane","Strike_B+1","Strike_B+1","Strike_B+1","Strike_B+1","Defend_B+1","Defend_B+1","Defend_B+1","Defend_B+1","Sweeping Beam","Conserve Battery","Cold Snap","Cold Snap","Defragment","Steam","Compile Driver+1","Conserve Battery","BootSequence","Echo Form","Beam Cell+1","Rebound","Redo+1","Compile Driver","Apotheosis+1","Self Repair","Cold Snap","Undo+1","Redo+1","Core Surge","Coolheaded+1","Leap+1","Skim+1","Undo+1","BootSequence+1","Streamline","Go for the Eyes+1"],"relics":["Nuclear Battery","Strawberry","Blood Vial","Shuriken","Omamori","Membership Card","Boot","Regal Pillow","Lizard Tail","Pear","Toxic Egg 2","Meat on the Bone","Bottled Flame","The Courier","Tiny Chest","Empty Cage","Sling","Juzu Bracelet","Potion Belt","Whetstone","Bag of Preparation","Bottled Lightning","Letter Opener","StoneCalendar","Symbiotic Virus"],"potions_floor_usage":[4,11,16,23,23,25,28,28,33,40,46,50,50,50,50],"damage_taken":[{"damage":0,"enemies":"Cultist","floor":1,"turns":4},{"damage":1,"enemies":"Small Slimes","floor":2,"turns":3},{"damage":1,"enemies":"2 Louse","floor":3,"turns":3},{"damage":17,"enemies":"Exordium Wildlife","floor":4,"turns":3},{"damage":22,"enemies":"3 Sentries","floor":7,"turns":8},{"damage":9,"enemies":"3 Louse","floor":10,"turns":4},{"damage":27,"enemies":"Gremlin Nob","floor":11,"turns":4},{"damage":3,"enemies":"Exordium Thugs","floor":12,"turns":5},{"damage":12,"enemies":"Lagavulin","floor":14,"turns":7},{"damage":25,"enemies":"The Guardian","floor":16,"turns":14},{"damage":17,"enemies":"Spheric Guardian","floor":18,"turns":7},{"damage":13,"enemies":"Shell Parasite","floor":19,"turns":6},{"damage":49,"enemies":"Book of Stabbing","floor":23,"turns":8},{"damage":10,"enemies":"Gremlin Leader","floor":25,"turns":8},{"damage":24,"enemies":"Book of Stabbing","floor":28,"turns":6},{"damage":13,"enemies":"Centurion and Healer","floor":29,"turns":6},{"damage":27,"enemies":"Slavers","floor":30,"turns":6},{"damage":20,"enemies":"Snake Plant","floor":31,"turns":4},{"damage":6,"enemies":"Champ","floor":33,"turns":9},{"damage":14,"enemies":"3 Shapes","floor":35,"turns":8},{"damage":15,"enemies":"3 Darklings","floor":36,"turns":5},{"damage":23,"enemies":"4 Shapes","floor":39,"turns":13},{"damage":50,"enemies":"Reptomancer","floor":40,"turns":10},{"damage":0,"enemies":"Jaw Worm Horde","floor":41,"turns":7},{"damage":12,"enemies":"Nemesis","floor":44,"turns":9},{"damage":27,"enemies":"Giant Head","floor":46,"turns":12},{"damage":12,"enemies":"Spire Growth","floor":47,"turns":7},{"damage":8,"enemies":"Maw","floor":48,"turns":7},{"damage":51,"enemies":"Awakened One","floor":50,"turns":10}],"seed_played":"-6153075248827284491","potions_obtained":[{"floor":1,"key":"PowerPotion"},{"floor":3,"key":"FearPotion"},{"floor":11,"key":"SpeedPotion"},{"floor":14,"key":"Ancient Potion"},{"floor":16,"key":"Regen Potion"},{"floor":18,"key":"Block Potion"},{"floor":25,"key":"Weak Potion"},{"floor":28,"key":"SpeedPotion"},{"floor":31,"key":"PowerPotion"},{"floor":39,"key":"LiquidBronze"},{"floor":41,"key":"Weak Potion"},{"floor":44,"key":"LiquidBronze"},{"floor":46,"key":"Strength Potion"},{"floor":48,"key":"Ancient Potion"}],"is_trial":false,"path_per_floor":["M","M","M","M","T","R","E","R","T","M","E","M","$","E","R","B",null,"M","M","$","?","?","E","R","E","T","$","E","M","E","M","R","B",null,"M","M","$","?","M","E","M","T","T","E","R","E","M","M","R","B",null],"character_chosen":"DEFECT","items_purchased":["Membership Card","Boot","Conserve Battery","Pear","Apotheosis+1","Regen Potion","Sling","Juzu Bracelet","Potion Belt","Whetstone"],"campfire_rested":7,"item_purchase_floors":[13,13,13,20,27,27,37,37,37,37],"current_hp_per_floor":[68,67,66,49,56,80,58,82,82,73,48,47,47,37,76,53,75,60,49,59,89,89,54,92,82,82,82,74,70,67,49,91,92,92,85,72,72,92,79,53,65,65,65,65,92,75,75,79,92,53],"gold":167,"neow_bonus":"BOSS_RELIC","is_prod":false,"is_daily":false,"chose_seed":false,"campfire_upgraded":0,"win_rate":0,"timestamp":1558715104,"path_taken":["M","M","?","M","?","R","E","R","T","?","E","M","?","E","R","BOSS","M","?","$","?","?","E","R","E","T","$","E","?","E","M","R","BOSS","M","M","$","?","M","E","M","?","T","E","R","E","M","M","R","BOSS"],"build_version":"2019-01-23","purchased_purges":0,"victory":true,"max_hp_per_floor":[75,75,75,75,82,82,82,82,82,82,82,82,82,82,82,82,82,82,82,92,92,92,92,92,92,92,92,92,92,92,92,92,92,92,92,92,92,92,92,92,92,92,92,92,92,92,92,92,92,92],"card_choices":[{"not_picked":["BootSequence","Ball Lightning"],"picked":"Sweeping Beam","floor":1},{"not_picked":["Barrage","Genetic Algorithm"],"picked":"Conserve Battery","floor":2},{"not_picked":["Beam Cell","Compile Driver"],"picked":"Cold Snap","floor":3},{"not_picked":["Coolheaded","Chaos"],"picked":"Cold Snap","floor":4},{"not_picked":["Aggregate","Amplify"],"picked":"Defragment","floor":7},{"not_picked":["Gash","Stack"],"picked":"Steam","floor":10},{"not_picked":["Darkness","Barrage","Turbo"],"picked":"SKIP","floor":11},{"not_picked":["Turbo","Heatsinks"],"picked":"Compile Driver","floor":12},{"not_picked":["Tempest","Glacier"],"picked":"BootSequence","floor":14},{"not_picked":["Reboot","Seek"],"picked":"Echo Form","floor":16},{"not_picked":["Hologram+1","Go for the Eyes"],"picked":"Beam Cell","floor":18},{"not_picked":["Coolheaded","Amplify"],"picked":"Rebound","floor":19},{"not_picked":["Leap","Rainbow"],"picked":"Redo","floor":23},{"not_picked":["Steam Power+1","Hyperbeam"],"picked":"Compile Driver","floor":25},{"not_picked":["Reinforced Body+1","Darkness+1"],"picked":"Self Repair","floor":28},{"not_picked":["Double Energy+1","Beam Cell"],"picked":"Cold Snap","floor":29},{"not_picked":["Beam Cell+1","Rebound"],"picked":"Undo+1","floor":30},{"not_picked":["Steam+1","Leap+1"],"picked":"Redo+1","floor":31},{"not_picked":["Fission+1","Multi-Cast+1"],"picked":"Core Surge","floor":33},{"not_picked":["Hologram+1","Stack+1"],"picked":"Coolheaded+1","floor":35},{"not_picked":["Redo+1","Rebound"],"picked":"Leap+1","floor":36},{"not_picked":["Hyperbeam","Darkness+1"],"picked":"Skim+1","floor":39},{"not_picked":["Chill+1","Storm+1"],"picked":"Undo+1","floor":40},{"not_picked":["Steam+1","Hologram+1"],"picked":"BootSequence+1","floor":41},{"not_picked":["Storm","BootSequence+1"],"picked":"Streamline","floor":44},{"not_picked":["Machine Learning","Ball Lightning","Chill+1"],"picked":"SKIP","floor":46},{"not_picked":["Reprogram+1","Defragment"],"picked":"Go for the Eyes+1","floor":47},{"not_picked":["Go for the Eyes","Barrage","Sweeping Beam"],"picked":"SKIP","floor":48}],"player_experience":496096,"relics_obtained":[{"floor":5,"key":"Strawberry"},{"floor":7,"key":"Blood Vial"},{"floor":9,"key":"Shuriken"},{"floor":11,"key":"Omamori"},{"floor":14,"key":"Regal Pillow"},{"floor":23,"key":"Toxic Egg 2"},{"floor":25,"key":"Meat on the Bone"},{"floor":26,"key":"Bottled Flame"},{"floor":28,"key":"The Courier"},{"floor":30,"key":"Tiny Chest"},{"floor":40,"key":"Bag of Preparation"},{"floor":42,"key":"Bottled Lightning"},{"floor":43,"key":"Letter Opener"},{"floor":44,"key":"StoneCalendar"},{"floor":46,"key":"Symbiotic Virus"}],"event_choices":[{"damage_healed":30,"gold_gain":0,"player_choice":"Heal","damage_taken":0,"max_hp_gain":0,"max_hp_loss":0,"event_name":"The Library","floor":21,"gold_loss":0},{"damage_healed":0,"gold_gain":0,"player_choice":"Simplicity","damage_taken":0,"max_hp_gain":0,"max_hp_loss":0,"event_name":"Back to Basics","floor":22,"gold_loss":0,"cards_upgraded":["Strike_B","Strike_B","Strike_B","Strike_B","Defend_B","Defend_B","Defend_B","Defend_B"]},{"damage_healed":23,"gold_gain":0,"player_choice":"Writhe","damage_taken":0,"max_hp_gain":0,"max_hp_loss":0,"event_name":"Winding Halls","floor":38,"gold_loss":0,"cards_obtained":["Writhe"]}],"is_beta":false,"boss_relics":[{"not_picked":["Runic Dome","Ectoplasm"],"picked":"Lizard Tail"},{"not_picked":["Velvet Choker","Orrery"],"picked":"Empty Cage"}],"items_purged_floors":[],"is_endless":false,"potions_floor_spawned":[1,3,11,14,16,18,25,28,31,39,41,44,46,48],"ascension_level":10}