{"gold_per_floor":[99,99,99,99,99,99,99,99,99,99],"floor_reached":10,"playtime":576,"items_purged":[],"score":152,"play_id":"c347810a-4a28-49ee-abbd-ae178629a34b","local_time":"20190524191456","is_ascension_mode":true,"campfire_choices":[{"data":"Predator","floor":7,"key":"SMITH"}],"neow_cost":"NONE","seed_source_timestamp":22126793866900,"circlet_count":0,"master_deck":["AscendersBane","Defend_G","Defend_G","Defend_G","Defend_G","Defend_G","Strike_G","Strike_G","Strike_G","Strike_G","Strike_G","Survivor","Neutralize+1","Dagger Throw","Predator+1","Footwork","PiercingWail","Dagger Spray"],"relics":["Ectoplasm","Golden Idol","Pen Nib","Peace Pipe","Bottled Lightning"],"potions_floor_usage":[6,8,10],"damage_taken":[{"damage":6,"enemies":"Cultist","floor":1,"turns":5},{"damage":0,"enemies":"Small Slimes","floor":3,"turns":4},{"damage":0,"enemies":"2 Louse","floor":4,"turns":3},{"damage":12,"enemies":"3 Sentries","floor":6,"turns":6},{"damage":38,"enemies":"Gremlin Nob","floor":8,"turns":5},{"damage":3,"enemies":"Large Slime","floor":10,"turns":3}],"seed_played":"-4548297991470257562","potions_obtained":[{"floor":3,"key":"AttackPotion"},{"floor":6,"key":"GamblersBrew"},{"floor":8,"key":"SteroidPotion"}],"is_trial":false,"path_per_floor":["M","?","M","M","?","E","R","E","T","M"],"character_chosen":"THE_SILENT","items_purchased":[],"campfire_rested":0,"item_purchase_floors":[],"current_hp_per_floor":[53,53,53,53,53,41,41,3,3,0],"gold":99,"neow_bonus":"BOSS_RELIC","is_prod":false,"is_daily":false,"chose_seed":false,"campfire_upgraded":1,"win_rate":0,"timestamp":1558750496,"path_taken":["M","?","M","M","?","E","R","E","T","M"],"build_version":"2019-01-23","purchased_purges":0,"victory":false,"max_hp_per_floor":[66,66,66,66,60,60,60,60,60,60],"card_choices":[{"not_picked":["Blade Dance","Sucker Punch"],"picked":"Dagger Throw","floor":1},{"not_picked":["Expertise","Flechettes"],"picked":"Predator","floor":3},{"not_picked":["Infinite Blades","Skewer"],"picked":"Footwork","floor":4},{"not_picked":["Crippling Poison","Dagger Spray"],"picked":"PiercingWail","floor":6},{"not_picked":["Envenom","Masterful Stab"],"picked":"Dagger Spray","floor":8}],"player_experience":1440103,"relics_obtained":[{"floor":6,"key":"Pen Nib"},{"floor":8,"key":"Peace Pipe"},{"floor":9,"key":"Bottled Lightning"}],"event_choices":[{"damage_healed":0,"gold_gain":0,"player_choice":"Grow","damage_taken":0,"max_hp_gain":0,"max_hp_loss":0,"event_name":"Living Wall","floor":2,"gold_loss":0,"cards_upgraded":["Neutralize"]},{"damage_healed":0,"gold_gain":0,"player_choice":"Lose Max HP","damage_taken":0,"relics_obtained":["Golden Idol"],"max_hp_gain":0,"max_hp_loss":6,"event_name":"Golden Idol","floor":5,"gold_loss":0}],"is_beta":false,"boss_relics":[],"items_purged_floors":[],"is_endless":false,"potions_floor_spawned":[3,6,8],"killed_by":"Large Slime","ascension_level":20}