{"gold_per_floor":[218,218,22,34,45,72,99,99,126,139,157,157,107,132,132,235,235,247,247,247,447,466,491,591,591,616,616,491,491,503,537,537,640,640,651,751,651,668,686,686,686,696,696,135,146,146,146,162,162,162],"floor_reached":51,"playtime":3076,"items_purged":["Strike_B","Defend_B","Defend_B"],"score":822,"play_id":"22703564-a866-4081-be09-9df27a052a99","local_time":"20190322215326","is_ascension_mode":true,"campfire_choices":[{"data":"Zap","floor":8,"key":"SMITH"},{"data":"Coolheaded","floor":12,"key":"SMITH"},{"data":"Electrodynamics","floor":15,"key":"SMITH"},{"data":"Glacier","floor":27,"key":"SMITH"},{"floor":29,"key":"REST"},{"floor":32,"key":"REST"},{"data":"Creative AI","floor":40,"key":"SMITH"},{"floor":41,"key":"REST"},{"data":"Rainbow","floor":46,"key":"SMITH"},{"floor":49,"key":"REST"}],"neow_cost":"NONE","seed_source_timestamp":230139373628,"circlet_count":0,"master_deck":["Defend_B+1","Zap+1","Dualcast+1","Capacitor+1","Rainbow+1","Glacier+1","BootSequence+1","Ball Lightning+1","Coolheaded+1","Electrodynamics+1","Creative AI+1","Barrage+1","Consume+1","Consume+1","Glacier+1","Steam+1","Echo Form+1","Multi-Cast+1","Go for the Eyes+1","Defragment+1","Coolheaded+1","Parasite","Undo+1"],"relics":["Cracked Core","Runic Capacitor","Pen Nib","Bag of Marbles","Vajra","Letter Opener","Empty Cage","Nilry\u0027s Codex","Juzu Bracelet","WingedGreaves","Bottled Lightning","Orichalcum","Art of War","Busted Crown","Kunai","ClockworkSouvenir","Mark of the Bloom"],"potions_floor_usage":[16,23,24,24,24,24,30,31,50,50,50],"damage_taken":[{"damage":2,"enemies":"Jaw Worm","floor":1,"turns":3},{"damage":0,"enemies":"Cultist","floor":4,"turns":3},{"damage":0,"enemies":"2 Louse","floor":5,"turns":3},{"damage":9,"enemies":"Lagavulin","floor":6,"turns":6},{"damage":0,"enemies":"Blue Slaver","floor":10,"turns":3},{"damage":3,"enemies":"2 Fungi Beasts","floor":11,"turns":3},{"damage":4,"enemies":"3 Sentries","floor":14,"turns":8},{"damage":11,"enemies":"The Guardian","floor":16,"turns":9},{"damage":2,"enemies":"Chosen","floor":18,"turns":4},{"damage":2,"enemies":"3 Byrds","floor":22,"turns":3},{"damage":2,"enemies":"Book of Stabbing","floor":23,"turns":4},{"damage":15,"enemies":"Colosseum Slavers","floor":24,"turns":3},{"damage":2,"enemies":"Colosseum Nobs","floor":24,"turns":3},{"damage":15,"enemies":"Shelled Parasite and Fungi","floor":30,"turns":4},{"damage":19,"enemies":"Slavers","floor":31,"turns":3},{"damage":11,"enemies":"Automaton","floor":33,"turns":6},{"damage":0,"enemies":"3 Shapes","floor":35,"turns":4},{"damage":0,"enemies":"Orb Walker","floor":38,"turns":5},{"damage":11,"enemies":"3 Darklings","floor":39,"turns":4},{"damage":0,"enemies":"Jaw Worm Horde","floor":42,"turns":3},{"damage":0,"enemies":"Sphere and 2 Shapes","floor":45,"turns":4},{"damage":4,"enemies":"Writhing Mass","floor":48,"turns":5},{"damage":9,"enemies":"Time Eater","floor":50,"turns":8}],"seed_played":"-6193958839741829744","potions_obtained":[{"floor":1,"key":"Dexterity Potion"},{"floor":4,"key":"Ancient Potion"},{"floor":6,"key":"Poison Potion"},{"floor":10,"key":"EntropicBrew"},{"floor":16,"key":"PowerPotion"},{"floor":22,"key":"Energy Potion"},{"floor":24,"key":"Fire Potion"},{"floor":30,"key":"FairyPotion"},{"floor":33,"key":"Ancient Potion"},{"floor":38,"key":"GamblersBrew"},{"floor":42,"key":"SkillPotion"},{"floor":48,"key":"PowerPotion"}],"is_trial":false,"path_per_floor":["M","?","$","M","M","E","T","R","T","M","M","R","?","E","R","B",null,"M","?","?","?","M","E","?","?","T","R","$","R","M","E","R","B",null,"M","?","$","M","M","R","R","M","T","$","M","R","?","M","R","B",null],"character_chosen":"DEFECT","items_purchased":["Runic Capacitor","PowerPotion","Defragment","Coolheaded","ClockworkSouvenir","EntropicBrew"],"campfire_rested":4,"item_purchase_floors":[3,28,44,44,44,44],"current_hp_per_floor":[73,73,73,73,73,64,64,64,64,64,61,61,61,57,57,46,75,73,73,57,57,55,53,36,22,22,22,22,46,31,12,36,25,80,80,80,80,80,69,69,80,80,80,80,80,80,80,76,76,67],"gold":162,"neow_bonus":"HUNDRED_GOLD","is_prod":false,"is_daily":false,"chose_seed":false,"campfire_upgraded":6,"win_rate":0,"timestamp":1553316806,"path_taken":["M","?","$","?","M","E","?","R","T","M","?","R","?","E","R","BOSS","M","?","?","?","M","E","?","?","T","R","$","R","M","E","R","BOSS","M","?","$","M","M","R","R","M","T","$","M","R","?","M","R","BOSS"],"build_version":"2019-01-23","purchased_purges":3,"victory":true,"max_hp_per_floor":[75,75,75,75,75,75,75,75,75,75,75,75,75,75,75,75,75,75,75,75,75,75,75,75,80,80,80,80,80,80,80,80,80,80,80,80,80,80,80,80,80,80,80,80,80,80,80,80,80,80],"card_choices":[{"not_picked":["BootSequence","Heatsinks"],"picked":"Capacitor","floor":1},{"not_picked":["Barrage","Reinforced Body"],"picked":"Glacier","floor":4},{"not_picked":["Sweeping Beam","FTL"],"picked":"BootSequence","floor":5},{"not_picked":["Meteor Strike","Blizzard"],"picked":"Ball Lightning","floor":6},{"not_picked":["Ball Lightning","Reprogram","Hologram"],"picked":"SKIP","floor":10},{"not_picked":["Reinforced Body","Leap"],"picked":"Coolheaded","floor":11},{"not_picked":["Capacitor","Glacier"],"picked":"Electrodynamics","floor":14},{"not_picked":["Buffer","Meteor Strike"],"picked":"Creative AI","floor":16},{"not_picked":["Skim+1","Force Field"],"picked":"Barrage","floor":18},{"not_picked":["Rebound","Static Discharge+1"],"picked":"Consume+1","floor":22},{"not_picked":["Reprogram","Force Field","BootSequence"],"picked":"SKIP","floor":23},{"not_picked":["Sweeping Beam","Genetic Algorithm+1"],"picked":"Glacier","floor":24},{"not_picked":["Conserve Battery","Melter"],"picked":"Steam+1","floor":30},{"not_picked":["Go for the Eyes+1","Redo"],"picked":"Echo Form","floor":31},{"not_picked":["Amplify","Reboot"],"picked":"Multi-Cast","floor":33},{"not_picked":["Rip and Tear"],"picked":"SKIP","floor":35},{"not_picked":[],"picked":"Go for the Eyes+1","floor":38},{"not_picked":["Gash+1"],"picked":"SKIP","floor":39},{"not_picked":["Doom and Gloom"],"picked":"SKIP","floor":42},{"not_picked":["Melter+1"],"picked":"SKIP","floor":45},{"not_picked":[],"picked":"Undo+1","floor":48}],"player_experience":215559,"relics_obtained":[{"floor":6,"key":"Pen Nib"},{"floor":7,"key":"Bag of Marbles"},{"floor":9,"key":"Vajra"},{"floor":14,"key":"Letter Opener"},{"floor":20,"key":"Nilry\u0027s Codex"},{"floor":23,"key":"Juzu Bracelet"},{"floor":24,"key":"WingedGreaves"},{"floor":24,"key":"Bottled Lightning"},{"floor":26,"key":"Orichalcum"},{"floor":31,"key":"Art of War"},{"floor":43,"key":"Kunai"}],"event_choices":[{"damage_healed":0,"gold_gain":0,"cards_transformed":["Strike_B"],"player_choice":"Transformed","damage_taken":0,"max_hp_gain":0,"max_hp_loss":0,"event_name":"Transmorgrifier","floor":2,"gold_loss":0,"cards_obtained":["Rainbow"]},{"cards_removed":["Strike_B"],"damage_healed":0,"gold_gain":0,"player_choice":"Card Removal","damage_taken":0,"max_hp_gain":0,"max_hp_loss":0,"event_name":"The Cleric","floor":13,"gold_loss":50},{"damage_healed":0,"gold_gain":0,"player_choice":"Read","damage_taken":0,"max_hp_gain":0,"max_hp_loss":0,"event_name":"The Library","floor":19,"gold_loss":0,"cards_obtained":["Consume"]},{"damage_healed":0,"gold_gain":0,"player_choice":"Obtained Book","damage_taken":16,"max_hp_gain":0,"max_hp_loss":0,"event_name":"Cursed Tome","floor":20,"gold_loss":0},{"damage_healed":0,"gold_gain":200,"player_choice":"Gold","damage_taken":0,"max_hp_gain":0,"max_hp_loss":0,"event_name":"Wheel of Change","floor":21,"gold_loss":0},{"damage_healed":0,"gold_gain":0,"player_choice":"Fight","damage_taken":0,"max_hp_gain":0,"max_hp_loss":0,"event_name":"Colosseum","floor":24,"gold_loss":0},{"damage_healed":0,"gold_gain":0,"player_choice":"Fought Nobs","damage_taken":0,"max_hp_gain":0,"max_hp_loss":0,"event_name":"Colosseum","floor":24,"gold_loss":0},{"damage_healed":0,"gold_gain":0,"player_choice":"Shed Blood","damage_taken":19,"max_hp_gain":5,"max_hp_loss":0,"event_name":"Forgotten Altar","floor":25,"gold_loss":0},{"damage_healed":0,"gold_gain":100,"player_choice":"Pray","damage_taken":0,"max_hp_gain":0,"max_hp_loss":0,"event_name":"Golden Shrine","floor":36,"gold_loss":0},{"damage_healed":0,"gold_gain":0,"player_choice":"Upgrade","damage_taken":0,"relics_obtained":["Mark of the Bloom"],"max_hp_gain":0,"max_hp_loss":0,"event_name":"MindBloom","floor":47,"gold_loss":0,"cards_upgraded":["Defend_B","Dualcast","Capacitor","Glacier","BootSequence","Ball Lightning","Barrage","Consume","Echo Form","Multi-Cast","Defragment","Coolheaded"]}],"is_beta":false,"boss_relics":[{"not_picked":["Runic Dome","White Beast Statue"],"picked":"Empty Cage"},{"not_picked":["Fusion Hammer","Black Star"],"picked":"Busted Crown"}],"items_purged_floors":[28,37,44],"is_endless":false,"potions_floor_spawned":[1,4,6,10,16,22,24,30,33,38,42,48],"ascension_level":4}