{"path_per_floor":["M","M","?","?","M","R","M","R","T","R","$","M","?","M","R","B",null,"M","?","?","M"],"character_chosen":"DEFECT","items_purchased":[],"gold_per_floor":[119,131,131,96,112,112,122,122,195,195,195,205,205,220,220,319,319,331,331,331,343,343],"floor_reached":22,"campfire_rested":0,"playtime":2827,"item_purchase_floors":[],"current_hp_per_floor":[58,55,41,58,56,56,56,56,56,56,56,56,56,54,54,31,68,44,28,28,18,0],"items_purged":[],"gold":343,"score":176,"play_id":"2f1152cb-0080-4c30-9074-73d09efd242e","local_time":"20180605190152","is_prod":false,"is_daily":false,"chose_seed":false,"is_ascension_mode":false,"campfire_upgraded":4,"win_rate":0.0,"timestamp":1528218112,"campfire_choices":[{"data":"Creative AI","floor":6,"key":"SMITH"},{"data":"Gash","floor":8,"key":"SMITH"},{"data":"Gash","floor":10,"key":"SMITH"},{"data":"Go for the Eyes","floor":15,"key":"SMITH"}],"path_taken":["M","?","?","?","M","R","M","R","T","R","$","M","?","M","R","BOSS","M","?","?","M","M"],"build_version":"2018-05-31","seed_source_timestamp":5672698933751,"purchased_purges":0,"victory":false,"master_deck":["Strike_B","Strike_B","Strike_B","Strike_B+1","Defend_B","Defend_B","Defend_B","Defend_B","Zap+1","Dualcast","Creative AI+1","Gash+1","Steam","Gash+1","BootSequence","Rebound","Go for the Eyes+1","Biased Cognition","Gash"],"max_hp_per_floor":[68,68,68,68,68,68,68,68,68,68,68,68,68,68,68,68,68,68,68,68,68,68],"relics":["Cracked Core","Toolbox","Inserter","Enchiridion"],"card_choices":[{"not_picked":["Reboot","Amplify"],"picked":"Creative AI","floor":0},{"not_picked":["Capacitor","Barrage"],"picked":"Gash","floor":1},{"not_picked":["Ball Lightning","Hologram"],"picked":"Steam","floor":2},{"not_picked":["Hologram","Coolheaded"],"picked":"Gash","floor":5},{"not_picked":["Chaos","Sweeping Beam"],"picked":"BootSequence","floor":7},{"not_picked":["Hologram","Beam Cell"],"picked":"Rebound","floor":12},{"not_picked":["Rip and Tear","White Noise"],"picked":"Go for the Eyes","floor":14},{"not_picked":["Reboot","Buffer"],"picked":"Biased Cognition","floor":16},{"not_picked":["Heatsinks","Ball Lightning"],"picked":"Gash","floor":18},{"not_picked":["Blizzard","Barrage","Storm"],"picked":"SKIP","floor":21}],"player_experience":59473,"potions_floor_usage":[16,16,18,22],"damage_taken":[{"damage":10,"enemies":"Cultist","floor":1,"turns":4},{"damage":3,"enemies":"Jaw Worm","floor":2,"turns":4},{"damage":2,"enemies":"Small Slimes","floor":5,"turns":3},{"damage":0,"enemies":"Looter","floor":7,"turns":3},{"damage":0,"enemies":"2 Fungi Beasts","floor":12,"turns":3},{"damage":2,"enemies":"Blue Slaver","floor":14,"turns":3},{"damage":23,"enemies":"The Guardian","floor":16,"turns":9},{"damage":24,"enemies":"Shell Parasite","floor":18,"turns":6},{"damage":10,"enemies":"2 Thieves","floor":21,"turns":4},{"damage":22,"enemies":"Snake Plant","floor":22,"turns":3}],"relics_obtained":[{"floor":9,"key":"Toolbox"},{"floor":19,"key":"Enchiridion"}],"event_choices":[{"event_name":"Shining Light","player_choice":"Entered Light","floor":3,"damage_taken":0},{"event_name":"The Cleric","player_choice":"Healed","floor":4,"damage_taken":0},{"event_name":"Liars Game","player_choice":"disagreed","floor":13,"damage_taken":0},{"event_name":"Cursed Tome","player_choice":"Obtained Book","floor":19,"damage_taken":0},{"event_name":"The Mausoleum","player_choice":"No","floor":20,"damage_taken":0}],"boss_relics":[{"not_picked":["Calling Bell","Black Star"],"picked":"Inserter"}],"items_purged_floors":[],"potions_floor_spawned":[1,2,12,16],"seed_played":"6238021376906872240","killed_by":"Snake Plant","ascension_level":0,"potions_obtained":[{"floor":1,"key":"SteroidPotion"},{"floor":2,"key":"GamblersBrew"},{"floor":12,"key":"Poison Potion"},{"floor":16,"key":"AttackPotion"}],"is_trial":false}