{"path_per_floor":["M","?","M","M","M","M","R","$","T","R","M","$","?","M","R","B",null,"M","M","$"],"character_chosen":"THE_SILENT","items_purchased":["Panache","PiercingWail","Quick Slash","Footwork","Acrobatics"],"gold_per_floor":[119,119,134,157,181,204,204,29,53,53,76,1,32,48,48,174,174,99,119,23,23],"floor_reached":21,"campfire_rested":2,"playtime":2189,"item_purchase_floors":[8,12,12,20,20],"current_hp_per_floor":[62,45,42,42,42,35,56,56,56,56,52,52,37,29,50,29,70,54,34,34,0],"items_purged":[],"gold":23,"score":171,"play_id":"29f1f574-ca56-440e-8168-cca46312847b","local_time":"20180605223431","is_prod":false,"is_daily":false,"chose_seed":false,"is_ascension_mode":false,"campfire_upgraded":1,"win_rate":0.0,"timestamp":1528230871,"campfire_choices":[{"floor":7,"key":"REST"},{"data":"Panache","floor":10,"key":"SMITH"},{"floor":15,"key":"REST"}],"path_taken":["M","?","M","M","M","M","R","?","T","R","M","$","?","M","R","BOSS","M","M","$","M"],"build_version":"2018-05-31","seed_source_timestamp":19072424745739,"purchased_purges":0,"victory":false,"master_deck":["Defend_G","Defend_G","Defend_G","Defend_G","Defend_G","Strike_G","Strike_G","Strike_G","Strike_G","Strike_G","Survivor","Neutralize","Flying Knee","Slice","Sucker Punch","Outmaneuver","Well Laid Plans","Panache+1","Prepared","PiercingWail","Quick Slash","Adrenaline","Deflect","Envenom","Flying Knee","Acrobatics","Footwork","Acrobatics"],"max_hp_per_floor":[70,70,70,70,70,70,70,70,70,70,70,70,70,70,70,70,70,70,70,70,70],"relics":["Ring of the Snake","Golden Idol","Ancient Tea Set","Odd Mushroom","Runic Pyramid"],"card_choices":[{"not_picked":["Masterful Stab","Backflip"],"picked":"Flying Knee","floor":1},{"not_picked":["Dodge and Roll","Dagger Spray"],"picked":"Slice","floor":3},{"not_picked":["Blade Dance","Dagger Spray"],"picked":"Sucker Punch","floor":4},{"not_picked":["Reflex","All Out Attack"],"picked":"Outmaneuver","floor":5},{"not_picked":["Footwork","Outmaneuver"],"picked":"Well Laid Plans","floor":6},{"not_picked":["Bouncing Flask","Dagger Spray"],"picked":"Prepared","floor":11},{"not_picked":["Catalyst","PiercingWail"],"picked":"Adrenaline","floor":13},{"not_picked":["Dagger Throw","Backflip"],"picked":"Deflect","floor":14},{"not_picked":["Tools of the Trade","Corpse Explosion"],"picked":"Envenom","floor":16},{"not_picked":["Bane","Outmaneuver"],"picked":"Flying Knee","floor":18},{"not_picked":["Skewer","Eviscerate"],"picked":"Acrobatics","floor":19}],"player_experience":68424,"potions_floor_usage":[11,16,16,16,18,21],"damage_taken":[{"damage":8,"enemies":"Small Slimes","floor":1,"turns":4},{"damage":3,"enemies":"2 Louse","floor":3,"turns":3},{"damage":0,"enemies":"Cultist","floor":4,"turns":3},{"damage":0,"enemies":"Blue Slaver","floor":5,"turns":4},{"damage":7,"enemies":"Large Slime","floor":6,"turns":10},{"damage":4,"enemies":"Gremlin Gang","floor":11,"turns":6},{"damage":15,"enemies":"The Mushroom Lair","floor":13,"turns":4},{"damage":8,"enemies":"Exordium Wildlife","floor":14,"turns":3},{"damage":21,"enemies":"Hexaghost","floor":16,"turns":10},{"damage":16,"enemies":"2 Thieves","floor":18,"turns":5},{"damage":20,"enemies":"Shell Parasite","floor":19,"turns":8},{"damage":39,"enemies":"Sentry and Sphere","floor":21,"turns":5}],"relics_obtained":[{"floor":9,"key":"Ancient Tea Set"},{"floor":13,"key":"Odd Mushroom"}],"event_choices":[{"event_name":"Golden Idol","player_choice":"Take Damage","floor":2,"damage_taken":0},{"event_name":"Mushrooms","player_choice":"Fought Mushrooms","floor":13,"damage_taken":0}],"boss_relics":[{"not_picked":["Cursed Key","Snecko Eye"],"picked":"Runic Pyramid"}],"items_purged_floors":[],"potions_floor_spawned":[3,5,13,14,16,19],"seed_played":"-3703157519817191263","killed_by":"Sentry and Sphere","ascension_level":0,"potions_obtained":[{"floor":3,"key":"SpeedPotion"},{"floor":5,"key":"Block Potion"},{"floor":13,"key":"Fire Potion"},{"floor":14,"key":"EssenceOfSteel"},{"floor":16,"key":"Poison Potion"},{"floor":19,"key":"FearPotion"}],"is_trial":false}