{"gold_per_floor":[117,128,128,140,140,140,153,118,143,187,187,203,222,235,235,235],"floor_reached":16,"playtime":367,"items_purged":[],"score":104,"play_id":"40b25c72-2f10-4ca9-ace6-c81991850ecb","local_time":"20190508210945","is_ascension_mode":false,"campfire_choices":[{"data":"Armaments","floor":6,"key":"SMITH"},{"data":"Rampage","floor":11,"key":"SMITH"},{"data":"Carnage","floor":15,"key":"SMITH"}],"neow_cost":"NONE","seed_source_timestamp":964661299624380,"circlet_count":0,"master_deck":["Strike_R","Strike_R","Strike_R","Strike_R","Strike_R","Defend_R+1","Defend_R+1","Defend_R","Defend_R","Bash","True Grit+1","Armaments+1","Rampage+1","Carnage+1","Pommel Strike"],"relics":["Burning Blood","NeowsBlessing","Golden Idol","War Paint","PreservedInsect"],"potions_floor_usage":[14],"damage_taken":[{"damage":0,"enemies":"Jaw Worm","floor":1,"turns":1},{"damage":0,"enemies":"2 Louse","floor":2,"turns":1},{"damage":0,"enemies":"Cultist","floor":4,"turns":1},{"damage":2,"enemies":"Blue Slaver","floor":7,"turns":7},{"damage":26,"enemies":"3 Sentries","floor":10,"turns":10},{"damage":1,"enemies":"3 Louse","floor":12,"turns":4},{"damage":0,"enemies":"Large Slime","floor":13,"turns":5},{"damage":6,"enemies":"Exordium Wildlife","floor":14,"turns":5},{"damage":0,"enemies":"Hexaghost","floor":16,"turns":1}],"seed_played":"-8262571227939826756","potions_obtained":[{"floor":4,"key":"Ancient Potion"},{"floor":7,"key":"Strength Potion"},{"floor":12,"key":"Explosive Potion"},{"floor":14,"key":"Regen Potion"}],"is_trial":false,"path_per_floor":["M","M","?","M","?","R","M","?","T","E","R","M","M","M","R","B"],"character_chosen":"IRONCLAD","items_purchased":[],"campfire_rested":0,"item_purchase_floors":[],"current_hp_per_floor":[80,80,80,80,60,60,64,80,80,60,60,65,71,71,71,71],"gold":235,"neow_bonus":"THREE_ENEMY_KILL","is_prod":false,"is_daily":false,"chose_seed":false,"campfire_upgraded":3,"win_rate":0,"timestamp":1557374985,"path_taken":["M","M","?","M","?","R","M","?","T","E","R","?","?","M","R","BOSS"],"build_version":"2019-01-23","purchased_purges":0,"victory":false,"max_hp_per_floor":[80,80,80,80,80,80,80,80,80,80,80,80,80,80,80,80],"card_choices":[{"not_picked":["Cleave","Searing Blow","Rage"],"picked":"SKIP","floor":1},{"not_picked":["Cleave","Searing Blow","Rage"],"picked":"SKIP","floor":1},{"not_picked":["Perfected Strike","Rage"],"picked":"True Grit","floor":2},{"not_picked":["Flex","True Grit"],"picked":"Armaments","floor":4},{"not_picked":["Dropkick","Wild Strike"],"picked":"Rampage","floor":7},{"not_picked":["Dual Wield","Twin Strike","Havoc"],"picked":"SKIP","floor":10},{"not_picked":["Body Slam","Armaments"],"picked":"Carnage","floor":12},{"not_picked":["Heavy Blade","Havoc","Anger"],"picked":"SKIP","floor":13},{"not_picked":["Iron Wave","Entrench"],"picked":"Pommel Strike","floor":14}],"player_experience":342026,"relics_obtained":[{"floor":9,"key":"War Paint"},{"floor":10,"key":"PreservedInsect"}],"event_choices":[{"damage_healed":0,"gold_gain":0,"player_choice":"Grow","damage_taken":0,"max_hp_gain":0,"max_hp_loss":0,"event_name":"Living Wall","floor":3,"gold_loss":0,"cards_upgraded":["True Grit"]},{"damage_healed":0,"gold_gain":0,"player_choice":"Take Damage","damage_taken":20,"relics_obtained":["Golden Idol"],"max_hp_gain":0,"max_hp_loss":0,"event_name":"Golden Idol","floor":5,"gold_loss":0},{"damage_healed":20,"gold_gain":0,"player_choice":"Healed","damage_taken":0,"max_hp_gain":0,"max_hp_loss":0,"event_name":"The Cleric","floor":8,"gold_loss":35}],"is_beta":false,"boss_relics":[],"items_purged_floors":[],"is_endless":false,"potions_floor_spawned":[4,7,12,14],"killed_by":"Hexaghost","ascension_level":0}