{"gold_per_floor":[109,109,109,130,146,146,186,186,186,32,51,21,21,55,55,176,176,190,52,52,67,90,90,113,113,113,113,113,129,143,159,159,284,284,300,364,364,364,384,419,419,248,248,248,92,92,53,71,71,71],"floor_reached":50,"playtime":4792,"items_purged":[],"score":503,"play_id":"7b5234ba-9824-4242-a29f-b24919350286","local_time":"20190526163348","is_ascension_mode":false,"campfire_choices":[{"data":"Uppercut","floor":6.0,"key":"SMITH"},{"data":"Inflame","floor":8.0,"key":"SMITH"},{"floor":13.0,"key":"REST"},{"data":"Armaments","floor":15.0,"key":"SMITH"},{"floor":23.0,"key":"REST"},{"data":"Double Tap","floor":25.0,"key":"SMITH"},{"data":"Reaper","floor":28.0,"key":"SMITH"},{"data":"Double Tap","floor":32.0,"key":"SMITH"},{"floor":41,"key":"REST"},{"floor":44,"key":"REST"},{"data":"Shrug It Off","floor":49,"key":"SMITH"}],"neow_cost":"NONE","seed_source_timestamp":0,"circlet_count":0,"master_deck":["Strike_R","Strike_R","Strike_R","Strike_R","Defend_R","Defend_R","Defend_R","Defend_R","Bash","Uppercut+1","Spot Weakness","Injury","Intimidate","Inflame+1","Reaper+1","Ghostly Armor","Armaments+1","Flex","Demon Form","Shrug It Off+1","Double Tap+1","Disarm+1","Pummel+1","Pommel Strike+1","Double Tap+1","Cleave+1","Reaper+1","Spot Weakness+1","Disarm","Cleave+1","Seeing Red+1","Entrench+1","Shockwave+1","Chrysalis","Ghostly Armor","Clothesline+1"],"special_seed":0,"relics":["Burning Blood","Darkstone Periapt","Golden Idol","Letter Opener","Pantograph","Bronze Scales","Mercury Hourglass","Runic Pyramid","Shuriken","Orrery","Magic Flower","Matryoshka","Whetstone","Omamori","Strawberry"],"potions_floor_usage":[50,50,50],"damage_taken":[{"damage":1.0,"enemies":"Cultist","floor":1.0,"turns":4.0},{"damage":12.0,"enemies":"Small Slimes","floor":4.0,"turns":3.0},{"damage":4.0,"enemies":"2 Louse","floor":5.0,"turns":5.0},{"damage":27.0,"enemies":"Lagavulin","floor":7.0,"turns":8.0},{"damage":19.0,"enemies":"Blue Slaver","floor":11.0,"turns":4.0},{"damage":5.0,"enemies":"Looter","floor":12.0,"turns":4.0},{"damage":47.0,"enemies":"Gremlin Nob","floor":14.0,"turns":5.0},{"damage":30.0,"enemies":"Slime Boss","floor":16.0,"turns":10.0},{"damage":35.0,"enemies":"Spheric Guardian","floor":18.0,"turns":6.0},{"damage":22.0,"enemies":"2 Thieves","floor":21.0,"turns":4.0},{"damage":22.0,"enemies":"Sentry and Sphere","floor":22.0,"turns":5.0},{"damage":24.0,"enemies":"3 Cultists","floor":24.0,"turns":5.0},{"damage":26.0,"enemies":"Snake Plant","floor":29.0,"turns":5.0},{"damage":9.0,"enemies":"Centurion and Healer","floor":30.0,"turns":7.0},{"damage":19.0,"enemies":"Sentry and Sphere","floor":31.0,"turns":4.0},{"damage":94.0,"enemies":"Automaton","floor":33.0,"turns":9.0},{"damage":24,"enemies":"3 Shapes","floor":35,"turns":5},{"damage":64,"enemies":"2 Orb Walkers","floor":36,"turns":5},{"damage":7,"enemies":"Orb Walker","floor":39,"turns":2},{"damage":56,"enemies":"Reptomancer","floor":40,"turns":4},{"damage":52,"enemies":"Transient","floor":48,"turns":5},{"damage":88,"enemies":"Donu and Deca","floor":50,"turns":6}],"seed_played":"2957202564762577217","potions_obtained":[{"floor":1.0,"key":"Dexterity Potion"},{"floor":11.0,"key":"Weak Potion"},{"floor":14.0,"key":"Explosive Potion"},{"floor":16.0,"key":"Weak Potion"},{"floor":29.0,"key":"SkillPotion"},{"floor":36,"key":"FearPotion"}],"is_trial":false,"path_per_floor":["M","T","?","M","M","R","E","R","T","$","M","M","R","E","R","B",null,"M","$","?","M","M","R","M","R","T","?","R","M","M","M","R","B",null,"M","?","?","?","M","E","R","$","T","R","$","?","$","M","R","B"],"character_chosen":"IRONCLAD","items_purchased":["Bronze Scales","Double Tap","Chrysalis","Strawberry","Ghostly Armor"],"campfire_rested":4,"item_purchase_floors":[10,19,42,45,47],"current_hp_per_floor":[80,80,86,80,82,82,61,61,61,61,58,66,86,45,45,76,86,57,57,57,55,39,64,68,68,68,68,68,61,71,61,61,32,86,86,52,52,75,75,28,50,50,50,72,79,78,78,62,62,0],"gold":71,"neow_bonus":"TRANSFORM_CARD","is_prod":false,"is_daily":false,"chose_seed":false,"campfire_upgraded":7,"win_rate":1,"timestamp":1558913628,"path_taken":["M","?","?","M","M","R","E","R","T","$","M","M","R","E","R","BOSS","M","$","?","M","M","R","M","R","T","?","R","M","M","M","R","BOSS","M","?","?","?","M","E","R","$","T","R","?","?","$","M","R","BOSS"],"build_version":"2019-01-23","purchased_purges":0,"victory":false,"max_hp_per_floor":[80,80,86,86,86,86,86,86,86,86,86,86,86,86,86,86,86,86,86,86,86,86,86,86,86,86,86,86,86,86,86,86,86,86,86,86,86,75,75,75,75,75,75,75,82,78,78,78,78,78],"card_choices":[{"not_picked":["Twin Strike","Anger"],"picked":"Spot Weakness","floor":1.0},{"not_picked":["Carnage","Iron Wave"],"picked":"Intimidate","floor":4.0},{"not_picked":["Bloodletting","Entrench"],"picked":"Inflame","floor":5.0},{"not_picked":["Blood for Blood","Searing Blow"],"picked":"Reaper","floor":7.0},{"not_picked":["Bloodletting","Anger"],"picked":"Ghostly Armor","floor":11.0},{"not_picked":["Fire Breathing","Iron Wave"],"picked":"Armaments","floor":12.0},{"not_picked":["Perfected Strike","Headbutt"],"picked":"Flex","floor":14.0},{"not_picked":["Reaper","Dark Embrace"],"picked":"Demon Form","floor":16.0},{"not_picked":["Intimidate","Dual Wield"],"picked":"Shrug It Off","floor":18.0},{"not_picked":["Headbutt","Body Slam","Perfected Strike"],"picked":"SKIP","floor":21.0},{"not_picked":["Clothesline","Anger"],"picked":"Disarm+1","floor":22.0},{"not_picked":["Rampage","Hemokinesis"],"picked":"Pummel+1","floor":24.0},{"not_picked":["Perfected Strike+1","Headbutt"],"picked":"Pommel Strike+1","floor":29.0},{"not_picked":["Rampage","Body Slam"],"picked":"Double Tap","floor":30.0},{"not_picked":["Twin Strike+1","Clash+1"],"picked":"Cleave+1","floor":31.0},{"not_picked":["Offering","Feed"],"picked":"Reaper","floor":33.0},{"not_picked":["Corruption","Sword Boomerang"],"picked":"Spot Weakness+1","floor":34},{"not_picked":["Thunderclap","Iron Wave"],"picked":"Disarm","floor":34},{"not_picked":["Burning Pact+1","Battle Trance+1"],"picked":"Cleave","floor":35},{"not_picked":["Headbutt+1","Clash"],"picked":"Seeing Red+1","floor":36},{"not_picked":["Inflame+1","Combust"],"picked":"Entrench+1","floor":39},{"not_picked":["Seeing Red","Barricade"],"picked":"Shockwave+1","floor":40},{"not_picked":["Headbutt","Heavy Blade"],"picked":"Clothesline+1","floor":48}],"player_experience":20627,"relics_obtained":[{"floor":2.0,"key":"Darkstone Periapt"},{"floor":7.0,"key":"Letter Opener"},{"floor":9.0,"key":"Pantograph"},{"floor":14.0,"key":"Mercury Hourglass"},{"floor":26.0,"key":"Shuriken"},{"floor":36,"key":"Magic Flower"},{"floor":40,"key":"Matryoshka"},{"floor":43,"key":"Whetstone"},{"floor":43,"key":"Omamori"}],"event_choices":[{"damage_healed":0.0,"max_hp_gain":0.0,"max_hp_loss":0.0,"gold_gain":0.0,"event_name":"Golden Idol","player_choice":"Take Wound","floor":3.0,"gold_loss":0.0,"damage_taken":0.0,"relics_obtained":["Golden Idol"],"cards_obtained":["Injury"]},{"damage_healed":0.0,"max_hp_gain":0.0,"max_hp_loss":0.0,"gold_gain":0.0,"event_name":"Beggar","player_choice":"Ignored","floor":20.0,"gold_loss":0.0,"damage_taken":0.0},{"damage_healed":0.0,"max_hp_gain":0.0,"max_hp_loss":0.0,"gold_gain":0.0,"event_name":"Ghosts","player_choice":"Ignored","floor":27.0,"gold_loss":0.0,"damage_taken":0.0},{"damage_healed":0,"gold_gain":0,"player_choice":"Fight","damage_taken":0,"max_hp_gain":0,"max_hp_loss":0,"event_name":"Mysterious Sphere","floor":36,"gold_loss":0},{"damage_healed":0,"gold_gain":0,"player_choice":"Ignored","damage_taken":0,"max_hp_gain":0,"max_hp_loss":0,"event_name":"Tomb of Lord Red Mask","floor":37,"gold_loss":0},{"damage_healed":75,"gold_gain":0,"player_choice":"Heal","damage_taken":0,"max_hp_gain":0,"max_hp_loss":11,"event_name":"The Moai Head","floor":38,"gold_loss":0},{"damage_healed":0,"gold_gain":0,"player_choice":"Max HP","damage_taken":0,"max_hp_gain":0,"max_hp_loss":4,"event_name":"Winding Halls","floor":46,"gold_loss":0}],"is_beta":false,"boss_relics":[{"not_picked":["Astrolabe","Fusion Hammer"],"picked":"Runic Pyramid"},{"not_picked":["Coffee Dripper","Runic Cube"],"picked":"Orrery"}],"items_purged_floors":[],"is_endless":false,"potions_floor_spawned":[1,11,14,16,18,29,36],"killed_by":"Donu and Deca","ascension_level":0}