{"path_per_floor":["M","M","?","?","$","R","E","R","T","E","?","M","M","$","R","B",null,"M","?","?","M","M","R","E","?","T","?","R","$","R","T","R","B",null,"M","$","?","?","M","R","E","R","T","E","M","?","M","T","R","B"],"character_chosen":"DEFECT","items_purchased":["Self Repair","Defragment","Apotheosis"],"gold_per_floor":[115,129,129,129,48,48,77,77,77,110,110,124,139,60,60,157,157,172,172,172,187,203,203,231,146,170,170,170,170,170,170,170,265,265,282,89,89,89,108,108,142,142,142,168,185,185,205,205,205,205],"floor_reached":51,"campfire_rested":6,"playtime":2362,"item_purchase_floors":[5,14,36],"current_hp_per_floor":[78,66,59,34,34,58,29,53,53,50,50,50,62,62,62,20,82,77,77,57,57,47,47,8,8,8,8,25,25,42,42,42,45,59,31,31,31,31,24,41,48,48,48,42,44,44,32,32,50,63],"items_purged":[],"gold":205,"score":907,"play_id":"3e5f1c3b-d181-4bd5-8335-fe5b7a3ca81d","local_time":"20180526160637","is_prod":false,"is_daily":false,"chose_seed":false,"is_ascension_mode":true,"campfire_upgraded":4,"win_rate":0,"timestamp":1527339997,"campfire_choices":[{"floor":6,"key":"REST"},{"floor":8,"key":"REST"},{"data":"Defragment","floor":15,"key":"SMITH"},{"data":"Storm","floor":23,"key":"SMITH"},{"floor":28,"key":"REST"},{"floor":30,"key":"REST"},{"data":"Electrodynamics","floor":32,"key":"SMITH"},{"floor":40,"key":"REST"},{"data":"Apotheosis","floor":42,"key":"SMITH"},{"floor":49,"key":"REST"}],"path_taken":["M","M","?","?","$","R","E","R","T","E","?","?","M","?","R","BOSS","M","?","?","M","?","R","E","?","T","?","R","$","R","?","R","BOSS","M","$","?","?","M","R","E","R","T","E","M","?","?","?","R","BOSS"],"build_version":"2018-05-25","seed_source_timestamp":750811757433388,"purchased_purges":0,"victory":true,"master_deck":["Defend_B","Defend_B","Defend_B","Defend_B","Dualcast","Force Field","Defragment+1","Self Repair","Echo Form","White Noise","Hello World","Doom and Gloom","Defragment+1","Core Surge","Storm+1","Go for the Eyes","Force Field","Leap","Lockon","Bite","Bite","Bite","Bite","Force Field+1","Electrodynamics+1","Cold Snap","White Noise","Apotheosis+1","Storm+1","Loop+1","Defragment+1"],"max_hp_per_floor":[82,82,82,82,82,82,82,82,82,82,82,82,82,82,82,82,82,82,82,57,57,57,57,57,57,57,57,57,57,57,57,57,59,59,59,59,59,59,59,59,59,59,59,61,61,61,63,63,63,63],"relics":["Cracked Core","Happy Flower","Kunai","Bag of Preparation","Symbiotic Virus","Orrery","Pantograph","Unceasing Top","Ancient Tea Set","Singing Bowl","Cables","Nuclear Battery","Vajra","Blood Vial","Omamori","Centennial Puzzle"],"card_choices":[{"not_picked":["Rebound","Steam"],"picked":"Force Field","floor":1},{"not_picked":["Steam","Hologram"],"picked":"Defragment","floor":2},{"not_picked":["Leap","Stack"],"picked":"Echo Form","floor":7},{"not_picked":["Stack","Rainbow"],"picked":"White Noise","floor":10},{"not_picked":["Beam Cell","Coolheaded"],"picked":"Hello World","floor":12},{"not_picked":["Beam Cell","Barrage"],"picked":"Doom and Gloom","floor":13},{"not_picked":["Rainbow","Creative AI"],"picked":"Core Surge","floor":16},{"not_picked":["Turbo","Hologram"],"picked":"Storm","floor":17},{"not_picked":["Rebound","Recycle"],"picked":"Go for the Eyes","floor":17},{"not_picked":["Redo","Barrage"],"picked":"Force Field","floor":17},{"not_picked":["Turbo","Rainbow"],"picked":"Leap","floor":17},{"not_picked":["Go for the Eyes","Aggregate"],"picked":"Lockon","floor":18},{"not_picked":["Redo","Hologram+1"],"picked":"Force Field+1","floor":21},{"not_picked":["Conserve Battery+1","Steam+1"],"picked":"Electrodynamics","floor":22},{"not_picked":["Redo","Stack+1"],"picked":"Cold Snap","floor":24},{"not_picked":["Core Surge","Electrodynamics","Biased Cognition"],"picked":"Singing Bowl","floor":33},{"not_picked":["Go for the Eyes","Stack"],"picked":"White Noise","floor":35},{"not_picked":["Ball Lightning","Coolheaded+1"],"picked":"Storm+1","floor":39},{"not_picked":["Seek","Turbo"],"picked":"Loop+1","floor":41},{"not_picked":["Gash+1","Steam Power","Sunder"],"picked":"Singing Bowl","floor":44},{"not_picked":["Double Energy+1","Redo"],"picked":"Defragment+1","floor":45},{"not_picked":["Stack","Turbo+1","Cold Snap"],"picked":"Singing Bowl","floor":47}],"player_experience":230227,"potions_floor_usage":[13,16,24,24,39,50,50],"damage_taken":[{"damage":4,"enemies":"Jaw Worm","floor":1,"turns":4},{"damage":12,"enemies":"Small Slimes","floor":2,"turns":2},{"damage":36,"enemies":"Gremlin Nob","floor":7,"turns":4},{"damage":10,"enemies":"Lagavulin","floor":10,"turns":7},{"damage":7,"enemies":"2 Louse","floor":12,"turns":2},{"damage":2,"enemies":"2 Fungi Beasts","floor":13,"turns":3},{"damage":42,"enemies":"Hexaghost","floor":16,"turns":6},{"damage":12,"enemies":"3 Byrds","floor":18,"turns":4},{"damage":0,"enemies":"Spheric Guardian","floor":21,"turns":3},{"damage":25,"enemies":"Chosen and Byrds","floor":22,"turns":5},{"damage":48,"enemies":"Slavers","floor":24,"turns":6},{"damage":25,"enemies":"Champ","floor":33,"turns":6},{"damage":35,"enemies":"3 Shapes","floor":35,"turns":2},{"damage":16,"enemies":"Flame Bruiser 1 Orb","floor":39,"turns":3},{"damage":0,"enemies":"2 Orb Walkers","floor":41,"turns":3},{"damage":13,"enemies":"Giant Head","floor":44,"turns":4},{"damage":0,"enemies":"Maw","floor":45,"turns":3},{"damage":22,"enemies":"3 Darklings","floor":47,"turns":3},{"damage":7,"enemies":"Donu and Deca","floor":50,"turns":5}],"relics_obtained":[{"floor":7,"key":"Kunai"},{"floor":9,"key":"Bag of Preparation"},{"floor":10,"key":"Symbiotic Virus"},{"floor":24,"key":"Unceasing Top"},{"floor":26,"key":"Singing Bowl"},{"floor":31,"key":"Cables"},{"floor":41,"key":"Vajra"},{"floor":43,"key":"Blood Vial"},{"floor":44,"key":"Omamori"},{"floor":48,"key":"Centennial Puzzle"}],"event_choices":[{"event_name":"Golden Wing","player_choice":"Card Removal","floor":3,"damage_taken":0},{"event_name":"Scrap Ooze","player_choice":"success","floor":4,"damage_taken":25},{"event_name":"Living Wall","player_choice":"Grow","floor":11,"damage_taken":0},{"event_name":"The Mausoleum","player_choice":"Yes","floor":19,"damage_taken":0},{"event_name":"Vampires","player_choice":"Became a vampire","floor":20,"damage_taken":0},{"event_name":"Addict","player_choice":"Obtained Relic","floor":25,"damage_taken":0},{"event_name":"Drug Dealer","player_choice":"Ignored","floor":27,"damage_taken":0},{"event_name":"Mysterious Sphere","player_choice":"Ignore","floor":37,"damage_taken":0},{"event_name":"Bonfire Elementals","player_choice":"BASIC","floor":46,"damage_taken":0}],"boss_relics":[{"not_picked":["Snecko Eye","Black Star"],"picked":"Orrery"},{"not_picked":["White Beast Statue","Sozu"],"picked":"Nuclear Battery"}],"items_purged_floors":[],"potions_floor_spawned":[10,12,16,21,33,41,45,47],"seed_played":"5127425205737342454","ascension_level":3,"potions_obtained":[{"floor":10,"key":"Swift Potion"},{"floor":12,"key":"AttackPotion"},{"floor":16,"key":"SkillPotion"},{"floor":21,"key":"Poison Potion"},{"floor":33,"key":"GamblersBrew"},{"floor":41,"key":"Ancient Potion"},{"floor":45,"key":"SkillPotion"},{"floor":47,"key":"SpeedPotion"}],"is_trial":false}