{"gold_per_floor":[116,116,134,145,145,145,164,164,217,236,236,255,274,274,274,379,379,392,404,416,416,17,51,51,51,78,78,78,78,78,95,95,195,195,209,220,237,11,26,26,74,74,74,74,74,94,44,62,62,62],"floor_reached":50,"playtime":2165,"items_purged":["Strike_G"],"score":781,"play_id":"ff9212ba-6689-4350-820d-6e5462373154","local_time":"20190510205002","is_ascension_mode":true,"campfire_choices":[{"data":"Backflip","floor":6,"key":"SMITH"},{"data":"Cloak And Dagger","floor":8,"key":"SMITH"},{"data":"Envenom","floor":11,"key":"SMITH"},{"data":"Riddle With Holes","floor":15,"key":"SMITH"},{"floor":25,"key":"REST"},{"data":"Burst","floor":27,"key":"SMITH"},{"data":"Cloak And Dagger","floor":30,"key":"SMITH"},{"data":"Corpse Explosion","floor":32,"key":"SMITH"},{"floor":40,"key":"REST"},{"floor":42,"key":"REST"},{"floor":45,"key":"REST"},{"floor":49,"key":"REST"}],"neow_cost":"NONE","seed_source_timestamp":1134473427750031,"circlet_count":0,"master_deck":["AscendersBane","Defend_G","Defend_G","Defend_G","Defend_G","Defend_G","Strike_G+1","Strike_G+1","Strike_G+1","Survivor","Neutralize+1","Deflect","Backflip+1","Deflect","Cloak And Dagger+1","Envenom+1","Escape Plan","Riddle With Holes+1","Burst+1","Cloak And Dagger+1","Cloak And Dagger+1","Corpse Explosion+1","Envenom","Night Terror","Adrenaline","Impatience","Noxious Fumes+1","Cloak And Dagger+1"],"relics":["Ring of the Snake","Anchor","Cursed Key","Vajra","Bottled Tornado","Ancient Tea Set","Whetstone","Incense Burner","Empty Cage","Pen Nib","Tingsha"],"potions_floor_usage":[13,16,16,23,33,37,37,41,50,50],"damage_taken":[{"damage":0,"enemies":"2 Louse","floor":1,"turns":6},{"damage":0,"enemies":"Small Slimes","floor":3,"turns":3},{"damage":2,"enemies":"Cultist","floor":4,"turns":4},{"damage":3,"enemies":"3 Louse","floor":7,"turns":7},{"damage":1,"enemies":"Large Slime","floor":10,"turns":9},{"damage":0,"enemies":"Exordium Wildlife","floor":12,"turns":5},{"damage":0,"enemies":"2 Fungi Beasts","floor":13,"turns":4},{"damage":5,"enemies":"The Guardian","floor":16,"turns":10},{"damage":8,"enemies":"Shell Parasite","floor":18,"turns":5},{"damage":3,"enemies":"Chosen","floor":19,"turns":5},{"damage":15,"enemies":"Snecko","floor":20,"turns":6},{"damage":0,"enemies":"Book of Stabbing","floor":23,"turns":6},{"damage":0,"enemies":"3 Cultists","floor":31,"turns":2},{"damage":32,"enemies":"Automaton","floor":33,"turns":8},{"damage":0,"enemies":"Orb Walker","floor":35,"turns":3},{"damage":0,"enemies":"3 Shapes","floor":36,"turns":4},{"damage":13,"enemies":"Writhing Mass","floor":37,"turns":8},{"damage":12,"enemies":"3 Darklings","floor":39,"turns":4},{"damage":51,"enemies":"2 Orb Walkers","floor":41,"turns":6},{"damage":10,"enemies":"Maw","floor":46,"turns":7},{"damage":14,"enemies":"Writhing Mass","floor":48,"turns":7},{"damage":58,"enemies":"Time Eater","floor":50,"turns":6}],"seed_played":"393581001022409246","potions_obtained":[{"floor":4,"key":"Swift Potion"},{"floor":7,"key":"PowerPotion"},{"floor":10,"key":"Energy Potion"},{"floor":14,"key":"Strength Potion"},{"floor":14,"key":"Dexterity Potion"},{"floor":16,"key":"SteroidPotion"},{"floor":20,"key":"Ancient Potion"},{"floor":23,"key":"Energy Potion"},{"floor":31,"key":"PowerPotion"},{"floor":36,"key":"Explosive Potion"},{"floor":37,"key":"Dexterity Potion"},{"floor":46,"key":"Poison Potion"}],"is_trial":false,"path_per_floor":["M","?","M","M","?","R","M","R","T","M","R","M","M","?","R","B",null,"M","M","M","?","$","E","?","R","T","R","?","?","R","M","R","B",null,"M","M","M","$","M","R","?","R","T","?","R","M","$","M","R","B"],"character_chosen":"THE_SILENT","items_purchased":["Vajra","Bottled Tornado","Pen Nib","Strength Potion"],"campfire_rested":5,"item_purchase_floors":[22,22,38,47],"current_hp_per_floor":[70,55,55,53,46,46,43,43,43,42,42,42,42,42,42,37,67,59,56,41,41,41,41,41,64,64,64,64,64,64,64,64,32,64,64,64,51,51,39,61,10,32,32,32,54,44,44,30,52,0],"gold":62,"neow_bonus":"TEN_PERCENT_HP_BONUS","is_prod":false,"is_daily":false,"chose_seed":false,"campfire_upgraded":7,"win_rate":0,"timestamp":1557546602,"path_taken":["M","?","M","M","?","R","M","R","T","M","R","M","M","?","R","BOSS","M","M","?","?","$","E","?","R","T","R","?","?","R","?","R","BOSS","M","M","M","$","M","R","?","R","T","?","R","M","$","M","R","BOSS"],"build_version":"2019-01-23","purchased_purges":1,"victory":false,"max_hp_per_floor":[77,77,77,77,77,77,77,77,77,77,77,77,77,77,77,77,77,77,77,77,77,77,77,77,77,77,77,77,74,74,74,74,74,74,74,74,74,74,74,74,74,74,74,74,74,74,74,74,74,74],"card_choices":[{"not_picked":["Endless Agony","Sucker Punch"],"picked":"Deflect","floor":1},{"not_picked":["Bane","Expertise"],"picked":"Backflip","floor":3},{"not_picked":["Slice","Riddle With Holes"],"picked":"Deflect","floor":4},{"not_picked":["Flying Knee","Backstab"],"picked":"Cloak And Dagger","floor":7},{"not_picked":["Slice","Deflect"],"picked":"Envenom","floor":10},{"not_picked":["Expertise","Endless Agony"],"picked":"Escape Plan","floor":12},{"not_picked":["Dagger Spray","All Out Attack"],"picked":"Riddle With Holes","floor":13},{"not_picked":["Glass Knife","Venomology"],"picked":"Burst","floor":16},{"not_picked":["Bane","Expertise","Blade Dance"],"picked":"SKIP","floor":18},{"not_picked":["Terror","Outmaneuver+1"],"picked":"Cloak And Dagger+1","floor":19},{"not_picked":["Underhanded Strike","Flying Knee+1"],"picked":"Cloak And Dagger","floor":20},{"not_picked":["Flying Knee","Quick Slash","Dagger Throw"],"picked":"SKIP","floor":23},{"not_picked":["Dagger Spray","Flying Knee"],"picked":"Envenom","floor":31},{"not_picked":["Burst","Adrenaline"],"picked":"Night Terror","floor":33},{"not_picked":["Dagger Spray+1","Dagger Throw+1","Terror"],"picked":"SKIP","floor":35},{"not_picked":["Flying Knee+1","Deadly Poison+1","Dagger Throw+1"],"picked":"SKIP","floor":36},{"not_picked":["Acrobatics","Dagger Throw+1","Outmaneuver+1"],"picked":"SKIP","floor":37},{"not_picked":["Slice","Flying Knee","Outmaneuver"],"picked":"SKIP","floor":39},{"not_picked":["Acrobatics+1","Blade Dance+1"],"picked":"Adrenaline","floor":41},{"not_picked":["Mind Blast","Magnetism"],"picked":"Impatience","floor":44},{"not_picked":["All Out Attack+1","Reflex"],"picked":"Noxious Fumes+1","floor":46},{"not_picked":["Flying Knee","Prepared"],"picked":"Cloak And Dagger+1","floor":48}],"player_experience":355647,"relics_obtained":[{"floor":9,"key":"Anchor"},{"floor":23,"key":"Ancient Tea Set"},{"floor":26,"key":"Whetstone"},{"floor":41,"key":"Tingsha"}],"event_choices":[{"damage_healed":0,"gold_gain":0,"player_choice":"Entered Light","damage_taken":15,"max_hp_gain":0,"max_hp_loss":0,"event_name":"Shining Light","floor":2,"gold_loss":0,"cards_upgraded":["Strike_G","Neutralize"]},{"cards_removed":["Strike_G"],"damage_healed":0,"gold_gain":0,"player_choice":"Card Removal","damage_taken":7,"max_hp_gain":0,"max_hp_loss":0,"event_name":"Golden Wing","floor":5,"gold_loss":0},{"damage_healed":0,"gold_gain":0,"player_choice":"Got Potions","damage_taken":0,"max_hp_gain":0,"max_hp_loss":0,"event_name":"Lab","floor":14,"gold_loss":0},{"damage_healed":0,"gold_gain":0,"player_choice":"Ignored","damage_taken":0,"max_hp_gain":0,"max_hp_loss":0,"event_name":"Ghosts","floor":21,"gold_loss":0},{"damage_healed":0,"gold_gain":0,"player_choice":"Read","damage_taken":0,"max_hp_gain":0,"max_hp_loss":0,"event_name":"The Library","floor":24,"gold_loss":0,"cards_obtained":["Corpse Explosion"]},{"damage_healed":0,"gold_gain":0,"player_choice":"Opened","damage_taken":0,"relics_obtained":["Incense Burner"],"max_hp_gain":0,"max_hp_loss":0,"event_name":"The Mausoleum","floor":28,"gold_loss":0,"cards_obtained":["Writhe"]},{"damage_healed":0,"gold_gain":0,"cards_transformed":["Writhe","Parasite"],"player_choice":"Became Test Subject","damage_taken":0,"max_hp_gain":0,"max_hp_loss":0,"event_name":"Drug Dealer","floor":29,"gold_loss":0,"cards_obtained":["Normality","Shame"]},{"damage_healed":0,"gold_gain":0,"player_choice":"Fight","damage_taken":0,"max_hp_gain":0,"max_hp_loss":0,"event_name":"Mysterious Sphere","floor":41,"gold_loss":0},{"damage_healed":0,"gold_gain":0,"player_choice":"Memory 1","damage_taken":0,"max_hp_gain":0,"max_hp_loss":0,"event_name":"SensoryStone","floor":44,"gold_loss":0}],"is_beta":false,"boss_relics":[{"not_picked":["HoveringKite","Eternal Feather"],"picked":"Cursed Key"},{"not_picked":["Tiny House","White Beast Statue"],"picked":"Empty Cage"}],"items_purged_floors":[38],"is_endless":false,"potions_floor_spawned":[4,7,10,16,20,23,31,36,37,46],"killed_by":"Time Eater","ascension_level":10}