{"gold_per_floor":[117,117,134,153,169,169,15,41,41,12,12,12,31,50,50,128,128,139,39,39,37,37,37],"floor_reached":23,"playtime":1694,"items_purged":["Strike_G","Strike_G"],"score":382,"play_id":"3a038fd1-901a-4dc5-9d27-aff5b007c439","local_time":"20190519105022","is_ascension_mode":true,"campfire_choices":[{"data":"Dash","floor":6,"key":"SMITH"},{"floor":12,"key":"REST"},{"floor":15,"key":"REST"}],"neow_cost":"NONE","seed_source_timestamp":2453999648900,"circlet_count":0,"master_deck":["AscendersBane","Defend_G","Defend_G","Defend_G","Defend_G","Defend_G","Strike_G","Strike_G","Strike_G","Survivor","Neutralize","Dagger Throw","Noxious Fumes+1","Leg Sweep","Dash+1","Bane","Terror","Escape Plan","Bane","Poisoned Stab","PiercingWail","Glass Knife","Dash","Dagger Spray"],"special_seed":0,"relics":["Ring of the Snake","Art of War","Meat on the Bone","White Beast Statue","Regal Pillow"],"potions_floor_usage":[5,5,16,21,23],"damage_taken":[{"damage":4.0,"enemies":"Jaw Worm","floor":1.0,"turns":4.0},{"damage":6,"enemies":"Cultist","floor":3,"turns":4},{"damage":2,"enemies":"2 Louse","floor":4,"turns":3},{"damage":14,"enemies":"Exordium Thugs","floor":5,"turns":6},{"damage":30,"enemies":"Gremlin Nob","floor":8,"turns":5},{"damage":0,"enemies":"Large Slime","floor":13,"turns":4},{"damage":5,"enemies":"2 Fungi Beasts","floor":14,"turns":4},{"damage":21,"enemies":"Slime Boss","floor":16,"turns":11},{"damage":13,"enemies":"Shell Parasite","floor":18,"turns":5},{"damage":14,"enemies":"2 Thieves","floor":21,"turns":4},{"damage":49,"enemies":"Book of Stabbing","floor":23,"turns":6}],"seed_played":"339440393735223901","potions_obtained":[{"floor":1,"key":"Dexterity Potion"},{"floor":5,"key":"Fruit Juice"},{"floor":13,"key":"FearPotion"},{"floor":16,"key":"SneckoOil"},{"floor":18,"key":"Dexterity Potion"},{"floor":21,"key":"Dexterity Potion"}],"is_trial":false,"path_per_floor":["M","?","M","M","M","R","$","E","T","$","?","R","M","M","R","B",null,"M","$","?","M","T","E"],"character_chosen":"THE_SILENT","items_purchased":["Terror","Bane"],"campfire_rested":2,"item_purchase_floors":[7,10],"current_hp_per_floor":[55,55,49,47,38,38,38,8,8,8,8,29,41,36,57,36,62,49,49,49,47,47,0],"gold":37,"neow_bonus":"THREE_CARDS","is_prod":false,"is_daily":false,"chose_seed":false,"campfire_upgraded":1,"win_rate":0,"timestamp":1558288222,"path_taken":["M","?","M","?","M","R","$","E","T","$","?","R","M","M","R","BOSS","M","$","?","M","?","E"],"build_version":"2019-01-23","purchased_purges":2,"victory":false,"max_hp_per_floor":[66,66,66,66,71,71,71,71,71,71,71,71,71,71,71,71,71,71,71,71,71,71,71],"card_choices":[{"not_picked":["Cloak And Dagger","Underhanded Strike"],"picked":"Dagger Throw","floor":0.0},{"not_picked":["Deadly Poison","Sucker Punch"],"picked":"Noxious Fumes","floor":1},{"not_picked":["Dagger Throw","Accuracy"],"picked":"Leg Sweep","floor":3},{"not_picked":["Endless Agony","Underhanded Strike"],"picked":"Dash","floor":4},{"not_picked":["Prepared","Flechettes"],"picked":"Bane","floor":5},{"not_picked":["Grand Finale","Acrobatics"],"picked":"Escape Plan","floor":8},{"not_picked":["Slice","Quick Slash"],"picked":"Poisoned Stab","floor":13},{"not_picked":["Bane","Infinite Blades"],"picked":"PiercingWail","floor":14},{"not_picked":["A Thousand Cuts","Unload"],"picked":"Glass Knife","floor":16},{"not_picked":["Slice","Deadly Poison"],"picked":"Dash","floor":18},{"not_picked":["Outmaneuver","Poisoned Stab"],"picked":"Dagger Spray","floor":21}],"player_experience":1388567,"relics_obtained":[{"floor":8,"key":"Art of War"},{"floor":9,"key":"Meat on the Bone"},{"floor":22,"key":"Regal Pillow"}],"event_choices":[{"damage_healed":0,"gold_gain":0,"player_choice":"Upgraded","damage_taken":0,"max_hp_gain":0,"max_hp_loss":0,"event_name":"Upgrade Shrine","floor":2,"gold_loss":0,"cards_upgraded":["Noxious Fumes"]},{"damage_healed":0,"gold_gain":0,"player_choice":"Leave","damage_taken":0,"max_hp_gain":0,"max_hp_loss":0,"event_name":"The Cleric","floor":11,"gold_loss":0},{"damage_healed":0,"gold_gain":0,"player_choice":"Ignored","damage_taken":0,"max_hp_gain":0,"max_hp_loss":0,"event_name":"Ghosts","floor":20,"gold_loss":0}],"is_beta":false,"boss_relics":[{"not_picked":["WristBlade","Lizard Tail"],"picked":"White Beast Statue"}],"items_purged_floors":[7,19],"is_endless":false,"potions_floor_spawned":[1,5,13,16,18,21],"killed_by":"Book of Stabbing","ascension_level":20}