{"path_per_floor":["M","?","M","?","M","M","R","M","T","?","$","E","$","?","R","B",null,"M","M","?","?","$","?","E","?","T","M","M","R","M"],"character_chosen":"THE_SILENT","items_purchased":["Apotheosis","Bouncing Flask","Transmutation","Distraction"],"gold_per_floor":[116,191,209,174,187,198,198,216,216,216,19,50,13,13,13,116,146,159,173,173,273,37,37,68,68,68,84,97,97,117],"floor_reached":31,"campfire_rested":2,"playtime":3591,"current_hp_per_floor":[66,55,55,70,69,68,68,66,66,66,66,40,40,40,61,20,75,50,38,38,38,38,38,13,13,13,26,28,52,18],"items_purged":[],"gold":117,"score":281,"play_id":"4e5122dd-c5d1-4893-83b6-6f928465bd00","is_prod":false,"is_daily":false,"is_ascension_mode":false,"campfire_upgraded":1,"path_taken":["M","?","M","?","M","M","R","M","T","?","$","E","$","?","R","BOSS","M","M","?","?","$","?","E","?","T","M","?","R","M","M"],"build_version":"2018-02-15-PROD1","purchased_purges":0,"victory":false,"master_deck":["Defend_G","Defend_G","Defend_G","Defend_G","Defend_G","Survivor","Neutralize","Deadly Poison","Poisoned Stab+1","Deflect","Wraith Form","Crippling Poison","Apotheosis+1","Dodge and Roll","Bouncing Flask","Venomology","Endless Agony","Predator","Backflip","Writhe","Transmutation","Distraction","Bite","Bite","Bite","Bite","Bite","Flying Knee","Terror+1","Backflip","Poisoned Stab+1"],"max_hp_per_floor":[70,70,70,70,70,70,70,70,70,70,70,70,70,70,70,70,75,75,75,75,75,75,52,52,52,52,52,52,52,52],"relics":["Ring of the Snake","Calipers","Matryoshka","Tiny House","Vajra","Regal Pillow","Meat on the Bone","Girya"],"card_choices":[{"not_picked":["Quick Slash","Backflip"],"picked":"Deadly Poison"},{"not_picked":["Slice","Sucker Punch"],"picked":"Poisoned Stab"},{"not_picked":["Expertise","Dagger Spray"],"picked":"Deflect"},{"not_picked":["Expertise","Slice"],"picked":"Wraith Form"},{"not_picked":["Blade Dance","Dagger Throw"],"picked":"Crippling Poison"},{"not_picked":["PiercingWail","Crippling Poison"],"picked":"Dodge and Roll"},{"not_picked":["Phantasmal Killer","Tools of the Trade"],"picked":"Venomology"},{"not_picked":["Riddle With Holes","Quick Slash"],"picked":"Endless Agony"},{"not_picked":["Quick Slash","Leg Sweep"],"picked":"Predator"},{"not_picked":["Dodge and Roll","Quick Slash"],"picked":"Backflip"},{"not_picked":["Backflip","Caltrops"],"picked":"Flying Knee"},{"not_picked":["Malaise","Heel Hook"],"picked":"Terror"},{"not_picked":["Footwork","Sucker Punch"],"picked":"Backflip"},{"not_picked":["Dagger Throw","Flying Knee"],"picked":"Poisoned Stab"}],"player_experience":3467,"potions_floor_usage":[12,16,16,18,19,19,19,24,24,24,27,30,30,31],"damage_taken":[{"damage":4,"enemies":"Cultist","floor":1,"turns":4},{"damage":0,"enemies":"Jaw Worm","floor":3,"turns":4},{"damage":1,"enemies":"2 Louse","floor":5,"turns":4},{"damage":1,"enemies":"2 Fungi Beasts","floor":6,"turns":4},{"damage":2,"enemies":"Blue Slaver","floor":8,"turns":4},{"damage":26,"enemies":"3 Sentries","floor":12,"turns":9},{"damage":41,"enemies":"Slime Boss","floor":16,"turns":13},{"damage":25,"enemies":"Shell Parasite","floor":18,"turns":7},{"damage":12,"enemies":"Spheric Guardian","floor":19,"turns":5},{"damage":46,"enemies":"Book of Stabbing","floor":24,"turns":9},{"damage":4,"enemies":"Snecko","floor":27,"turns":5},{"damage":22,"enemies":"Snake Plant","floor":28,"turns":4},{"damage":55,"enemies":"3 Cultists","floor":30,"turns":10},{"damage":29,"enemies":"Cultist and Chosen","floor":31,"turns":4}],"event_choices":[{"event_name":"World of Goop","player_choice":"Gather Gold","floor":2,"damage_taken":0},{"event_name":"The Cleric","player_choice":"Healed","floor":4,"damage_taken":0},{"event_name":"The Lab","player_choice":"Got Potions","floor":10,"damage_taken":0},{"event_name":"Liars Game","player_choice":"disagreed","floor":14,"damage_taken":0},{"event_name":"The Mausoleum","player_choice":"Yes","floor":20,"damage_taken":0},{"event_name":"Golden Shrine","player_choice":"Pray","floor":21,"damage_taken":0},{"event_name":"Vampires","player_choice":"Became a vampire","floor":23,"damage_taken":0},{"event_name":"Beggar","player_choice":"Ignored","floor":25,"damage_taken":0}],"boss_relics":[{"not_picked":["Ectoplasm","Sozu"],"picked":"Tiny House"}],"potions_floor_spawned":[6,12,16,18,19,27,30],"seed_played":"6960959793920173651","killed_by":"Cultist and Chosen","ascension_level":0,"is_trial":false}