{"gold_per_floor":[111,261,281,281,300,329,347,347,423,453,469,480,505,516,516,595,595,613,613,624,57,57,83,83,108,108,140,153,169,169,6,6,82,82,98,113,113,11,21,51,68,68,68,119,148,148,148,161,161,161],"floor_reached":51,"playtime":3953,"items_purged":[],"score":1557,"play_id":"2f761231-0ce7-40cb-b70c-f149a2b32879","local_time":"20190202181520","is_ascension_mode":true,"campfire_choices":[{"floor":8.0,"key":"REST"},{"floor":15.0,"key":"REST"},{"floor":24.0,"key":"REST"},{"floor":32.0,"key":"REST"},{"floor":42,"key":"REST"},{"floor":46,"key":"REST"},{"floor":49,"key":"RECALL"}],"neow_cost":"NONE","seed_source_timestamp":0,"circlet_count":0,"master_deck":["AscendersBane","Strike_R+1","Strike_R+1","Strike_R+1","Strike_R+1","Strike_R+1","Defend_R+1","Defend_R+1","Defend_R+1","Defend_R+1","Bash","Infernal Blade+1","Wild Strike","Carnage","Sever Soul","Carnage","Second Wind","Juggernaut","Corruption","Demon Form","Wild Strike","Sever Soul","Mayhem+1","Metallicize+1","Carnage","Armaments","Carnage+1","Impervious","Reaper+1","Sword Boomerang+1","Pummel+1","Double Tap","Carnage+1","Bash+1","Discovery","Perfected Strike+1","Reaper+1","Shrug It Off","Doubt","Pommel Strike+1","Battle Trance","Perfected Strike+1"],"special_seed":0,"relics":["Burning Blood","Dead Branch","Mummified Hand","Red Skull","Orichalcum","Fusion Hammer","Frozen Egg 2","Smiling Mask","Torii","Molten Egg 2","War Paint","Pen Nib","Cursed Key","Matryoshka","Ancient Tea Set","Bronze Scales","Champion Belt","Blood Vial"],"potions_floor_usage":[40,40,50,50],"damage_taken":[{"damage":6.0,"enemies":"2 Louse","floor":1.0,"turns":4.0},{"damage":16.0,"enemies":"Jaw Worm","floor":3.0,"turns":4.0},{"damage":6.0,"enemies":"Cultist","floor":5.0,"turns":4.0},{"damage":34.0,"enemies":"Lagavulin","floor":6.0,"turns":5.0},{"damage":14.0,"enemies":"Gremlin Gang","floor":7.0,"turns":4.0},{"damage":30.0,"enemies":"3 Sentries","floor":10.0,"turns":5.0},{"damage":0.0,"enemies":"2 Fungi Beasts","floor":11.0,"turns":3.0},{"damage":0.0,"enemies":"Exordium Thugs","floor":12.0,"turns":4.0},{"damage":13.0,"enemies":"Gremlin Nob","floor":13.0,"turns":3.0},{"damage":4.0,"enemies":"Large Slime","floor":14.0,"turns":5.0},{"damage":33.0,"enemies":"Hexaghost","floor":16.0,"turns":6.0},{"damage":16.0,"enemies":"3 Byrds","floor":18.0,"turns":4.0},{"damage":1.0,"enemies":"Spheric Guardian","floor":20.0,"turns":3.0},{"damage":20.0,"enemies":"Gremlin Leader","floor":23.0,"turns":6.0},{"damage":24.0,"enemies":"Book of Stabbing","floor":25.0,"turns":3.0},{"damage":15.0,"enemies":"Gremlin Leader","floor":27.0,"turns":5.0},{"damage":6.0,"enemies":"Cultist and Chosen","floor":28.0,"turns":3.0},{"damage":13.0,"enemies":"Sentry and Sphere","floor":29.0,"turns":4.0},{"damage":44.0,"enemies":"Collector","floor":33.0,"turns":6.0},{"damage":0.0,"enemies":"Orb Walker","floor":35.0,"turns":2.0},{"damage":31.0,"enemies":"3 Darklings","floor":36.0,"turns":3.0},{"damage":5.0,"enemies":"Spire Growth","floor":39.0,"turns":3.0},{"damage":55,"enemies":"Giant Head","floor":40,"turns":7},{"damage":7,"enemies":"4 Shapes","floor":41,"turns":2},{"damage":9,"enemies":"2 Orb Walkers","floor":44,"turns":3},{"damage":42,"enemies":"Nemesis","floor":45,"turns":5},{"damage":3,"enemies":"Transient","floor":48,"turns":5},{"damage":6,"enemies":"Donu and Deca","floor":50,"turns":3}],"seed_played":"2432055769999486184","potions_obtained":[{"floor":1.0,"key":"Poison Potion"},{"floor":3.0,"key":"Fire Potion"},{"floor":10.0,"key":"Dexterity Potion"},{"floor":12.0,"key":"GamblersBrew"},{"floor":13.0,"key":"AttackPotion"},{"floor":16.0,"key":"AttackPotion"},{"floor":33.0,"key":"Dexterity Potion"},{"floor":35.0,"key":"Poison Potion"},{"floor":39.0,"key":"GamblersBrew"},{"floor":41,"key":"PowerPotion"},{"floor":47,"key":"LiquidBronze"}],"is_trial":false,"path_per_floor":["M","?","M","?","M","E","M","R","T","E","M","M","E","M","R","B",null,"M","?","M","$","?","E","R","E","T","E","M","M","?","$","R","B",null,"M","M","?","$","M","E","M","R","T","?","E","R","?","M","R","B",null],"character_chosen":"IRONCLAD","items_purchased":["Frozen Egg 2","Mayhem+1","Metallicize+1","Pen Nib","Discovery"],"campfire_rested":6,"item_purchase_floors":[21,21,21,31,38],"current_hp_per_floor":[75,75,65,65,65,37,29,53,53,29,35,41,34,36,60,33,70,60,60,65,65,65,51,75,57,57,48,48,41,41,41,65,27,68,74,57,57,57,58,9,72,82,82,82,47,71,71,82,82,82],"gold":161,"neow_bonus":"TEN_PERCENT_HP_BONUS","is_prod":false,"is_daily":false,"chose_seed":false,"campfire_upgraded":0,"win_rate":0,"timestamp":1549124120,"path_taken":["M","?","M","?","?","E","M","R","T","E","M","?","E","M","R","BOSS","M","?","M","?","?","E","R","E","T","E","M","M","?","$","R","BOSS","M","M","?","$","M","E","?","R","T","?","E","R","?","?","R","BOSS"],"build_version":"2019-01-23","purchased_purges":0,"victory":true,"max_hp_per_floor":[82,82,82,82,82,82,82,82,82,82,82,82,82,82,82,82,82,82,82,82,82,82,82,82,82,82,82,82,82,82,82,82,82,82,82,82,82,82,82,82,82,82,82,82,82,82,82,82,82,82],"card_choices":[{"not_picked":["Warcry","True Grit"],"picked":"Infernal Blade","floor":1.0},{"not_picked":["Anger","Blood for Blood"],"picked":"Wild Strike","floor":3.0},{"not_picked":["Thunderclap","Intimidate"],"picked":"Carnage","floor":5.0},{"not_picked":["Cleave","Dropkick"],"picked":"Sever Soul","floor":6.0},{"not_picked":["Flex","Cleave"],"picked":"Carnage","floor":7.0},{"not_picked":["Pommel Strike","Cleave"],"picked":"Second Wind","floor":10.0},{"not_picked":["Fire Breathing","Havoc"],"picked":"Iron Wave","floor":11.0},{"not_picked":["Clash","Wild Strike"],"picked":"Juggernaut","floor":12.0},{"not_picked":["Rampage","Cleave"],"picked":"Corruption","floor":13.0},{"not_picked":["Searing Blow","Anger","Cleave"],"picked":"SKIP","floor":14.0},{"not_picked":["Impervious","Offering"],"picked":"Demon Form","floor":16.0},{"not_picked":["Armaments","Searing Blow"],"picked":"Wild Strike","floor":18.0},{"not_picked":["Anger","Pommel Strike"],"picked":"Sever Soul","floor":20.0},{"not_picked":["Headbutt","Iron Wave","Anger"],"picked":"SKIP","floor":23.0},{"not_picked":["Power Through","Entrench"],"picked":"Carnage","floor":25.0},{"not_picked":["Spot Weakness","Flex"],"picked":"Armaments","floor":27.0},{"not_picked":["True Grit","Cleave+1"],"picked":"Carnage+1","floor":28.0},{"not_picked":["Clothesline+1","Combust+1"],"picked":"Impervious","floor":29.0},{"not_picked":["Limit Break","Immolate+1"],"picked":"Reaper+1","floor":33.0},{"not_picked":["Twin Strike+1","Heavy Blade+1"],"picked":"Sword Boomerang+1","floor":35.0},{"not_picked":["True Grit","Thunderclap+1"],"picked":"Pummel+1","floor":36.0},{"not_picked":["Armaments","Havoc"],"picked":"Perfected Strike+1","floor":39.0},{"not_picked":["Flex+1","Warcry"],"picked":"Reaper+1","floor":40},{"not_picked":["Havoc+1","Disarm"],"picked":"Shrug It Off","floor":41},{"not_picked":["Headbutt+1","Iron Wave+1"],"picked":"Pommel Strike+1","floor":44},{"not_picked":["Shrug It Off","Dual Wield"],"picked":"Battle Trance","floor":45},{"not_picked":["Sever Soul+1","Flex"],"picked":"Perfected Strike+1","floor":48}],"player_experience":411584,"relics_obtained":[{"floor":6.0,"key":"Dead Branch"},{"floor":9.0,"key":"Mummified Hand"},{"floor":10.0,"key":"Red Skull"},{"floor":13.0,"key":"Orichalcum"},{"floor":23.0,"key":"Smiling Mask"},{"floor":25.0,"key":"Torii"},{"floor":26.0,"key":"Molten Egg 2"},{"floor":27.0,"key":"War Paint"},{"floor":40,"key":"Matryoshka"},{"floor":43,"key":"Ancient Tea Set"},{"floor":43,"key":"Bronze Scales"},{"floor":44,"key":"Champion Belt"},{"floor":45,"key":"Blood Vial"}],"event_choices":[{"damage_healed":0.0,"max_hp_gain":0.0,"max_hp_loss":0.0,"gold_gain":150.0,"event_name":"Liars Game","player_choice":"AGREE","floor":2.0,"gold_loss":0.0,"damage_taken":0.0,"cards_obtained":["Doubt"]},{"cards_removed":["Doubt"],"damage_healed":0.0,"max_hp_gain":0.0,"max_hp_loss":0.0,"gold_gain":0.0,"event_name":"Fountain of Cleansing","player_choice":"Removed Curses","floor":4.0,"gold_loss":0.0,"damage_taken":0.0},{"cards_removed":["Iron Wave"],"damage_healed":0.0,"max_hp_gain":0.0,"max_hp_loss":0.0,"gold_gain":0.0,"event_name":"Purifier","player_choice":"Purged","floor":19.0,"gold_loss":0.0,"damage_taken":0.0},{"damage_healed":0.0,"max_hp_gain":0.0,"max_hp_loss":0.0,"gold_gain":0.0,"event_name":"Ghosts","player_choice":"Ignored","floor":22.0,"gold_loss":0.0,"damage_taken":0.0},{"damage_healed":0.0,"max_hp_gain":0.0,"max_hp_loss":0.0,"gold_gain":0.0,"event_name":"Back to Basics","player_choice":"Simplicity","floor":30.0,"gold_loss":0.0,"damage_taken":0.0,"cards_upgraded":["Strike_R","Strike_R","Strike_R","Strike_R","Strike_R","Defend_R","Defend_R","Defend_R"]},{"damage_healed":0.0,"max_hp_gain":0.0,"max_hp_loss":0.0,"gold_gain":0.0,"event_name":"Match and Keep!","player_choice":"3 cards matched","floor":37.0,"gold_loss":0.0,"damage_taken":0.0,"cards_obtained":["Double Tap","Carnage","Bash"]},{"damage_healed":0,"gold_gain":0,"player_choice":"Fight","damage_taken":0,"max_hp_gain":0,"max_hp_loss":0,"event_name":"Mysterious Sphere","floor":44,"gold_loss":0},{"damage_healed":0,"gold_gain":0,"player_choice":"Got Potions","damage_taken":0,"max_hp_gain":0,"max_hp_loss":0,"event_name":"Lab","floor":47,"gold_loss":0}],"is_beta":true,"boss_relics":[{"not_picked":["Black Star","Orrery"],"picked":"Fusion Hammer"},{"not_picked":["Astrolabe","Sozu"],"picked":"Cursed Key"}],"items_purged_floors":[],"is_endless":false,"potions_floor_spawned":[1,3,10,12,13,16,20,23,33,35,39,41],"ascension_level":16}