{"path_per_floor":["M","M","M","?","M","R","$","R","T","$","R","M","R","?","R","B",null,"M","$","M","M","M","R","?","R","T","R","E","?","E","?","R","B",null,"M","?","?","M","?","R","E","R","T","M","M","$","R","?","R","B"],"character_chosen":"IRONCLAD","items_purchased":["Flex","Shrug It Off","Rampage","Thinking Ahead","Metallicize","Blood for Blood"],"gold_per_floor":[114,124,139,139,150,150,27,27,51,51,51,65,65,65,65,161,161,171,44,58,68,85,85,85,85,85,85,119,119,149,149,149,245,245,255,255,0,15,369,369,404,404,404,424,440,44,44,44,44,44],"floor_reached":51,"campfire_rested":1,"playtime":5927,"current_hp_per_floor":[77,77,69,57,56,56,56,56,56,56,56,50,50,50,50,14,80,76,76,68,65,56,56,56,56,56,56,35,19,9,35,59,4,83,59,79,79,78,66,78,38,50,50,45,43,43,57,57,71,9],"items_purged":["Strike_R","Pain"],"gold":44,"play_id":"9846180b-6037-4e85-900b-8a160bcc5334","is_prod":false,"is_daily":false,"is_ascension_mode":false,"campfire_upgraded":12,"path_taken":["M","M","M","?","M","R","$","R","T","$","R","M","R","?","R","BOSS","M","$","M","M","M","R","?","R","T","R","E","?","E","?","R","BOSS","M","?","?","M","?","R","E","R","T","M","?","$","R","?","R","BOSS"],"build_version":"2018-01-25-PROD3","purchased_purges":2,"victory":true,"master_deck":["Strike_R","Strike_R","Strike_R","Defend_R","Defend_R","Defend_R","Defend_R","Pommel Strike+1","Uppercut+1","Rampage+1","Shockwave","Flex+1","Blood for Blood","Second Wind+1","Impervious","Metallicize+1","Shrug It Off+1","Rampage+1","Pommel Strike+1","Twin Strike+1","Injury","Bludgeon+1","Dual Wield+1","Headbutt","Demon Form+1","Headbutt+1","Writhe","Rampage+1","Flex+1","Writhe","Thunderclap+1","Armaments+1","Thinking Ahead","Metallicize+1","Blood for Blood"],"max_hp_per_floor":[80,80,80,80,80,80,80,80,80,80,80,80,80,80,80,80,80,80,80,80,80,80,80,80,80,80,80,80,80,80,80,80,83,83,83,83,83,83,83,83,83,83,83,83,83,83,83,83,83,83],"relics":["Cursed Key","Mercury Hourglass","Happy Flower","Velvet Choker","Gambling Chip","Dream Catcher","Nilry\u0027s Codex","Vajra","Eternal Feather","Red Mask","Old Coin","Ornamental Fan","Bird Faced Urn"],"card_choices":[{"not_picked":["Fire Breathing","Power Through"],"picked":"Pommel Strike"},{"not_picked":["Barricade","Thunderclap"],"picked":"Uppercut"},{"not_picked":["Clash","Iron Wave"],"picked":"Rampage"},{"not_picked":["Twin Strike","Hemokinesis"],"picked":"Shockwave"},{"not_picked":["Dual Wield","Warcry"],"picked":"Blood for Blood"},{"not_picked":["Barricade","Feed"],"picked":"Impervious"},{"not_picked":["Thunderclap","Hemokinesis"],"picked":"Metallicize"},{"not_picked":["Twin Strike","Body Slam"],"picked":"Pommel Strike"},{"not_picked":["Perfected Strike","Sword Boomerang"],"picked":"Twin Strike"},{"not_picked":["True Grit","Corruption"],"picked":"Bludgeon"},{"not_picked":["Fire Breathing","Sever Soul"],"picked":"Dual Wield"},{"not_picked":["Rampage","Seeing Red"],"picked":"Headbutt"},{"not_picked":["Reaper","Berserk"],"picked":"Demon Form"},{"not_picked":["Twin Strike","Warcry"],"picked":"Headbutt"},{"not_picked":["Perfected Strike","Clash"],"picked":"Rampage"},{"not_picked":["Feed","Twin Strike"],"picked":"Flex"},{"not_picked":["Corruption","Battle Trance"],"picked":"Thunderclap"},{"not_picked":["Dropkick","Intimidate"],"picked":"Armaments"}],"player_experience":1529,"potions_floor_usage":[30,30,44,50,50],"damage_taken":[{"damage":3,"enemies":"Small Slimes","floor":1,"turns":4},{"damage":0,"enemies":"Cultist","floor":2,"turns":2},{"damage":8,"enemies":"Jaw Worm","floor":3,"turns":3},{"damage":1,"enemies":"2 Fungi Beasts","floor":5,"turns":2},{"damage":6,"enemies":"Large Slime","floor":12,"turns":3},{"damage":36,"enemies":"Hexaghost","floor":16,"turns":7},{"damage":4,"enemies":"Chosen","floor":18,"turns":2},{"damage":8,"enemies":"Spheric Guardian","floor":20,"turns":3},{"damage":3,"enemies":"Centurion and Healer","floor":21,"turns":5},{"damage":9,"enemies":"Snake Plant","floor":22,"turns":2},{"damage":21,"enemies":"Gremlin Leader","floor":28,"turns":6},{"damage":10,"enemies":"Slavers","floor":30,"turns":6},{"damage":58,"enemies":"Champ","floor":33,"turns":9},{"damage":24,"enemies":"3 Shapes","floor":35,"turns":3},{"damage":1,"enemies":"Orb Walker","floor":38,"turns":3},{"damage":12,"enemies":"Mysterious Sphere","floor":39,"turns":4},{"damage":40,"enemies":"2 Orb Walkers","floor":41,"turns":5},{"damage":7,"enemies":"Sphere and 2 Shapes","floor":44,"turns":4},{"damage":4,"enemies":"3 Darklings","floor":45,"turns":3},{"damage":70,"enemies":"Awakened One","floor":50,"turns":13}],"event_choices":[{"event_name":"Scrap Ooze","player_choice":"success","floor":4,"damage_taken":12},{"event_name":"Living Wall","player_choice":"Change","floor":14,"damage_taken":0},{"event_name":"Drug Dealer","player_choice":"Ignored","floor":24,"damage_taken":0},{"event_name":"Cursed Tome","player_choice":"Obtained Book","floor":29,"damage_taken":0},{"event_name":"The Library","player_choice":"Heal","floor":31,"damage_taken":0},{"event_name":"Winding Halls","player_choice":"Writhe","floor":36,"damage_taken":0},{"event_name":"Tomb of Lord Red Mask","player_choice":"Paid","floor":37,"damage_taken":0},{"event_name":"Mysterious Sphere","player_choice":"Fight","floor":39,"damage_taken":0}],"boss_relics":[{"not_picked":["Astrolabe","Philosopher\u0027s Stone"],"picked":"Velvet Choker"},{"not_picked":["Sozu","Calling Bell"],"picked":"Eternal Feather"}],"potions_floor_spawned":[1,2,16,20,22,33,35,38,45],"seed_played":"5880139370659825031","ascension_level":0,"is_trial":false}