{"gold_per_floor":[113,113,127,140,140,172,172,199,223,223],"floor_reached":10,"playtime":529,"items_purged":[],"score":87,"play_id":"b0d91bcc-9c3d-46fb-89d4-569dcae3971e","local_time":"20181209022601","is_ascension_mode":true,"campfire_choices":[{"data":"Static Discharge","floor":7,"key":"SMITH"}],"neow_cost":"NONE","seed_source_timestamp":2003136702400,"circlet_count":0,"master_deck":["Strike_B","Strike_B+1","Strike_B+1","Strike_B","Defend_B","Defend_B","Defend_B","Defend_B","Zap","Dualcast","Blind","Coolheaded","Conserve Battery","Regret","Static Discharge+1","Chill"],"relics":["Cracked Core","Regal Pillow","Omamori","Mercury Hourglass","Whetstone"],"potions_floor_usage":[6,6,6,6,8,8],"damage_taken":[{"damage":0,"enemies":"Small Slimes","floor":1,"turns":3},{"damage":2,"enemies":"Cultist","floor":3,"turns":3},{"damage":8,"enemies":"2 Louse","floor":4,"turns":3},{"damage":35,"enemies":"3 Sentries","floor":6,"turns":10},{"damage":30,"enemies":"Lagavulin","floor":8,"turns":7},{"damage":15,"enemies":"3 Sentries","floor":10,"turns":6}],"seed_played":"-2930143979299052286","potions_obtained":[{"floor":2,"key":"EntropicBrew"},{"floor":2,"key":"Energy Potion"},{"floor":2,"key":"Regen Potion"}],"is_trial":false,"path_per_floor":["M","?","M","M","?","E","R","E","T","E"],"character_chosen":"DEFECT","items_purchased":[],"campfire_rested":0,"item_purchase_floors":[],"current_hp_per_floor":[75,75,73,65,65,45,45,15,15,0],"gold":223,"neow_bonus":"RANDOM_COLORLESS","is_prod":false,"is_daily":false,"chose_seed":false,"campfire_upgraded":1,"win_rate":0,"timestamp":1544318761,"path_taken":["M","?","M","?","?","E","R","E","T","E"],"build_version":"2018-12-06","purchased_purges":0,"victory":false,"max_hp_per_floor":[75,75,75,75,75,75,75,75,75,75],"card_choices":[{"not_picked":["FTL","Chaos"],"picked":"Coolheaded","floor":1},{"not_picked":["Darkness","Turbo"],"picked":"Conserve Battery","floor":3},{"not_picked":["Go for the Eyes","Stack","Barrage"],"picked":"SKIP","floor":4},{"not_picked":["Go for the Eyes","Storm"],"picked":"Static Discharge","floor":6},{"not_picked":["Steam","Sweeping Beam"],"picked":"Chill","floor":8}],"player_experience":275420,"relics_obtained":[{"floor":6,"key":"Omamori"},{"floor":8,"key":"Mercury Hourglass"},{"floor":9,"key":"Whetstone"}],"event_choices":[{"damage_healed":0,"gold_gain":0,"player_choice":"Got Potions","damage_taken":0,"max_hp_gain":0,"max_hp_loss":0,"event_name":"Lab","floor":2,"gold_loss":0},{"damage_healed":0,"gold_gain":0,"player_choice":"Box","damage_taken":0,"relics_obtained":["Regal Pillow"],"max_hp_gain":0,"max_hp_loss":0,"event_name":"Big Fish","floor":5,"gold_loss":0,"cards_obtained":["Regret"]}],"is_beta":false,"boss_relics":[],"items_purged_floors":[],"is_endless":false,"potions_floor_spawned":[4],"killed_by":"3 Sentries","ascension_level":3}