{"path_per_floor":["M","M","?","M","M","M","R","M","T","M","M","R","M","M","R","B",null,"M","?","M","$","M","R","M","?","T","?","M"],"character_chosen":"DEFECT","items_purchased":["Toxic Egg 2","FTL","Force Field"],"gold_per_floor":[113,129,129,142,162,179,179,198,198,214,233,233,243,260,260,360,360,346,346,362,4,15,15,25,25,25,25,39,39],"floor_reached":29,"campfire_rested":4,"playtime":2729,"item_purchase_floors":[21,21,21],"current_hp_per_floor":[75,69,54,54,49,49,71,60,74,64,64,89,74,62,88,36,89,63,63,37,37,13,39,2,2,2,2,3,0],"items_purged":[],"gold":39,"score":250,"play_id":"cfaa8b32-4f2c-464f-86a9-81e5b09ad2b3","local_time":"20180602210305","is_prod":false,"is_daily":false,"chose_seed":false,"is_ascension_mode":false,"campfire_upgraded":0,"win_rate":0.0,"timestamp":1527966185,"campfire_choices":[{"floor":7,"key":"REST"},{"floor":12,"key":"REST"},{"floor":15,"key":"REST"},{"floor":23,"key":"REST"}],"path_taken":["M","M","?","M","M","M","R","M","T","M","M","R","M","M","R","BOSS","M","?","M","$","M","R","M","?","T","?","M","?"],"build_version":"2018-05-31","seed_source_timestamp":17816906698206,"purchased_purges":0,"victory":false,"master_deck":["Strike_B","Strike_B","Strike_B","Strike_B","Defend_B+1","Defend_B","Defend_B","Defend_B","Zap","Dualcast+1","Sweeping Beam","Double Energy+1","Buffer","Darkness","Streamline","Darkness+1","Reinforced Body","Creative AI","Coolheaded+1","FTL+1","Fusion+1","Redo","BootSequence","FTL","Force Field+1","Blizzard+1","Beam Cell","Ghostly+1","Ghostly+1","Ghostly+1","Ghostly+1","Ghostly+1","Streamline"],"max_hp_per_floor":[75,75,75,75,75,75,75,75,89,89,89,89,89,89,89,89,89,89,89,89,89,89,89,89,89,89,44,44,44],"relics":["Cracked Core","Mango","Astrolabe","Toxic Egg 2","Bottled Tornado"],"card_choices":[{"not_picked":["Melter","Conserve Battery"],"picked":"Sweeping Beam","floor":1},{"not_picked":["Beam Cell","Compile Driver"],"picked":"Double Energy","floor":2},{"not_picked":["Barrage","Rip and Tear"],"picked":"Hello World","floor":4},{"not_picked":["Rip and Tear","Skim"],"picked":"Buffer","floor":5},{"not_picked":["Capacitor","Leap"],"picked":"Beam Cell","floor":6},{"not_picked":["Stack","Cold Snap"],"picked":"Darkness","floor":8},{"not_picked":["Self Repair","Beam Cell"],"picked":"Double Energy","floor":10},{"not_picked":["Chaos","Thunder Strike"],"picked":"Streamline","floor":11},{"not_picked":["Steam Power","Conserve Battery"],"picked":"Darkness","floor":13},{"not_picked":["Reprogram","Sweeping Beam"],"picked":"Reinforced Body","floor":14},{"not_picked":["Fission","Buffer"],"picked":"Creative AI","floor":16},{"not_picked":["Coolheaded","Hologram"],"picked":"Redo","floor":18},{"not_picked":["Steam Power","Capacitor"],"picked":"BootSequence","floor":20},{"not_picked":["Hello World","Lockon+1"],"picked":"Blizzard+1","floor":22},{"not_picked":["Leap+1","Go for the Eyes"],"picked":"Beam Cell","floor":24},{"not_picked":["Stack+1","Gash+1"],"picked":"Streamline","floor":28}],"player_experience":13641,"potions_floor_usage":[16,16,20,22,22],"damage_taken":[{"damage":0,"enemies":"Small Slimes","floor":1,"turns":2},{"damage":6,"enemies":"2 Louse","floor":2,"turns":2},{"damage":0,"enemies":"Cultist","floor":4,"turns":3},{"damage":5,"enemies":"Looter","floor":5,"turns":2},{"damage":0,"enemies":"3 Louse","floor":6,"turns":2},{"damage":11,"enemies":"Exordium Thugs","floor":8,"turns":4},{"damage":10,"enemies":"2 Fungi Beasts","floor":10,"turns":4},{"damage":0,"enemies":"Large Slime","floor":11,"turns":6},{"damage":15,"enemies":"Exordium Wildlife","floor":13,"turns":4},{"damage":12,"enemies":"Gremlin Gang","floor":14,"turns":3},{"damage":52,"enemies":"Hexaghost","floor":16,"turns":10},{"damage":26,"enemies":"2 Thieves","floor":18,"turns":4},{"damage":26,"enemies":"Shell Parasite","floor":20,"turns":9},{"damage":24,"enemies":"Centurion and Healer","floor":22,"turns":8},{"damage":37,"enemies":"Sentry and Sphere","floor":24,"turns":9},{"damage":9,"enemies":"Snecko","floor":28,"turns":7},{"damage":3,"enemies":"Centurion and Healer","floor":29,"turns":1}],"relics_obtained":[{"floor":9,"key":"Mango"},{"floor":26,"key":"Bottled Tornado"}],"event_choices":[{"event_name":"Shining Light","player_choice":"Entered Light","floor":3,"damage_taken":0},{"event_name":"The Lab","player_choice":"Got Potions","floor":19,"damage_taken":0},{"event_name":"Upgrade Shrine","player_choice":"Upgraded","floor":25,"damage_taken":0},{"event_name":"Ghosts","player_choice":"Became a Ghost","floor":27,"damage_taken":0}],"boss_relics":[{"not_picked":["Snecko Eye","Tiny House"],"picked":"Astrolabe"}],"items_purged_floors":[],"potions_floor_spawned":[4,6,8,11,13,20,28],"seed_played":"3271376398394252052","killed_by":"Centurion and Healer","ascension_level":0,"potions_obtained":[{"floor":4,"key":"FairyPotion"},{"floor":6,"key":"EssenceOfSteel"},{"floor":8,"key":"AttackPotion"},{"floor":11,"key":"SteroidPotion"},{"floor":19,"key":"EssenceOfSteel"},{"floor":19,"key":"EssenceOfSteel"},{"floor":20,"key":"SpeedPotion"},{"floor":28,"key":"EntropicBrew"}],"is_trial":false}