{"gold_per_floor":[13,25,43,17,17,17,17,17,67,67,78,78,105,18,18,121,121,141,154,173,187,187,187],"floor_reached":23,"playtime":1558,"items_purged":[],"score":270,"play_id":"c235bc91-c7dd-4aec-8878-9a90a6e18ce2","local_time":"20190504150230","is_ascension_mode":true,"campfire_choices":[{"data":"1","floor":6,"key":"LIFT"},{"data":"2","floor":10,"key":"LIFT"},{"data":"3","floor":12,"key":"LIFT"},{"floor":15,"key":"REST"}],"neow_cost":"NO_GOLD","seed_source_timestamp":595818640018405,"circlet_count":0,"master_deck":["Defend_G","Defend_G","Defend_G","Defend_G","Strike_G","Strike_G","Strike_G+1","Survivor","Neutralize+1","PiercingWail","Escape Plan","Cloak And Dagger","Noxious Fumes","Deflect","Tools of the Trade","PiercingWail","Leg Sweep"],"relics":["Ring of the Snake","Girya","Centennial Puzzle","Art of War","Whetstone","Empty Cage"],"potions_floor_usage":[13,16,16,19,23,23],"damage_taken":[{"damage":0,"enemies":"Small Slimes","floor":1,"turns":3},{"damage":0,"enemies":"2 Louse","floor":2,"turns":4},{"damage":7,"enemies":"Jaw Worm","floor":3,"turns":5},{"damage":8,"enemies":"Exordium Thugs","floor":4,"turns":5},{"damage":0,"enemies":"Blue Slaver","floor":11,"turns":4},{"damage":12,"enemies":"3 Sentries","floor":13,"turns":9},{"damage":23,"enemies":"Hexaghost","floor":16,"turns":14},{"damage":2,"enemies":"Shell Parasite","floor":18,"turns":8},{"damage":17,"enemies":"Chosen","floor":19,"turns":7},{"damage":14,"enemies":"Snake Plant","floor":20,"turns":6},{"damage":17,"enemies":"Shelled Parasite and Fungi","floor":21,"turns":12},{"damage":10,"enemies":"Book of Stabbing","floor":23,"turns":6}],"seed_played":"-2127613259098340900","potions_obtained":[{"floor":1,"key":"SkillPotion"},{"floor":3,"key":"Explosive Potion"},{"floor":13,"key":"SkillPotion"},{"floor":16,"key":"LiquidBronze"},{"floor":18,"key":"Weak Potion"},{"floor":20,"key":"Strength Potion"},{"floor":21,"key":"Fire Potion"}],"is_trial":false,"path_per_floor":["M","M","M","M","?","R","?","?","T","R","M","R","E","$","R","B",null,"M","M","M","M","?","E"],"character_chosen":"THE_SILENT","items_purchased":["Noxious Fumes","Deflect"],"campfire_rested":1,"item_purchase_floors":[14,14],"current_hp_per_floor":[63,63,56,48,41,41,41,41,41,41,41,41,29,29,50,27,59,57,40,26,9,9,0],"gold":187,"neow_bonus":"ONE_RARE_RELIC","is_prod":false,"is_daily":false,"chose_seed":false,"campfire_upgraded":0,"win_rate":0,"timestamp":1557007350,"path_taken":["M","M","M","M","?","R","?","?","T","R","M","R","E","?","R","BOSS","M","M","M","M","?","E"],"build_version":"2019-01-23","purchased_purges":0,"victory":false,"max_hp_per_floor":[70,70,70,70,70,70,70,70,70,70,70,70,70,70,70,70,70,70,70,70,70,70,70],"card_choices":[{"not_picked":["Catalyst","Deadly Poison"],"picked":"PiercingWail","floor":1},{"not_picked":["Slice","Expertise","All Out Attack"],"picked":"SKIP","floor":2},{"not_picked":["Accuracy","Terror"],"picked":"Escape Plan","floor":3},{"not_picked":["Dagger Throw","Deadly Poison","Flying Knee"],"picked":"SKIP","floor":4},{"not_picked":["Expertise","Flechettes","Bane"],"picked":"SKIP","floor":11},{"not_picked":["Prepared","Deflect"],"picked":"Cloak And Dagger","floor":13},{"not_picked":["Storm of Steel","Glass Knife"],"picked":"Tools of the Trade","floor":16},{"not_picked":["Calculated Gamble","Acrobatics"],"picked":"PiercingWail","floor":18},{"not_picked":["Prepared","Slice","Outmaneuver"],"picked":"SKIP","floor":19},{"not_picked":["Deflect","Concentrate"],"picked":"Leg Sweep","floor":20},{"not_picked":["Blade Dance","Acrobatics+1","Slice+1"],"picked":"SKIP","floor":21}],"player_experience":320854,"relics_obtained":[{"floor":9,"key":"Art of War"},{"floor":13,"key":"Whetstone"}],"event_choices":[{"damage_healed":0,"gold_gain":0,"player_choice":"Success","damage_taken":7,"relics_obtained":["Centennial Puzzle"],"max_hp_gain":0,"max_hp_loss":0,"event_name":"Scrap Ooze","floor":5,"gold_loss":0},{"cards_removed":["Strike_G"],"damage_healed":0,"gold_gain":0,"player_choice":"Forget","damage_taken":0,"max_hp_gain":0,"max_hp_loss":0,"event_name":"Living Wall","floor":7,"gold_loss":0},{"damage_healed":0,"gold_gain":0,"player_choice":"Ignored","damage_taken":0,"max_hp_gain":0,"max_hp_loss":0,"event_name":"Liars Game","floor":8,"gold_loss":0},{"damage_healed":0,"gold_gain":0,"player_choice":"Ignored","damage_taken":0,"max_hp_gain":0,"max_hp_loss":0,"event_name":"Ghosts","floor":22,"gold_loss":0}],"is_beta":false,"boss_relics":[{"not_picked":["Ring of the Serpent","Runic Dome"],"picked":"Empty Cage"}],"items_purged_floors":[],"is_endless":false,"potions_floor_spawned":[1,3,13,16,18,20,21],"killed_by":"Book of Stabbing","ascension_level":8}