{"gold_per_floor":[116,116,116,140,161,184,184,222,271,271],"floor_reached":10,"playtime":400,"items_purged":[],"score":116,"play_id":"b9efe6e1-a51c-4da0-96ae-b9c4e0ca3463","local_time":"20190523210714","is_ascension_mode":true,"campfire_choices":[{"floor":7,"key":"REST"}],"neow_cost":"PERCENT_DAMAGE","seed_source_timestamp":105269327617711,"circlet_count":0,"master_deck":["AscendersBane","Defend_G","Defend_G","Defend_G","Defend_G","Defend_G","Strike_G","Strike_G","Strike_G","Strike_G","Strike_G","Survivor","Neutralize","Dagger Spray","Slice","Backstab","Noxious Fumes"],"relics":["Ring of the Snake","Incense Burner","Golden Idol","Bottled Flame","Lantern"],"potions_floor_usage":[8,10],"damage_taken":[{"damage":1,"enemies":"Small Slimes","floor":1,"turns":4},{"damage":0,"enemies":"Jaw Worm","floor":4,"turns":4},{"damage":0,"enemies":"2 Louse","floor":5,"turns":3},{"damage":4,"enemies":"Red Slaver","floor":6,"turns":4},{"damage":34,"enemies":"Lagavulin","floor":8,"turns":8},{"damage":25,"enemies":"3 Sentries","floor":10,"turns":4}],"seed_played":"3565789262757759035","potions_obtained":[{"floor":5,"key":"FearPotion"},{"floor":8,"key":"FearPotion"}],"is_trial":false,"path_per_floor":["M","?","?","M","M","M","R","E","T","E"],"character_chosen":"THE_SILENT","items_purchased":[],"campfire_rested":1,"item_purchase_floors":[],"current_hp_per_floor":[43,43,36,36,36,32,51,17,17,0],"gold":271,"neow_bonus":"ONE_RARE_RELIC","is_prod":false,"is_daily":false,"chose_seed":false,"campfire_upgraded":0,"win_rate":0,"timestamp":1558634834,"path_taken":["M","?","?","M","M","M","R","E","T","E"],"build_version":"2019-01-23","purchased_purges":0,"victory":false,"max_hp_per_floor":[66,66,66,66,66,66,66,66,66,66],"card_choices":[{"not_picked":["Underhanded Strike","Setup"],"picked":"Dagger Spray","floor":1},{"not_picked":["Flying Knee","Expertise"],"picked":"Slice","floor":4},{"not_picked":["Poisoned Stab","Deadly Poison"],"picked":"Backstab","floor":5},{"not_picked":["Acrobatics","Outmaneuver","Calculated Gamble"],"picked":"SKIP","floor":6},{"not_picked":["Acrobatics","Calculated Gamble"],"picked":"Noxious Fumes","floor":8}],"player_experience":485929,"relics_obtained":[{"floor":8,"key":"Bottled Flame"},{"floor":9,"key":"Lantern"}],"event_choices":[{"damage_healed":0,"gold_gain":0,"player_choice":"Take Wound","damage_taken":0,"relics_obtained":["Golden Idol"],"max_hp_gain":0,"max_hp_loss":0,"event_name":"Golden Idol","floor":2,"gold_loss":0,"cards_obtained":["Injury"]},{"cards_removed":["Injury"],"damage_healed":0,"gold_gain":0,"player_choice":"Card Removal","damage_taken":7,"max_hp_gain":0,"max_hp_loss":0,"event_name":"Golden Wing","floor":3,"gold_loss":0}],"is_beta":false,"boss_relics":[],"items_purged_floors":[],"is_endless":false,"potions_floor_spawned":[5,8],"killed_by":"3 Sentries","ascension_level":14}