{"gold_per_floor":[109,109,121,121,140,140,240,252,305,330,341,376,376,376,376,480,480],"floor_reached":17,"playtime":356,"items_purged":[],"score":165,"play_id":"0afff65c-857a-4292-a8b2-ad530eb42f34","local_time":"20190427122730","is_ascension_mode":false,"campfire_choices":[{"data":"Sucker Punch","floor":6,"key":"SMITH"},{"floor":15,"key":"REST"}],"neow_cost":"NONE","seed_source_timestamp":3079373040489577,"circlet_count":0,"master_deck":["Defend_G","Defend_G","Defend_G","Defend_G","Defend_G","Strike_G","Strike_G","Strike_G","Strike_G","Strike_G","Survivor","Neutralize+1","Slice","Sucker Punch+1","Regret","Quick Slash","Backstab+1","Cloak And Dagger","Cloak And Dagger","Well Laid Plans","Unload"],"relics":["Ring of the Snake","NeowsBlessing","Bronze Scales","Tiny Chest","The Courier","Omamori","Ornamental Fan","Busted Crown"],"potions_floor_usage":[12,16],"damage_taken":[{"damage":0,"enemies":"Small Slimes","floor":1,"turns":1},{"damage":0,"enemies":"Cultist","floor":3,"turns":1},{"damage":0,"enemies":"2 Louse","floor":5,"turns":1},{"damage":10,"enemies":"2 Fungi Beasts","floor":8,"turns":4},{"damage":25,"enemies":"Lagavulin","floor":10,"turns":6},{"damage":4,"enemies":"Gremlin Gang","floor":11,"turns":4},{"damage":9,"enemies":"Gremlin Nob","floor":12,"turns":3},{"damage":13,"enemies":"Hexaghost","floor":16,"turns":10}],"seed_played":"-653958303584806139","potions_obtained":[{"floor":3,"key":"Poison Potion"},{"floor":5,"key":"Explosive Potion"},{"floor":12,"key":"Strength Potion"}],"is_trial":false,"path_per_floor":["M","?","M","?","M","R","?","M","T","E","M","E","?","?","R","B",null],"character_chosen":"THE_SILENT","items_purchased":[],"campfire_rested":1,"item_purchase_floors":[],"current_hp_per_floor":[70,70,70,70,70,70,70,60,60,35,31,22,4,4,25,12,70],"gold":480,"neow_bonus":"THREE_ENEMY_KILL","is_prod":false,"is_daily":false,"chose_seed":false,"campfire_upgraded":1,"win_rate":0,"timestamp":1556393250,"path_taken":["M","?","M","?","M","R","?","M","T","E","?","E","?","?","R","BOSS"],"build_version":"2019-01-23","purchased_purges":0,"victory":false,"max_hp_per_floor":[70,70,70,70,70,70,70,70,70,70,70,70,70,70,70,70,70],"card_choices":[{"not_picked":["Flying Knee","Masterful Stab"],"picked":"Slice","floor":1},{"not_picked":["Dagger Throw","Accuracy"],"picked":"Sucker Punch","floor":3},{"not_picked":["PiercingWail","Slice"],"picked":"Quick Slash","floor":5},{"not_picked":["Predator","Backflip"],"picked":"Backstab","floor":8},{"not_picked":["Prepared","Heel Hook"],"picked":"Cloak And Dagger","floor":10},{"not_picked":["Sucker Punch","PiercingWail"],"picked":"Cloak And Dagger","floor":11},{"not_picked":["Tactician","Slice"],"picked":"Well Laid Plans","floor":12},{"not_picked":["Venomology","Phantasmal Killer"],"picked":"Unload","floor":16}],"player_experience":306555,"relics_obtained":[{"floor":9,"key":"Tiny Chest"},{"floor":10,"key":"The Courier"},{"floor":12,"key":"Omamori"}],"event_choices":[{"damage_healed":0,"gold_gain":0,"player_choice":"Grow","damage_taken":0,"max_hp_gain":0,"max_hp_loss":0,"event_name":"Living Wall","floor":2,"gold_loss":0,"cards_upgraded":["Neutralize"]},{"damage_healed":0,"gold_gain":0,"player_choice":"Box","damage_taken":0,"relics_obtained":["Bronze Scales"],"max_hp_gain":0,"max_hp_loss":0,"event_name":"Big Fish","floor":4,"gold_loss":0,"cards_obtained":["Regret"]},{"damage_healed":0,"gold_gain":100,"player_choice":"Gold","damage_taken":0,"max_hp_gain":0,"max_hp_loss":0,"event_name":"Wheel of Change","floor":7,"gold_loss":0},{"damage_healed":0,"gold_gain":0,"player_choice":"Success","damage_taken":18,"relics_obtained":["Ornamental Fan"],"max_hp_gain":0,"max_hp_loss":0,"event_name":"Scrap Ooze","floor":13,"gold_loss":0},{"damage_healed":0,"gold_gain":0,"player_choice":"Upgraded","damage_taken":0,"max_hp_gain":0,"max_hp_loss":0,"event_name":"Upgrade Shrine","floor":14,"gold_loss":0,"cards_upgraded":["Backstab"]}],"is_beta":false,"boss_relics":[{"not_picked":["Coffee Dripper","HoveringKite"],"picked":"Busted Crown"}],"items_purged_floors":[],"is_endless":false,"potions_floor_spawned":[3,5,12],"ascension_level":0}