{"gold_per_floor":[215,215,215,215,215,215,251,251,277,308,333,347,347,64,64,188,188,201,201,226,38,38,38,79,91,130,175,38,52,70,95,95,225,225,240,240,101,34,49,49,93,106,106,144,162,287,308,324,324,324],"floor_reached":51,"playtime":3016,"items_purged":["Pain"],"score":929,"play_id":"811fd63f-890c-43e3-8c36-a7cfc477262c","local_time":"20181212000255","is_ascension_mode":true,"campfire_choices":[{"floor":6,"key":"REST"},{"floor":8,"key":"REST"},{"data":"Barrage","floor":13,"key":"SMITH"},{"floor":15,"key":"REST"},{"data":"Apotheosis","floor":23,"key":"SMITH"},{"floor":32,"key":"REST"},{"data":"Discovery","floor":40,"key":"SMITH"},{"data":"Seek","floor":49,"key":"SMITH"}],"neow_cost":"NONE","seed_source_timestamp":9440992346500,"circlet_count":0,"master_deck":["Strike_B+1","Strike_B+1","Strike_B","Strike_B","Defend_B","Defend_B","Defend_B","Defend_B","Zap","Dualcast","Coolheaded","Injury","Defragment+1","Barrage+1","Stack","Coolheaded","Loop+1","Discovery+1","Barrage","Seek+1","Conserve Battery","Writhe","Apotheosis+1","RitualDagger","Chill","Multi-Cast","Loop+1","Cold Snap+1","Self Repair+1","Hologram+1","Reboot","Undo+1","Capacitor+1","Leap","BootSequence+1","Injury","Chill+1","Double Energy+1","Blizzard+1","Cold Snap","Heatsinks+1"],"relics":["Cracked Core","Frozen Egg 2","Golden Idol","Bag of Preparation","Art of War","Dream Catcher","Orichalcum","Sozu","PreservedInsect","Pen Nib","MawBank","WarpedTongs","Centennial Puzzle","Bag of Marbles","Cursed Key","Ancient Tea Set","Bronze Scales","Boot","DataDisk","Bird Faced Urn"],"potions_floor_usage":[10,18,29],"damage_taken":[{"damage":7,"enemies":"Jaw Worm","floor":1,"turns":3},{"damage":25,"enemies":"Lagavulin","floor":7,"turns":7},{"damage":4,"enemies":"Gremlin Nob","floor":10,"turns":4},{"damage":0,"enemies":"Small Slimes","floor":11,"turns":2},{"damage":11,"enemies":"2 Louse","floor":12,"turns":3},{"damage":0,"enemies":"Slime Boss","floor":16,"turns":9},{"damage":2,"enemies":"Chosen","floor":18,"turns":3},{"damage":19,"enemies":"Slavers","floor":24,"turns":6},{"damage":13,"enemies":"Gremlin Leader","floor":27,"turns":6},{"damage":12,"enemies":"3 Byrds","floor":29,"turns":6},{"damage":0,"enemies":"Sentry and Sphere","floor":30,"turns":3},{"damage":15,"enemies":"Centurion and Healer","floor":31,"turns":5},{"damage":7,"enemies":"Automaton","floor":33,"turns":11},{"damage":1,"enemies":"3 Darklings","floor":35,"turns":6},{"damage":20,"enemies":"3 Shapes","floor":39,"turns":4},{"damage":0,"enemies":"Giant Head","floor":41,"turns":8},{"damage":23,"enemies":"Sphere and 2 Shapes","floor":42,"turns":5},{"damage":34,"enemies":"Reptomancer","floor":44,"turns":7},{"damage":0,"enemies":"3 Darklings","floor":45,"turns":8},{"damage":11,"enemies":"Mind Bloom Boss Battle","floor":46,"turns":5},{"damage":0,"enemies":"Jaw Worm Horde","floor":47,"turns":4},{"damage":0,"enemies":"Maw","floor":48,"turns":9},{"damage":11,"enemies":"Time Eater","floor":50,"turns":13}],"seed_played":"-1588708731616320511","potions_obtained":[{"floor":1,"key":"SneckoOil"},{"floor":7,"key":"Block Potion"},{"floor":16,"key":"Poison Potion"}],"is_trial":false,"path_per_floor":["M","?","?","T","?","R","E","R","T","E","M","M","R","$","R","B",null,"M","?","T","$","?","R","E","?","T","E","$","M","M","M","R","B",null,"M","?","?","$","M","R","E","M","T","E","M","?","M","M","R","B",null],"character_chosen":"DEFECT","items_purchased":["Loop+1","Discovery","Orichalcum","Apotheosis","Loop+1","Capacitor+1"],"campfire_rested":4,"item_purchase_floors":[14,14,14,21,28,38],"current_hp_per_floor":[68,68,53,53,53,75,50,72,72,68,68,57,57,57,75,75,75,73,73,73,73,67,67,48,48,48,35,35,23,23,18,40,43,75,75,75,75,75,65,65,75,62,62,38,48,37,53,75,75,75],"gold":324,"neow_bonus":"HUNDRED_GOLD","is_prod":false,"is_daily":false,"chose_seed":false,"campfire_upgraded":4,"win_rate":0,"timestamp":1544569375,"path_taken":["M","?","?","?","?","R","E","R","T","E","M","M","R","$","R","BOSS","M","?","?","$","?","R","E","?","T","E","$","M","M","M","R","BOSS","M","?","?","$","M","R","E","?","T","E","M","?","M","M","R","BOSS"],"build_version":"2018-12-06","purchased_purges":1,"victory":true,"max_hp_per_floor":[75,75,75,75,75,75,75,75,75,75,75,75,75,75,75,75,75,75,75,75,75,75,75,75,75,75,75,75,75,75,75,75,75,75,75,75,75,75,75,75,75,75,75,75,75,75,75,75,75,75],"card_choices":[{"not_picked":["Hello World","Beam Cell"],"picked":"Coolheaded","floor":1},{"not_picked":["Sweeping Beam","Reinforced Body"],"picked":"Defragment+1","floor":7},{"not_picked":["Leap","Cold Snap"],"picked":"Barrage","floor":10},{"not_picked":["Hyperbeam","Streamline"],"picked":"Stack","floor":11},{"not_picked":["Redo","Reprogram"],"picked":"Coolheaded","floor":12},{"not_picked":["Beam Cell","Auto Shields"],"picked":"Barrage","floor":15},{"not_picked":["Fission","Hyperbeam"],"picked":"Seek","floor":16},{"not_picked":["Stack","Compile Driver"],"picked":"Conserve Battery","floor":18},{"not_picked":["Rip and Tear+1","Storm+1"],"picked":"Chill","floor":24},{"not_picked":["Force Field","Hologram"],"picked":"Multi-Cast","floor":27},{"not_picked":["Lockon","Steam Power"],"picked":"Cold Snap+1","floor":29},{"not_picked":["Streamline","Scrape"],"picked":"Self Repair+1","floor":30},{"not_picked":["FTL","Beam Cell+1","Chaos"],"picked":"SKIP","floor":31},{"not_picked":["Coolheaded","Undo"],"picked":"Hologram+1","floor":32},{"not_picked":["All For One","Core Surge"],"picked":"Reboot","floor":33},{"not_picked":["Redo","Steam+1"],"picked":"Undo+1","floor":35},{"not_picked":["Compile Driver+1","Streamline","Steam"],"picked":"SKIP","floor":39},{"not_picked":["Stack+1","Conserve Battery"],"picked":"Leap","floor":41},{"not_picked":["Stack","Gash+1"],"picked":"BootSequence+1","floor":42},{"not_picked":["White Noise","Gash"],"picked":"Chill+1","floor":44},{"not_picked":["Conserve Battery","Gash"],"picked":"Double Energy+1","floor":45},{"not_picked":["Gash","Genetic Algorithm"],"picked":"Blizzard+1","floor":46},{"not_picked":["Self Repair+1","Compile Driver"],"picked":"Cold Snap","floor":47},{"not_picked":["Reinforced Body+1","Leap"],"picked":"Heatsinks+1","floor":48}],"player_experience":277285,"relics_obtained":[{"floor":4,"key":"Frozen Egg 2"},{"floor":7,"key":"Bag of Preparation"},{"floor":9,"key":"Art of War"},{"floor":10,"key":"Dream Catcher"},{"floor":20,"key":"Pen Nib"},{"floor":24,"key":"MawBank"},{"floor":26,"key":"Centennial Puzzle"},{"floor":27,"key":"Bag of Marbles"},{"floor":41,"key":"Bronze Scales"},{"floor":43,"key":"Boot"},{"floor":44,"key":"DataDisk"},{"floor":46,"key":"Bird Faced Urn"}],"event_choices":[{"damage_healed":0,"gold_gain":0,"player_choice":"Ignored","damage_taken":0,"max_hp_gain":0,"max_hp_loss":0,"event_name":"Golden Wing","floor":2,"gold_loss":0},{"damage_healed":0,"gold_gain":0,"player_choice":"Entered Light","damage_taken":15,"max_hp_gain":0,"max_hp_loss":0,"event_name":"Shining Light","floor":3,"gold_loss":0,"cards_upgraded":["Strike_B","Strike_B"]},{"damage_healed":0,"gold_gain":0,"player_choice":"Take Wound","damage_taken":0,"relics_obtained":["Golden Idol"],"max_hp_gain":0,"max_hp_loss":0,"event_name":"Golden Idol","floor":5,"gold_loss":0,"cards_obtained":["Injury"]},{"damage_healed":0,"gold_gain":0,"player_choice":"Opened","damage_taken":0,"relics_obtained":["PreservedInsect"],"max_hp_gain":0,"max_hp_loss":0,"event_name":"The Mausoleum","floor":19,"gold_loss":0,"cards_obtained":["Writhe"]},{"damage_healed":0,"gold_gain":0,"player_choice":"Joined the Cult","damage_taken":6,"max_hp_gain":0,"max_hp_loss":0,"event_name":"Nest","floor":22,"gold_loss":0,"cards_obtained":["RitualDagger"]},{"damage_healed":0,"gold_gain":0,"player_choice":"Rummage","damage_taken":0,"relics_obtained":["WarpedTongs"],"max_hp_gain":0,"max_hp_loss":0,"event_name":"Accursed Blacksmith","floor":25,"gold_loss":0,"cards_obtained":["Pain"]},{"damage_healed":0,"gold_gain":0,"player_choice":"Ignored","damage_taken":0,"max_hp_gain":0,"max_hp_loss":0,"event_name":"Tomb of Lord Red Mask","floor":36,"gold_loss":0},{"damage_healed":0,"gold_gain":0,"player_choice":"Paid Gold","damage_taken":0,"relics_obtained":["Ancient Tea Set"],"max_hp_gain":0,"max_hp_loss":0,"event_name":"WeMeetAgain","floor":37,"gold_loss":139},{"damage_healed":0,"gold_gain":0,"player_choice":"Fight","damage_taken":0,"max_hp_gain":0,"max_hp_loss":0,"event_name":"MindBloom","floor":46,"gold_loss":0}],"is_beta":false,"boss_relics":[{"not_picked":["Velvet Choker","Runic Pyramid"],"picked":"Sozu"},{"not_picked":["Runic Dome","Astrolabe"],"picked":"Cursed Key"}],"items_purged_floors":[28],"is_endless":false,"potions_floor_spawned":[1,7,16,24,27,29,41,42,47],"ascension_level":2}