{"gold_per_floor":[114,126,145,145,165,165,242,254,254,264,274,226,226,241,241,241],"floor_reached":16,"playtime":488,"items_purged":[],"score":173,"play_id":"fbeca88e-598f-48a8-b67e-9ae78c27727c","local_time":"20190526040911","is_ascension_mode":true,"campfire_choices":[{"data":"Dualcast","floor":6,"key":"SMITH"},{"floor":13,"key":"REST"},{"floor":15,"key":"REST"}],"neow_cost":"NONE","seed_source_timestamp":832977536336793,"circlet_count":0,"master_deck":["AscendersBane","Strike_B","Strike_B","Strike_B","Strike_B","Defend_B","Defend_B","Defend_B","Defend_B","Zap","Dualcast+1","Conserve Battery","Hologram","Go for the Eyes","Recycle","Self Repair"],"relics":["Cracked Core","Matryoshka","Orichalcum","Pen Nib"],"potions_floor_usage":[16],"damage_taken":[{"damage":2,"enemies":"Jaw Worm","floor":1,"turns":4},{"damage":1,"enemies":"Cultist","floor":2,"turns":4},{"damage":5,"enemies":"2 Louse","floor":3,"turns":3},{"damage":2,"enemies":"Exordium Thugs","floor":5,"turns":6},{"damage":18,"enemies":"Large Slime","floor":8,"turns":6},{"damage":4,"enemies":"Looter","floor":10,"turns":4},{"damage":4,"enemies":"Exordium Wildlife","floor":11,"turns":4},{"damage":11,"enemies":"2 Fungi Beasts","floor":14,"turns":4},{"damage":74,"enemies":"Hexaghost","floor":16,"turns":14}],"seed_played":"5538619516653368728","potions_obtained":[{"floor":2,"key":"Poison Potion"},{"floor":5,"key":"FearPotion"}],"is_trial":false,"path_per_floor":["M","M","M","?","M","R","T","M","T","M","M","?","R","M","R","B"],"character_chosen":"DEFECT","items_purchased":[],"campfire_rested":2,"item_purchase_floors":[],"current_hp_per_floor":[69,68,63,63,61,61,61,43,43,39,35,35,58,47,70,0],"gold":241,"neow_bonus":"TEN_PERCENT_HP_BONUS","is_prod":false,"is_daily":false,"chose_seed":false,"campfire_upgraded":1,"win_rate":0,"timestamp":1558814951,"path_taken":["M","M","M","?","M","R","?","?","T","?","M","?","R","M","R","BOSS"],"build_version":"2019-01-23","purchased_purges":0,"victory":false,"max_hp_per_floor":[78,78,78,78,78,78,78,78,78,78,78,78,78,78,78,78],"card_choices":[{"not_picked":["Hologram","Lockon","Redo"],"picked":"SKIP","floor":1},{"not_picked":["Gash","Barrage"],"picked":"Conserve Battery","floor":2},{"not_picked":["Rebound","Heatsinks","Stack"],"picked":"SKIP","floor":3},{"not_picked":["Compile Driver","Fusion"],"picked":"Hologram","floor":5},{"not_picked":["Hello World","Stack"],"picked":"Go for the Eyes","floor":8},{"not_picked":["Beam Cell","Barrage","Steam"],"picked":"SKIP","floor":10},{"not_picked":["Compile Driver","White Noise"],"picked":"Recycle","floor":11},{"not_picked":["Go for the Eyes","Steam"],"picked":"Self Repair","floor":14}],"player_experience":602105,"relics_obtained":[{"floor":7,"key":"Matryoshka"},{"floor":9,"key":"Orichalcum"},{"floor":9,"key":"Pen Nib"}],"event_choices":[{"damage_healed":0,"gold_gain":0,"player_choice":"Ignored","damage_taken":0,"max_hp_gain":0,"max_hp_loss":0,"event_name":"Golden Idol","floor":4,"gold_loss":0},{"damage_healed":0,"gold_gain":0,"player_choice":"Left Gold","damage_taken":0,"max_hp_gain":0,"max_hp_loss":0,"event_name":"World of Goop","floor":12,"gold_loss":48}],"is_beta":false,"boss_relics":[],"items_purged_floors":[],"is_endless":false,"potions_floor_spawned":[2,5,11],"killed_by":"Hexaghost","ascension_level":16}