{"gold_per_floor":[114,129,129,149,164,164,194,194,194,269,296,296,2,28,28,99,99,114,149,119,133,133],"floor_reached":22,"playtime":1203,"items_purged":[],"score":354,"play_id":"e4869716-5e35-4ff8-a7f3-3a5223a5eb14","local_time":"20190131063416","is_ascension_mode":true,"campfire_choices":[{"floor":6,"key":"REST"},{"floor":8,"key":"REST"},{"floor":15,"key":"REST"}],"neow_cost":"NONE","seed_source_timestamp":0,"circlet_count":0,"master_deck":["AscendersBane","Strike_R","Strike_R","Strike_R","Strike_R","Strike_R","Defend_R","Defend_R","Defend_R","Bash","Double Tap","Perfected Strike","Second Wind","Pummel","Ghostly Armor","Seeing Red","Fire Breathing","Intimidate","Dark Embrace","Wild Strike","Pommel Strike+1"],"special_seed":0,"relics":["Black Blood","Mummified Hand","Pocketwatch","Incense Burner","Sundial","Mercury Hourglass","Singing Bowl","Red Mask"],"potions_floor_usage":[4,14,18,19,19,21,22],"damage_taken":[{"damage":10,"enemies":"Small Slimes","floor":1,"turns":4},{"damage":6,"enemies":"Cultist","floor":2,"turns":3},{"damage":0,"enemies":"Jaw Worm","floor":4,"turns":1},{"damage":16,"enemies":"Blue Slaver","floor":5,"turns":3},{"damage":35,"enemies":"3 Sentries","floor":7,"turns":8},{"damage":16,"enemies":"Gremlin Nob","floor":11,"turns":4},{"damage":14,"enemies":"Lagavulin","floor":14,"turns":5},{"damage":40,"enemies":"Hexaghost","floor":16,"turns":9},{"damage":6,"enemies":"Spheric Guardian","floor":18,"turns":3},{"damage":52,"enemies":"Masked Bandits","floor":19,"turns":6},{"damage":22,"enemies":"3 Byrds","floor":21,"turns":5},{"damage":15,"enemies":"3 Cultists","floor":22,"turns":3}],"seed_played":"4702216455867989543","potions_obtained":[{"floor":2,"key":"Poison Potion"},{"floor":7,"key":"Dexterity Potion"},{"floor":14,"key":"GamblersBrew"},{"floor":16,"key":"AttackPotion"},{"floor":18,"key":"Block Potion"},{"floor":19,"key":"GamblersBrew"},{"floor":20,"key":"Weak Potion"},{"floor":20,"key":"Dexterity Potion"}],"is_trial":false,"path_per_floor":["M","M","?","M","M","R","E","R","T","?","E","T","$","E","R","B",null,"M","?","?","M","M"],"character_chosen":"IRONCLAD","items_purchased":["Mercury Hourglass","Fire Breathing"],"campfire_rested":3,"item_purchase_floors":[13,13],"current_hp_per_floor":[64,64,64,70,60,75,46,68,68,57,47,47,47,39,61,27,63,69,27,27,15,0],"gold":133,"neow_bonus":"ONE_RANDOM_RARE_CARD","is_prod":false,"is_daily":false,"chose_seed":false,"campfire_upgraded":0,"win_rate":0,"timestamp":1548909256,"path_taken":["M","M","?","?","M","R","E","R","T","?","E","?","$","E","R","BOSS","M","?","?","M","?"],"build_version":"2019-01-23","purchased_purges":0,"victory":false,"max_hp_per_floor":[75,75,75,75,75,75,75,75,75,75,75,75,75,75,75,75,75,77,77,77,77,77],"card_choices":[{"not_picked":["Clothesline","Sword Boomerang"],"picked":"Perfected Strike","floor":1},{"not_picked":["Clothesline","Clash","Headbutt"],"picked":"SKIP","floor":2},{"not_picked":["Whirlwind","Sever Soul"],"picked":"Second Wind","floor":4},{"not_picked":["Warcry","Shockwave"],"picked":"Pummel","floor":5},{"not_picked":["Cleave","Battle Trance"],"picked":"Ghostly Armor","floor":7},{"not_picked":["Flame Barrier","Iron Wave"],"picked":"Seeing Red","floor":11},{"not_picked":["Infernal Blade","Headbutt"],"picked":"Intimidate","floor":14},{"not_picked":["Demon Form","Brutality"],"picked":"Dark Embrace","floor":16},{"not_picked":["Shrug It Off","Power Through","Flame Barrier"],"picked":"Singing Bowl","floor":18},{"not_picked":["Sword Boomerang","Infernal Blade"],"picked":"Wild Strike","floor":19},{"not_picked":["Armaments","Rage"],"picked":"Pommel Strike+1","floor":21}],"player_experience":397972,"relics_obtained":[{"floor":7,"key":"Mummified Hand"},{"floor":9,"key":"Pocketwatch"},{"floor":11,"key":"Incense Burner"},{"floor":12,"key":"Sundial"},{"floor":14,"key":"Singing Bowl"},{"floor":19,"key":"Red Mask"}],"event_choices":[{"cards_removed":["Defend_R"],"damage_healed":0,"gold_gain":0,"player_choice":"Offered Basic","damage_taken":0,"max_hp_gain":0,"max_hp_loss":0,"event_name":"Bonfire Elementals","floor":3,"gold_loss":0},{"damage_healed":0,"gold_gain":75,"player_choice":"Gather Gold","damage_taken":11,"max_hp_gain":0,"max_hp_loss":0,"event_name":"World of Goop","floor":10,"gold_loss":0},{"damage_healed":0,"gold_gain":0,"player_choice":"Fought Bandits","damage_taken":0,"max_hp_gain":0,"max_hp_loss":0,"event_name":"Masked Bandits","floor":19,"gold_loss":0},{"damage_healed":0,"gold_gain":0,"player_choice":"Bought 2 Potions","damage_taken":0,"max_hp_gain":0,"max_hp_loss":0,"event_name":"The Woman in Blue","floor":20,"gold_loss":0}],"is_beta":true,"boss_relics":[{"not_picked":["Eternal Feather","Empty Cage"],"picked":"Black Blood"}],"items_purged_floors":[],"is_endless":false,"potions_floor_spawned":[2,7,14,16,18,19],"killed_by":"3 Cultists","ascension_level":15}