{"gold_per_floor":[212,15,15,15,15,15,38,69,69,88,108,60,60,80,80,184,184,124,36,49,49,69,69],"floor_reached":23,"playtime":1472,"items_purged":["Strike_R"],"score":234,"play_id":"65fc71a0-5eb1-4a0d-bcb5-779a086698d7","local_time":"20190323145321","is_ascension_mode":true,"campfire_choices":[{"data":"Armaments","floor":6,"key":"SMITH"},{"floor":15,"key":"REST"}],"neow_cost":"NONE","seed_source_timestamp":63040091537221,"circlet_count":0,"master_deck":["Strike_R","Defend_R+1","Defend_R+1","Defend_R+1","Defend_R+1","Bash","Evolve","Armaments+1","Feel No Pain","Infernal Blade","Iron Wave","True Grit+1","Demon Form","True Grit+1","Second Wind","Pommel Strike","Wild Strike","Heavy Blade"],"relics":["Burning Blood","Odd Mushroom","Dodecahedron","War Paint","Empty Cage"],"potions_floor_usage":[14],"damage_taken":[{"damage":18,"enemies":"Jaw Worm","floor":1,"turns":5},{"damage":42,"enemies":"The Mushroom Lair","floor":7,"turns":8},{"damage":7,"enemies":"3 Sentries","floor":8,"turns":12},{"damage":0,"enemies":"2 Louse","floor":10,"turns":3},{"damage":0,"enemies":"Small Slimes","floor":11,"turns":3},{"damage":7,"enemies":"Exordium Wildlife","floor":14,"turns":5},{"damage":28,"enemies":"Slime Boss","floor":16,"turns":17},{"damage":7,"enemies":"2 Thieves","floor":18,"turns":4},{"damage":12,"enemies":"Shell Parasite","floor":20,"turns":14},{"damage":26,"enemies":"Snake Plant","floor":22,"turns":7},{"damage":40,"enemies":"Book of Stabbing","floor":23,"turns":6}],"seed_played":"-6953131279443016124","potions_obtained":[{"floor":11,"key":"AttackPotion"}],"is_trial":false,"path_per_floor":["M","$","?","$","?","R","?","E","T","M","M","$","?","M","R","B",null,"M","$","M","?","M","E"],"character_chosen":"IRONCLAD","items_purchased":["Armaments","Feel No Pain","True Grit","Second Wind","Fire Potion"],"campfire_rested":1,"item_purchase_floors":[2,2,12,19,19],"current_hp_per_floor":[68,68,61,61,45,45,9,8,8,14,20,20,20,19,43,21,65,64,64,58,58,38,0],"gold":69,"neow_bonus":"HUNDRED_GOLD","is_prod":false,"is_daily":false,"chose_seed":false,"campfire_upgraded":1,"win_rate":0,"timestamp":1553378001,"path_taken":["M","$","?","$","?","R","?","E","T","M","M","$","?","M","R","BOSS","M","$","?","?","M","E"],"build_version":"2019-01-23","purchased_purges":1,"victory":false,"max_hp_per_floor":[80,80,80,80,80,80,80,80,80,80,80,80,80,80,80,80,80,80,80,80,80,80,80],"card_choices":[{"not_picked":["Thunderclap","Havoc"],"picked":"Evolve","floor":1},{"not_picked":["Armaments","Sword Boomerang","Dropkick"],"picked":"SKIP","floor":8},{"not_picked":["Perfected Strike","Anger"],"picked":"Infernal Blade","floor":10},{"not_picked":["Searing Blow","Anger"],"picked":"Iron Wave","floor":11},{"not_picked":["Rampage","Thunderclap","Clash"],"picked":"SKIP","floor":14},{"not_picked":["Barricade","Feed"],"picked":"Demon Form","floor":16},{"not_picked":["Headbutt","Sword Boomerang"],"picked":"True Grit+1","floor":18},{"not_picked":["Heavy Blade","Cleave"],"picked":"Pommel Strike","floor":20},{"not_picked":["Offering","Perfected Strike+1"],"picked":"Heavy Blade","floor":22}],"player_experience":223993,"relics_obtained":[{"floor":7,"key":"Odd Mushroom"},{"floor":8,"key":"Dodecahedron"},{"floor":9,"key":"War Paint"}],"event_choices":[{"cards_removed":["Strike_R"],"damage_healed":0,"gold_gain":0,"player_choice":"Card Removal","damage_taken":7,"max_hp_gain":0,"max_hp_loss":0,"event_name":"Golden Wing","floor":3,"gold_loss":0},{"damage_healed":0,"gold_gain":0,"player_choice":"Entered Light","damage_taken":16,"max_hp_gain":0,"max_hp_loss":0,"event_name":"Shining Light","floor":5,"gold_loss":0,"cards_upgraded":["Defend_R","Defend_R"]},{"damage_healed":0,"gold_gain":0,"player_choice":"Fought Mushrooms","damage_taken":0,"max_hp_gain":0,"max_hp_loss":0,"event_name":"Mushrooms","floor":7,"gold_loss":0},{"damage_healed":0,"gold_gain":0,"player_choice":"Forge","damage_taken":0,"max_hp_gain":0,"max_hp_loss":0,"event_name":"Accursed Blacksmith","floor":13,"gold_loss":0,"cards_upgraded":["True Grit"]},{"damage_healed":0,"gold_gain":0,"player_choice":"Read","damage_taken":0,"max_hp_gain":0,"max_hp_loss":0,"event_name":"The Library","floor":21,"gold_loss":0,"cards_obtained":["Wild Strike"]}],"is_beta":false,"boss_relics":[{"not_picked":["Black Star","Runic Cube"],"picked":"Empty Cage"}],"items_purged_floors":[2],"is_endless":false,"potions_floor_spawned":[11],"killed_by":"Book of Stabbing","ascension_level":5}