{"gold_per_floor":[212,225,225,235,246,274,274,28,28,43,43,118,118,131,131,228,228,240,240,225,55,55],"floor_reached":22,"playtime":978,"items_purged":[],"score":288,"play_id":"b425ad4d-9038-4fc5-baf0-2f7842c91d13","local_time":"20190510190543","is_ascension_mode":true,"campfire_choices":[{"floor":7,"key":"REST"},{"data":"Defragment","floor":11,"key":"SMITH"},{"floor":13,"key":"REST"},{"floor":15,"key":"REST"}],"neow_cost":"NONE","seed_source_timestamp":1129410519910762,"circlet_count":0,"master_deck":["AscendersBane","Strike_B","Strike_B","Strike_B","Strike_B","Defend_B","Defend_B","Defend_B","Defend_B","Zap+1","Dualcast","Scrape","Reinforced Body","Defragment+1","Cold Snap","FTL","Demon Form","Mayhem","Escape Plan","Conserve Battery","Impatience","Defragment","Capacitor"],"relics":["Cracked Core","Omamori","PrismaticShard","Blue Candle","Fusion Hammer"],"potions_floor_usage":[5,5,16,16,18],"damage_taken":[{"damage":11,"enemies":"2 Louse","floor":1,"turns":4},{"damage":1,"enemies":"Cultist","floor":2,"turns":3},{"damage":0,"enemies":"Small Slimes","floor":4,"turns":3},{"damage":5,"enemies":"Gremlin Gang","floor":5,"turns":4},{"damage":36,"enemies":"Gremlin Nob","floor":6,"turns":5},{"damage":9,"enemies":"Exordium Thugs","floor":10,"turns":4},{"damage":0,"enemies":"Large Slime","floor":14,"turns":6},{"damage":55,"enemies":"Hexaghost","floor":16,"turns":9},{"damage":5,"enemies":"Chosen","floor":18,"turns":5},{"damage":14,"enemies":"2 Thieves","floor":20,"turns":4},{"damage":48,"enemies":"Cultist and Chosen","floor":22,"turns":8}],"seed_played":"1103125704974278003","potions_obtained":[{"floor":2,"key":"Swift Potion"},{"floor":4,"key":"Energy Potion"},{"floor":6,"key":"Block Potion"},{"floor":10,"key":"AttackPotion"},{"floor":18,"key":"Fruit Juice"}],"is_trial":false,"path_per_floor":["M","M","?","M","M","E","R","$","T","M","R","?","R","M","R","B",null,"M","?","M","$","M"],"character_chosen":"DEFECT","items_purchased":["PrismaticShard","FTL","Capacitor","SteroidPotion","SteroidPotion"],"campfire_rested":3,"item_purchase_floors":[8,8,21,21,21],"current_hp_per_floor":[57,56,56,56,51,15,37,37,37,28,28,17,39,39,61,6,58,58,58,44,44,0],"gold":55,"neow_bonus":"HUNDRED_GOLD","is_prod":false,"is_daily":false,"chose_seed":false,"campfire_upgraded":1,"win_rate":0,"timestamp":1557540343,"path_taken":["M","M","?","?","?","E","R","?","T","M","R","?","R","M","R","BOSS","M","?","?","$","M"],"build_version":"2019-01-23","purchased_purges":0,"victory":false,"max_hp_per_floor":[75,75,75,75,75,75,75,75,75,75,75,75,75,75,75,75,75,80,80,80,80,80],"card_choices":[{"not_picked":["Turbo","Force Field"],"picked":"Scrape","floor":1},{"not_picked":["Storm","Hologram"],"picked":"Reinforced Body","floor":2},{"not_picked":["Redo","Compile Driver","Darkness"],"picked":"SKIP","floor":4},{"not_picked":["Consume","Rebound"],"picked":"Defragment","floor":5},{"not_picked":["Blizzard","Steam"],"picked":"Cold Snap","floor":6},{"not_picked":["Clothesline","Acrobatics","Clash"],"picked":"SKIP","floor":10},{"not_picked":["Compile Driver","Uppercut"],"picked":"Demon Form","floor":14},{"not_picked":["Secret Weapon","Chrysalis"],"picked":"Mayhem","floor":16},{"not_picked":["Infernal Blade","Flex"],"picked":"Escape Plan","floor":18},{"not_picked":["Clothesline","Flex","Doom and Gloom"],"picked":"SKIP","floor":20}],"player_experience":351679,"relics_obtained":[{"floor":6,"key":"Omamori"},{"floor":9,"key":"Blue Candle"}],"event_choices":[{"damage_healed":0,"gold_gain":0,"player_choice":"Upgraded","damage_taken":0,"max_hp_gain":0,"max_hp_loss":0,"event_name":"Upgrade Shrine","floor":3,"gold_loss":0,"cards_upgraded":["Zap"]},{"damage_healed":0,"gold_gain":75,"player_choice":"Gather Gold","damage_taken":11,"max_hp_gain":0,"max_hp_loss":0,"event_name":"World of Goop","floor":12,"gold_loss":0},{"damage_healed":0,"gold_gain":0,"player_choice":"3 cards matched","damage_taken":0,"max_hp_gain":0,"max_hp_loss":0,"event_name":"Match and Keep!","floor":19,"gold_loss":0,"cards_obtained":["Conserve Battery","Impatience","Defragment"]}],"is_beta":false,"boss_relics":[{"not_picked":["Empty Cage","Tiny House"],"picked":"Fusion Hammer"}],"items_purged_floors":[],"is_endless":false,"potions_floor_spawned":[2,4,6,10,14,18],"killed_by":"Cultist and Chosen","ascension_level":11}