{"gold_per_floor":[114,114,64,82,99,130,205,232,232,267,282,314,314,314,314,445,445,459,474,474,498,120,154,154,187,187,200,240,240,274,292,292,417,417,433,433,433,26,39,39,59,97,150,181,56,112,143,179,179,179],"floor_reached":51,"playtime":3218,"items_purged":["Injury","Regret","Pain"],"score":1311,"play_id":"51e900da-22bb-4183-bfa6-fce7aeeb46d8","local_time":"20181009232251","is_ascension_mode":true,"campfire_choices":[{"floor":15,"key":"REST"},{"floor":24,"key":"REST"},{"floor":29,"key":"REST"},{"data":"Perfected Strike","floor":32,"key":"SMITH"},{"data":"Metallicize","floor":40,"key":"SMITH"},{"data":"Seeing Red","floor":49,"key":"SMITH"}],"neow_cost":"","seed_source_timestamp":1422705689013406,"circlet_count":0,"master_deck":["Strike_R+1","Strike_R+1","Strike_R+1","Strike_R+1","Strike_R+1","Defend_R+1","Defend_R+1","Defend_R+1","Bash+1","Perfected Strike+1","Perfected Strike+1","Infernal Blade+1","Headbutt+1","Feed+1","Twin Strike+1","Metallicize","Bludgeon+1","Fiend Fire+1","Perfected Strike+1","Metallicize+1","Perfected Strike+1","Pommel Strike+1","Seeing Red+1","Infernal Blade+1","Metallicize","Perfected Strike+1","Twin Strike+1","Immolate+1","Parasite","Shame","Sword Boomerang+1","Twin Strike+1","Twin Strike+1","Pommel Strike+1","Pain","Twin Strike+1","Perfected Strike+1","Rage+1","Headbutt+1"],"relics":["Burning Blood","Molten Egg 2","Oddly Smooth Stone","Bottled Lightning","Ornamental Fan","Lantern","Ice Cream","Golden Idol","Cursed Key","Happy Flower","Bronze Scales","Du-Vu Doll","Pocketwatch","Prayer Wheel","War Paint","Letter Opener","Calling Bell","Vajra","Toxic Egg 2","Champion Belt","Toolbox","PreservedInsect","Blood Vial","Bottled Flame","WingedGreaves","Mango","Art of War"],"potions_floor_usage":[11,12,21,28,33,33,50,50,50],"damage_taken":[{"damage":4,"enemies":"Small Slimes","floor":1,"turns":3},{"damage":2,"enemies":"Jaw Worm","floor":4,"turns":3},{"damage":0,"enemies":"Cultist","floor":5,"turns":2},{"damage":7,"enemies":"Gremlin Nob","floor":6,"turns":3},{"damage":30,"enemies":"3 Sentries","floor":8,"turns":7},{"damage":20,"enemies":"Lagavulin","floor":10,"turns":5},{"damage":5,"enemies":"Exordium Thugs","floor":11,"turns":3},{"damage":4,"enemies":"Gremlin Nob","floor":12,"turns":4},{"damage":0,"enemies":"Slime Boss","floor":16,"turns":4},{"damage":4,"enemies":"3 Byrds","floor":18,"turns":4},{"damage":0,"enemies":"Spheric Guardian","floor":19,"turns":2},{"damage":23,"enemies":"Shelled Parasite and Fungi","floor":21,"turns":4},{"damage":10,"enemies":"Slavers","floor":23,"turns":3},{"damage":14,"enemies":"Gremlin Leader","floor":25,"turns":3},{"damage":23,"enemies":"Centurion and Healer","floor":27,"turns":3},{"damage":8,"enemies":"Book of Stabbing","floor":28,"turns":2},{"damage":5,"enemies":"Gremlin Leader","floor":30,"turns":3},{"damage":7,"enemies":"3 Cultists","floor":31,"turns":4},{"damage":20,"enemies":"Champ","floor":33,"turns":5},{"damage":0,"enemies":"3 Darklings","floor":35,"turns":2},{"damage":0,"enemies":"Orb Walker","floor":39,"turns":1},{"damage":2,"enemies":"Reptomancer","floor":41,"turns":2},{"damage":8,"enemies":"Giant Head","floor":42,"turns":5},{"damage":20,"enemies":"2 Orb Walkers","floor":44,"turns":3},{"damage":7,"enemies":"Mysterious Sphere","floor":46,"turns":2},{"damage":0,"enemies":"Giant Head","floor":47,"turns":1},{"damage":0,"enemies":"Nemesis","floor":48,"turns":1},{"damage":26,"enemies":"Awakened One","floor":50,"turns":6}],"seed_played":"-3632209985773961986","potions_obtained":[{"floor":5,"key":"Block Potion"},{"floor":10,"key":"FearPotion"},{"floor":12,"key":"AttackPotion"},{"floor":16,"key":"LiquidBronze"},{"floor":21,"key":"Energy Potion"},{"floor":25,"key":"Energy Potion"},{"floor":28,"key":"SpeedPotion"}],"is_trial":false,"path_per_floor":["M","?","$","M","M","E","?","E","T","E","M","E","?","?","R","B",null,"M","M","?","M","$","E","R","E","T","M","E","R","E","M","R","B",null,"M","?","?","$","M","R","M","E","T","E","$","?","E","E","R","B"],"character_chosen":"IRONCLAD","items_purchased":["Block Potion","Happy Flower","Bronze Scales","Toolbox","Block Potion","SteroidPotion"],"campfire_rested":3,"item_purchase_floors":[3,22,22,38,38,38],"current_hp_per_floor":[80,62,62,66,72,71,63,39,39,25,30,32,32,15,40,50,88,88,88,88,71,71,71,92,84,84,71,69,96,100,99,99,85,100,104,104,104,104,104,104,104,102,102,94,94,99,121,126,126,106],"gold":179,"neow_bonus":"","is_prod":false,"is_daily":false,"chose_seed":false,"campfire_upgraded":3,"win_rate":0,"timestamp":1539116571,"path_taken":["M","?","$","M","M","E","?","E","T","E","M","E","?","?","R","BOSS","M","M","?","?","$","E","R","E","T","M","E","R","E","M","R","BOSS","M","?","?","$","M","R","M","E","T","E","$","?","E","E","R","BOSS"],"build_version":"2018-10-08","purchased_purges":3,"victory":true,"max_hp_per_floor":[80,80,80,80,80,80,80,80,80,80,84,84,84,84,84,88,88,88,88,88,88,88,92,92,92,92,96,96,96,100,100,100,100,100,104,104,104,104,104,104,104,104,104,108,108,112,126,126,126,126],"card_choices":[{"not_picked":["Havoc","Anger"],"picked":"Perfected Strike","floor":1},{"not_picked":["Warcry","Clothesline+1"],"picked":"Perfected Strike+1","floor":4},{"not_picked":["Fiend Fire+1","Flex"],"picked":"Infernal Blade","floor":5},{"not_picked":["Dual Wield","Iron Wave+1"],"picked":"Headbutt+1","floor":6},{"not_picked":["Dropkick+1","Bludgeon+1"],"picked":"Feed+1","floor":8},{"not_picked":["Warcry","Wild Strike+1"],"picked":"Twin Strike+1","floor":10},{"not_picked":["Clash+1","Evolve"],"picked":"Metallicize","floor":11},{"not_picked":["Havoc","Bloodletting"],"picked":"Bludgeon+1","floor":12},{"not_picked":["Brutality","Demon Form"],"picked":"Fiend Fire+1","floor":16},{"not_picked":["Twin Strike+1","Bloodletting+1"],"picked":"Perfected Strike+1","floor":18},{"not_picked":["Ghostly Armor","Thunderclap+1"],"picked":"Metallicize","floor":19},{"not_picked":["Warcry","Clash+1"],"picked":"Perfected Strike+1","floor":21},{"not_picked":["Ghostly Armor","Reckless Charge+1"],"picked":"Pommel Strike+1","floor":23},{"not_picked":["Barricade","Headbutt+1"],"picked":"Seeing Red","floor":25},{"not_picked":["Sword Boomerang+1","True Grit"],"picked":"Infernal Blade","floor":27},{"not_picked":["Havoc","Rampage+1","Iron Wave+1"],"picked":"SKIP","floor":27},{"not_picked":["Sword Boomerang+1","Evolve"],"picked":"Metallicize","floor":28},{"not_picked":["Bludgeon+1","Cleave+1"],"picked":"Perfected Strike+1","floor":30},{"not_picked":["Iron Wave+1","Heavy Blade+1"],"picked":"Twin Strike+1","floor":31},{"not_picked":["Blood for Blood+1","Carnage+1","Dropkick+1"],"picked":"SKIP","floor":31},{"not_picked":["Juggernaut","Impervious"],"picked":"Immolate+1","floor":33},{"not_picked":["Body Slam+1","Anger+1"],"picked":"Sword Boomerang+1","floor":35},{"not_picked":["Body Slam+1","Blood for Blood+1"],"picked":"Twin Strike+1","floor":35},{"not_picked":["Combust","Rampage+1"],"picked":"Twin Strike+1","floor":39},{"not_picked":["Sword Boomerang+1","Body Slam+1","Iron Wave+1"],"picked":"SKIP","floor":39},{"not_picked":["Impervious+1","Pummel+1"],"picked":"Pommel Strike+1","floor":41},{"not_picked":["Body Slam+1","Blood for Blood+1","Havoc+1"],"picked":"SKIP","floor":41},{"not_picked":["Whirlwind+1","Dark Embrace","Flame Barrier+1"],"picked":"SKIP","floor":42},{"not_picked":["Sword Boomerang+1","Searing Blow+1"],"picked":"Twin Strike+1","floor":44},{"not_picked":["Cleave+1","Iron Wave+1"],"picked":"Perfected Strike+1","floor":46},{"not_picked":["Clash+1","Iron Wave+1"],"picked":"Rage+1","floor":47},{"not_picked":["Havoc+1","Evolve+1"],"picked":"Headbutt+1","floor":48}],"player_experience":247660,"relics_obtained":[{"floor":6,"key":"Oddly Smooth Stone"},{"floor":8,"key":"Bottled Lightning"},{"floor":9,"key":"Ornamental Fan"},{"floor":10,"key":"Lantern"},{"floor":12,"key":"Ice Cream"},{"floor":23,"key":"Du-Vu Doll"},{"floor":25,"key":"Pocketwatch"},{"floor":26,"key":"Prayer Wheel"},{"floor":28,"key":"War Paint"},{"floor":30,"key":"Letter Opener"},{"floor":34,"key":"Vajra"},{"floor":34,"key":"Toxic Egg 2"},{"floor":34,"key":"Champion Belt"},{"floor":42,"key":"PreservedInsect"},{"floor":43,"key":"Blood Vial"},{"floor":44,"key":"Bottled Flame"},{"floor":46,"key":"WingedGreaves"},{"floor":47,"key":"Mango"},{"floor":48,"key":"Art of War"}],"event_choices":[{"event_name":"Scrap Ooze","player_choice":"success","floor":2,"damage_taken":18},{"event_name":"FaceTrader","player_choice":"Touch","floor":7,"damage_taken":0},{"event_name":"Golden Idol","player_choice":"Take Wound","floor":13,"damage_taken":0},{"event_name":"Shining Light","player_choice":"Entered Light","floor":14,"damage_taken":0},{"event_name":"Back to Basics","player_choice":"Simplicity","floor":20,"damage_taken":0},{"event_name":"Falling","player_choice":"Removed Skill","floor":36,"damage_taken":0},{"event_name":"Tomb of Lord Red Mask","player_choice":"Ignored","floor":37,"damage_taken":0},{"event_name":"Mysterious Sphere","player_choice":"Fight","floor":46,"damage_taken":0}],"is_beta":true,"boss_relics":[{"not_picked":["Runic Cube","Astrolabe"],"picked":"Cursed Key"},{"not_picked":["Mark of Pain","Busted Crown"],"picked":"Calling Bell"}],"items_purged_floors":[22,38,45],"is_endless":false,"potions_floor_spawned":[5,10,12,16,21,25,28,30,31,42,44,47,48],"ascension_level":3}