{"gold_per_floor":[368,383,383,399,27,58,58,18,18,18,44,57,76,109,109,208,208,225,240,252,177,63,63,63,63,63,73,93,93,28,46,46,147,147,166,215,283,283,228,228,258,258,310,320,320,355,369,380,380,380],"floor_reached":51,"playtime":2328,"items_purged":["Regret"],"score":834,"play_id":"b2f6a065-e52d-41a6-908d-e96309a4ac66","local_time":"20181205005528","is_ascension_mode":true,"campfire_choices":[{"floor":10,"key":"REST"},{"floor":15,"key":"REST"},{"data":"Accuracy","floor":23,"key":"SMITH"},{"data":"Accuracy","floor":25,"key":"SMITH"},{"floor":29,"key":"REST"},{"floor":32,"key":"REST"},{"data":"1","floor":40,"key":"LIFT"},{"floor":42,"key":"REST"},{"floor":49,"key":"REST"}],"neow_cost":"CURSE","seed_source_timestamp":11872875586000,"circlet_count":0,"master_deck":["Defend_G","Defend_G","Defend_G","Defend_G","Defend_G","Strike_G","Strike_G","Strike_G","Strike_G+1","Survivor","Neutralize+1","Dagger Spray","Quick Slash","Sucker Punch+1","Heel Hook+1","Backflip","Accuracy+1","Dagger Spray+1","Backflip","Blade Dance","Sucker Punch+1","Footwork","Die Die Die+1","Infinite Blades","Accuracy+1","Blade Dance","Backstab+1","Blade Dance","Dodge and Roll","Choke+1","Cloak And Dagger","Adrenaline","Terror","Cloak And Dagger+1","Footwork","Backstab+1","PiercingWail+1","PiercingWail+1","Blade Dance+1","Crippling Poison+1"],"relics":["Ring of the Snake","Blood Vial","Molten Egg 2","The Courier","Letter Opener","Ninja Scroll","Incense Burner","WristBlade","Tingsha","Black Star","Girya","Kunai","Toxic Egg 2","Shuriken","Lantern","Ornamental Fan","Darkstone Periapt"],"potions_floor_usage":[4,6,6,11,11,13,14,20,28,33,36,41,46],"damage_taken":[{"damage":4,"enemies":"Cultist","floor":1,"turns":4},{"damage":1,"enemies":"2 Louse","floor":2,"turns":2},{"damage":4,"enemies":"Jaw Worm","floor":4,"turns":5},{"damage":21,"enemies":"Gremlin Nob","floor":6,"turns":4},{"damage":22,"enemies":"Lagavulin","floor":11,"turns":7},{"damage":6,"enemies":"Blue Slaver","floor":12,"turns":3},{"damage":5,"enemies":"Exordium Thugs","floor":13,"turns":2},{"damage":19,"enemies":"3 Sentries","floor":14,"turns":5},{"damage":42,"enemies":"The Guardian","floor":16,"turns":13},{"damage":22,"enemies":"Spheric Guardian","floor":18,"turns":3},{"damage":2,"enemies":"3 Byrds","floor":19,"turns":4},{"damage":16,"enemies":"Cultist and Chosen","floor":20,"turns":6},{"damage":0,"enemies":"Sentry and Sphere","floor":27,"turns":1},{"damage":15,"enemies":"Snake Plant","floor":28,"turns":2},{"damage":0,"enemies":"3 Cultists","floor":31,"turns":3},{"damage":46,"enemies":"Champ","floor":33,"turns":11},{"damage":0,"enemies":"Orb Walker","floor":35,"turns":1},{"damage":34,"enemies":"2 Orb Walkers","floor":36,"turns":4},{"damage":22,"enemies":"Giant Head","floor":41,"turns":9},{"damage":0,"enemies":"3 Shapes","floor":44,"turns":2},{"damage":2,"enemies":"Reptomancer","floor":46,"turns":2},{"damage":9,"enemies":"Jaw Worm Horde","floor":47,"turns":3},{"damage":20,"enemies":"Transient","floor":48,"turns":5},{"damage":14,"enemies":"Awakened One","floor":50,"turns":11}],"seed_played":"6477611884885241769","potions_obtained":[{"floor":1,"key":"EntropicBrew"},{"floor":6,"key":"GhostInAJar"},{"floor":11,"key":"Strength Potion"},{"floor":12,"key":"Fire Potion"},{"floor":19,"key":"LiquidBronze"},{"floor":27,"key":"SteroidPotion"},{"floor":31,"key":"Strength Potion"},{"floor":35,"key":"Energy Potion"},{"floor":36,"key":"Fire Potion"},{"floor":41,"key":"Swift Potion"}],"is_trial":false,"path_per_floor":["M","M","?","M","$","E","?","$","T","R","E","M","M","E","R","B",null,"M","M","M","?","$","R","?","R","T","M","M","R","$","M","R","B",null,"M","?","T","?","$","R","E","R","T","M","?","E","M","M","R","B",null],"character_chosen":"THE_SILENT","items_purchased":["Molten Egg 2","Sucker Punch+1","Heel Hook+1","Backflip","Dagger Spray+1","Backstab+1","Choke+1","Footwork"],"campfire_rested":6,"item_purchase_floors":[5,5,5,5,8,22,30,39],"current_hp_per_floor":[66,65,65,63,63,49,35,35,35,56,51,47,44,27,48,8,70,48,48,34,34,34,34,34,34,34,36,23,44,44,46,67,23,70,70,36,36,36,36,36,16,37,37,39,39,39,32,14,35,23],"gold":380,"neow_bonus":"TWO_FIFTY_GOLD","is_prod":false,"is_daily":false,"chose_seed":false,"campfire_upgraded":2,"win_rate":0,"timestamp":1543967728,"path_taken":["M","?","?","M","$","E","?","$","T","R","E","M","M","E","R","BOSS","M","M","M","?","$","R","?","R","T","?","M","R","$","M","R","BOSS","M","?","?","?","$","R","E","R","T","?","?","E","M","?","R","BOSS"],"build_version":"2018-11-15","purchased_purges":1,"victory":true,"max_hp_per_floor":[70,70,70,70,70,70,70,70,70,70,70,70,70,70,70,70,70,70,70,70,70,70,70,70,70,70,70,70,70,70,70,70,70,70,70,70,70,70,70,70,70,70,70,70,70,70,70,70,70,70],"card_choices":[{"not_picked":["Slice","Sucker Punch"],"picked":"Dagger Spray","floor":1},{"not_picked":["Outmaneuver","Cloak And Dagger"],"picked":"Dodge and Roll","floor":2},{"not_picked":["Deflect","Dagger Throw"],"picked":"Quick Slash","floor":4},{"not_picked":["Burst","Flechettes+1"],"picked":"Accuracy","floor":6},{"not_picked":["Calculated Gamble","Leg Sweep"],"picked":"Backflip","floor":11},{"not_picked":["Bane+1","Catalyst"],"picked":"Blade Dance","floor":12},{"not_picked":["Bouncing Flask","Slice+1"],"picked":"Sucker Punch+1","floor":13},{"not_picked":["Dagger Spray+1","Concentrate"],"picked":"Footwork","floor":14},{"not_picked":["A Thousand Cuts","Glass Knife+1"],"picked":"Die Die Die+1","floor":16},{"not_picked":["Outmaneuver","Riddle With Holes+1"],"picked":"Infinite Blades","floor":18},{"not_picked":["Deadly Poison","Flying Knee+1"],"picked":"Accuracy","floor":19},{"not_picked":["Predator+1","Acrobatics+1"],"picked":"Blade Dance","floor":20},{"not_picked":["Flying Knee+1","Dagger Spray+1","Tools of the Trade"],"picked":"SKIP","floor":27},{"not_picked":["Flying Knee+1","Setup"],"picked":"Dodge and Roll","floor":28},{"not_picked":["Finisher+1","Outmaneuver"],"picked":"Cloak And Dagger","floor":31},{"not_picked":["Glass Knife+1","Venomology"],"picked":"Adrenaline","floor":33},{"not_picked":["PiercingWail","Backflip+1"],"picked":"Terror","floor":35},{"not_picked":["Masterful Stab+1","PiercingWail+1"],"picked":"Cloak And Dagger+1","floor":36},{"not_picked":["Backflip","Bane+1"],"picked":"Backstab+1","floor":41},{"not_picked":["Deadly Poison+1","Caltrops"],"picked":"PiercingWail+1","floor":44},{"not_picked":["Heel Hook+1","Quick Slash+1"],"picked":"PiercingWail+1","floor":46},{"not_picked":["Storm of Steel+1","Setup+1"],"picked":"Blade Dance+1","floor":47},{"not_picked":["Quick Slash+1","Skewer+1"],"picked":"Crippling Poison+1","floor":48}],"player_experience":267376,"relics_obtained":[{"floor":6,"key":"The Courier"},{"floor":9,"key":"Letter Opener"},{"floor":11,"key":"Ninja Scroll"},{"floor":14,"key":"Incense Burner"},{"floor":26,"key":"Tingsha"},{"floor":36,"key":"Girya"},{"floor":37,"key":"Kunai"},{"floor":41,"key":"Toxic Egg 2"},{"floor":41,"key":"Shuriken"},{"floor":43,"key":"Lantern"},{"floor":46,"key":"Ornamental Fan"},{"floor":46,"key":"Darkstone Periapt"}],"event_choices":[{"damage_healed":0,"gold_gain":0,"player_choice":"Box","damage_taken":0,"relics_obtained":["Blood Vial"],"max_hp_gain":0,"max_hp_loss":0,"event_name":"Big Fish","floor":3,"gold_loss":0,"cards_obtained":["Regret"]},{"damage_healed":0,"gold_gain":0,"player_choice":"Entered Light","damage_taken":14,"max_hp_gain":0,"max_hp_loss":0,"event_name":"Shining Light","floor":7,"gold_loss":0,"cards_upgraded":["Neutralize","Strike_G"]},{"cards_removed":["Pain"],"damage_healed":0,"gold_gain":0,"player_choice":"Gave Gold","damage_taken":0,"max_hp_gain":0,"max_hp_loss":0,"event_name":"Beggar","floor":21,"gold_loss":75},{"damage_healed":0,"gold_gain":0,"player_choice":"Read","damage_taken":0,"max_hp_gain":0,"max_hp_loss":0,"event_name":"The Library","floor":24,"gold_loss":0,"cards_obtained":["Blade Dance"]},{"damage_healed":0,"gold_gain":0,"player_choice":"Fight","damage_taken":0,"max_hp_gain":0,"max_hp_loss":0,"event_name":"Mysterious Sphere","floor":36,"gold_loss":0},{"cards_removed":["Dodge and Roll"],"damage_healed":0,"gold_gain":0,"player_choice":"Removed Skill","damage_taken":0,"max_hp_gain":0,"max_hp_loss":0,"event_name":"Falling","floor":38,"gold_loss":0},{"cards_removed":["Strike_G"],"damage_healed":0,"gold_gain":0,"player_choice":"Purged","damage_taken":0,"max_hp_gain":0,"max_hp_loss":0,"event_name":"Purifier","floor":45,"gold_loss":0}],"is_beta":false,"boss_relics":[{"not_picked":["Ectoplasm","Ring of the Serpent"],"picked":"WristBlade"},{"not_picked":["Velvet Choker","Busted Crown"],"picked":"Black Star"}],"items_purged_floors":[22],"is_endless":false,"potions_floor_spawned":[1,6,11,12,19,27,31,35,36,41],"ascension_level":1}