{"path_per_floor":["M","?","?","?","M","E","M","E","T","E","R","?","E","$","R","B",null,"M","$","M","?","?","M"],"character_chosen":"DEFECT","items_purchased":["Capacitor","Blue Candle","Blaster","Omamori"],"gold_per_floor":[111,111,111,286,297,332,351,380,407,435,435,435,468,59,59,162,162,179,30,40,290,290,310,310],"floor_reached":24,"campfire_rested":2,"playtime":1711,"current_hp_per_floor":[72,39,24,24,22,20,20,14,14,11,33,33,28,28,50,34,75,64,64,57,57,43,38,0],"items_purged":["Doubt"],"gold":310,"score":233,"play_id":"7f8d9a80-9415-4ece-8c38-b2929b52d3fb","local_time":"20180502230304","is_prod":false,"is_daily":false,"chose_seed":false,"is_ascension_mode":true,"campfire_upgraded":0,"timestamp":1525291384,"path_taken":["M","?","?","?","M","E","?","E","T","E","R","?","E","$","R","BOSS","M","$","M","?","?","M","E"],"build_version":"2018-05-01v2","seed_source_timestamp":108998481669952,"purchased_purges":1,"victory":false,"master_deck":["Strike_B","Strike_B","Strike_B+1","Strike_B","Defend_B+1","Defend_B","Defend_B","Defend_B","Zap","Dualcast","Cold Snap+1","Coolheaded","Go for the Eyes+1","Capacitor","Sweeping Beam","Reboot","Impulse","Capacitor","Blaster","Machine Learning","Barrage+1","Streamline","Impulse"],"max_hp_per_floor":[75,75,75,75,75,75,75,75,75,75,75,75,75,75,75,75,75,75,75,75,75,80,80,80],"relics":["Cracked Core","Lantern","Whetstone","Ginger","Orichalcum","Art of War","Ornamental Fan","Blue Candle","Eternal Feather","Omamori"],"card_choices":[{"not_picked":["Storm","Leap"],"picked":"Cold Snap","floor":1},{"not_picked":["Barrage","Consume"],"picked":"Coolheaded","floor":5},{"not_picked":["Ball Lightning","Skim"],"picked":"Go for the Eyes","floor":6},{"not_picked":["Cold Snap","Stack"],"picked":"Capacitor","floor":7},{"not_picked":["Hologram","Reprieve"],"picked":"Sweeping Beam","floor":8},{"not_picked":["Barrage","Chaos"],"picked":"Reboot","floor":10},{"not_picked":["Coolheaded","Cold Snap"],"picked":"Impulse","floor":13},{"not_picked":["All For One","Biased Cognition"],"picked":"Machine Learning","floor":16},{"not_picked":["Stack","Coolheaded"],"picked":"Barrage","floor":18},{"not_picked":["Impulse","Skim"],"picked":"Streamline","floor":20},{"not_picked":["Leap","Stack"],"picked":"Impulse","floor":23}],"player_experience":197267,"potions_floor_usage":[6,8,13,16,23],"damage_taken":[{"damage":3,"enemies":"Jaw Worm","floor":1,"turns":3},{"damage":2,"enemies":"Small Slimes","floor":5,"turns":2},{"damage":2,"enemies":"Gremlin Nob","floor":6,"turns":4},{"damage":0,"enemies":"Cultist","floor":7,"turns":3},{"damage":6,"enemies":"Lagavulin","floor":8,"turns":7},{"damage":3,"enemies":"3 Sentries","floor":10,"turns":7},{"damage":5,"enemies":"Gremlin Nob","floor":13,"turns":4},{"damage":16,"enemies":"Slime Boss","floor":16,"turns":14},{"damage":11,"enemies":"Chosen","floor":18,"turns":5},{"damage":7,"enemies":"3 Byrds","floor":20,"turns":5},{"damage":20,"enemies":"Centurion and Healer","floor":23,"turns":7},{"damage":44,"enemies":"Gremlin Leader","floor":24,"turns":7}],"event_choices":[{"event_name":"Scrap Ooze","player_choice":"success","floor":2,"damage_taken":33},{"event_name":"Shining Light","player_choice":"Entered Light","floor":3,"damage_taken":0},{"event_name":"Liars Game","player_choice":"agreed","floor":4,"damage_taken":0},{"event_name":"The Woman in Blue","player_choice":"Bought 0 Potions","floor":12,"damage_taken":0},{"event_name":"Golden Shrine","player_choice":"Desecrate","floor":21,"damage_taken":0},{"event_name":"Forgotten Altar","player_choice":"Shed Blood","floor":22,"damage_taken":0}],"boss_relics":[{"not_picked":["Runic Dome","Astrolabe"],"picked":"Eternal Feather"}],"potions_floor_spawned":[1,6,7,10,20,23],"seed_played":"-1283291642219642352","killed_by":"Gremlin Leader","ascension_level":1,"is_trial":false}