{"gold_per_floor":[17,34,54,34,34,34,60,5,5,18,29,29,29,44,44,116,116,90,90,105,120,45,45,45,45,45,45],"floor_reached":27,"playtime":1864,"items_purged":["Strike_G"],"score":430,"play_id":"101da9c8-300d-4609-8f3d-8f6e4ad24812","local_time":"20190525234657","is_ascension_mode":true,"campfire_choices":[{"data":"Flechettes","floor":6.0,"key":"SMITH"},{"data":"Deadly Poison","floor":13.0,"key":"SMITH"},{"floor":15.0,"key":"REST"},{"floor":23,"key":"REST"},{"data":"Envenom","floor":25,"key":"SMITH"}],"neow_cost":"NO_GOLD","seed_source_timestamp":52304246903800,"circlet_count":0,"master_deck":["AscendersBane","Defend_G","Defend_G","Defend_G","Defend_G","Defend_G","Strike_G","Strike_G","Strike_G","Strike_G","Survivor","Neutralize","Flechettes+1","Deadly Poison+1","Leg Sweep","Acrobatics","Masterful Stab","Infinite Blades","PiercingWail","Sucker Punch","Envenom+1","Slice"],"special_seed":0,"relics":["Ring of the Snake","Bag of Preparation","Ninja Scroll","Busted Crown","Incense Burner"],"potions_floor_usage":[21],"damage_taken":[{"damage":9.0,"enemies":"Cultist","floor":1.0,"turns":6.0},{"damage":1.0,"enemies":"Small Slimes","floor":2.0,"turns":4.0},{"damage":1.0,"enemies":"2 Louse","floor":3.0,"turns":2.0},{"damage":7.0,"enemies":"Exordium Thugs","floor":4.0,"turns":4.0},{"damage":36.0,"enemies":"3 Sentries","floor":7.0,"turns":15.0},{"damage":0.0,"enemies":"Lots of Slimes","floor":10.0,"turns":3.0},{"damage":0.0,"enemies":"Large Slime","floor":11.0,"turns":4.0},{"damage":0.0,"enemies":"Blue Slaver","floor":14.0,"turns":2.0},{"damage":20.0,"enemies":"Hexaghost","floor":16.0,"turns":10.0},{"damage":14.0,"enemies":"2 Thieves","floor":18.0,"turns":4.0},{"damage":24.0,"enemies":"Shell Parasite","floor":20.0,"turns":6.0},{"damage":37,"enemies":"Shelled Parasite and Fungi","floor":21,"turns":7},{"damage":44,"enemies":"Slavers","floor":27,"turns":4}],"seed_played":"2071360988155892219","potions_obtained":[{"floor":2.0,"key":"Ancient Potion"},{"floor":11.0,"key":"SkillPotion"},{"floor":14.0,"key":"LiquidBronze"},{"floor":18.0,"key":"FearPotion"},{"floor":20.0,"key":"PowerPotion"}],"is_trial":false,"path_per_floor":["M","M","M","M","?","R","E","$","T","M","M","?","R","M","R","B",null,"M","?","M","M","$","R","$","R","T","E"],"character_chosen":"THE_SILENT","items_purchased":["PowerPotion"],"campfire_rested":2,"item_purchase_floors":[8],"current_hp_per_floor":[62,61,60,53,53,53,17,17,17,17,17,17,17,17,40,20,64,50,78,54,17,17,40,40,40,40,0],"gold":45,"neow_bonus":"TWENTY_PERCENT_HP_BONUS","is_prod":false,"is_daily":false,"chose_seed":false,"campfire_upgraded":3,"win_rate":0,"timestamp":1558853217,"path_taken":["M","M","?","M","?","R","E","$","T","M","M","?","R","?","R","BOSS","M","?","?","M","$","R","?","R","T","E"],"build_version":"2019-01-23","purchased_purges":1,"victory":false,"max_hp_per_floor":[78,78,78,78,78,78,78,78,78,78,78,78,78,78,78,78,78,78,78,78,78,78,78,78,78,78,78],"card_choices":[{"not_picked":["Acrobatics","Flying Knee"],"picked":"Flechettes","floor":1.0},{"not_picked":["Slice","Backflip"],"picked":"Deadly Poison","floor":2.0},{"not_picked":["Dagger Spray","Dodge and Roll"],"picked":"Leg Sweep","floor":3.0},{"not_picked":["Prepared","Underhanded Strike"],"picked":"Acrobatics","floor":4.0},{"not_picked":["Eviscerate","Underhanded Strike"],"picked":"Masterful Stab","floor":7.0},{"not_picked":["Concentrate","Sucker Punch"],"picked":"Infinite Blades","floor":10.0},{"not_picked":["Catalyst","Cloak And Dagger"],"picked":"PiercingWail","floor":11.0},{"not_picked":["Dagger Throw","Concentrate"],"picked":"Sucker Punch","floor":14.0},{"not_picked":["Unload","Night Terror"],"picked":"Envenom","floor":16.0},{"not_picked":["Prepared"],"picked":"SKIP","floor":18.0},{"not_picked":["Poisoned Stab"],"picked":"SKIP","floor":20.0},{"not_picked":[],"picked":"Slice","floor":21}],"player_experience":1483425,"relics_obtained":[{"floor":7.0,"key":"Bag of Preparation"},{"floor":9.0,"key":"Ninja Scroll"},{"floor":26,"key":"Incense Burner"}],"event_choices":[{"damage_healed":0.0,"max_hp_gain":0.0,"max_hp_loss":0.0,"gold_gain":0.0,"event_name":"Liars Game","player_choice":"Ignored","floor":5.0,"gold_loss":0.0,"damage_taken":0.0},{"damage_healed":0.0,"max_hp_gain":0.0,"max_hp_loss":0.0,"gold_gain":0.0,"event_name":"The Cleric","player_choice":"Leave","floor":12.0,"gold_loss":0.0,"damage_taken":0.0},{"damage_healed":28.0,"max_hp_gain":0.0,"max_hp_loss":0.0,"gold_gain":0.0,"event_name":"Wheel of Change","player_choice":"Full Heal","floor":19.0,"gold_loss":0.0,"damage_taken":0.0}],"is_beta":false,"boss_relics":[{"not_picked":["Pandora\u0027s Box","Velvet Choker"],"picked":"Busted Crown"}],"items_purged_floors":[22],"is_endless":false,"potions_floor_spawned":[2,11,14,18,20],"killed_by":"Slavers","ascension_level":20}