{"gold_per_floor":[114,130,145,168,23,51,51,51,51,51,51],"floor_reached":11,"playtime":495,"items_purged":["Strike_G"],"score":75,"play_id":"7293aa1a-2a9a-461a-8f03-9793e44f0204","local_time":"20181024195947","is_ascension_mode":true,"campfire_choices":[{"data":"Doppelganger","floor":8,"key":"SMITH"}],"neow_cost":"NONE","seed_source_timestamp":2938298201459,"circlet_count":0,"master_deck":["Defend_G","Defend_G+1","Defend_G","Defend_G","Defend_G","Strike_G","Strike_G","Strike_G","Strike_G","Survivor+1","Neutralize","Dagger Spray","Dagger Spray","Doppelganger+1"],"relics":["Velvet Choker","Juzu Bracelet","Prayer Wheel","Vajra","The Courier"],"potions_floor_usage":[],"damage_taken":[{"damage":4,"enemies":"Cultist","floor":1,"turns":5},{"damage":0,"enemies":"Small Slimes","floor":2,"turns":3},{"damage":6,"enemies":"Jaw Worm","floor":3,"turns":3},{"damage":13,"enemies":"3 Sentries","floor":6,"turns":4},{"damage":33,"enemies":"Gremlin Nob","floor":11,"turns":5}],"seed_played":"4962597293746365932","potions_obtained":[{"floor":6,"key":"SteroidPotion"}],"is_trial":false,"path_per_floor":["M","M","M","T","$","E","?","R","T","?"],"character_chosen":"THE_SILENT","items_purchased":["Doppelganger"],"campfire_rested":0,"item_purchase_floors":[5],"current_hp_per_floor":[66,66,60,60,60,47,47,47,47,33,0],"gold":51,"neow_bonus":"BOSS_RELIC","is_prod":false,"is_daily":false,"chose_seed":false,"campfire_upgraded":1,"win_rate":0,"timestamp":1540436387,"path_taken":["M","M","M","?","?","E","?","R","T","?","E"],"build_version":"2018-10-18","purchased_purges":1,"victory":false,"max_hp_per_floor":[70,70,70,70,70,70,70,70,70,70,70],"card_choices":[{"not_picked":["Poisoned Stab","Prepared"],"picked":"Dagger Spray","floor":1},{"not_picked":["Distraction","Acrobatics"],"picked":"Dagger Spray","floor":2},{"not_picked":["Deflect","Cloak And Dagger","Prepared"],"picked":"SKIP","floor":3},{"not_picked":["Flechettes","Slice","Cloak And Dagger"],"picked":"SKIP","floor":6}],"player_experience":76688,"relics_obtained":[{"floor":4,"key":"Juzu Bracelet"},{"floor":6,"key":"Prayer Wheel"},{"floor":9,"key":"The Courier"}],"event_choices":[{"damage_healed":0,"gold_gain":0,"player_choice":"Gave Potion","damage_taken":0,"relics_obtained":["Vajra"],"max_hp_gain":0,"max_hp_loss":0,"event_name":"WeMeetAgain","floor":7,"gold_loss":0},{"damage_healed":0,"gold_gain":0,"player_choice":"Entered Light","damage_taken":14,"max_hp_gain":0,"max_hp_loss":0,"event_name":"Shining Light","floor":10,"gold_loss":0,"cards_upgraded":["Survivor","Defend_G"]}],"is_beta":false,"boss_relics":[],"items_purged_floors":[5],"is_endless":false,"potions_floor_spawned":[6],"killed_by":"Gremlin Nob","ascension_level":1}