{"path_per_floor":["M","M","?","?","M","R","$","?","T","E","M","R","E","M","R","B",null,"M","$","?","M","$","R","?","R","T","E","M","E","R","M","R","B",null,"M","?","M","$","$"],"character_chosen":"DEFECT","items_purchased":["Membership Card","Anchor","Heatsinks","Self Repair","Fire Potion"],"gold_per_floor":[112,123,123,298,315,315,56,56,56,114,131,131,165,184,184,279,279,279,279,279,279,103,103,103,103,103,103,103,103,103,103,103,103,103,103,103,103,4,4,4],"floor_reached":40,"campfire_rested":6,"playtime":2724,"item_purchase_floors":[],"current_hp_per_floor":[74,71,56,56,54,54,54,54,54,32,15,37,21,22,45,33,79,45,45,45,34,34,57,57,79,79,66,43,15,39,22,47,23,85,55,13,10,10,10,0],"items_purged":["Doubt"],"gold":4,"score":518,"play_id":"c3d406fd-ef9b-44e9-9ec3-4a059a28211f","local_time":"20180527171532","is_prod":false,"is_daily":false,"chose_seed":false,"is_ascension_mode":true,"campfire_upgraded":1,"win_rate":0,"timestamp":1527430532,"campfire_choices":[{"data":"Zap","floor":6.0,"key":"SMITH"},{"floor":12.0,"key":"REST"},{"floor":15.0,"key":"REST"},{"floor":23.0,"key":"REST"},{"floor":25.0,"key":"REST"},{"floor":30,"key":"REST"},{"floor":32,"key":"REST"}],"path_taken":["M","?","?","?","?","R","?","?","T","E","M","R","E","M","R","BOSS","M","$","?","?","$","R","?","R","T","E","M","E","R","M","R","BOSS","M","?","?","?","$","E"],"build_version":"2018-05-25","seed_source_timestamp":0,"purchased_purges":1,"victory":false,"master_deck":["Strike_B+1","Strike_B","Strike_B","Strike_B","Defend_B","Defend_B+1","Defend_B","Defend_B","Zap+1","Dualcast","Heatsinks","Leap","Cold Snap","Double Energy","BootSequence","Creative AI","Hologram+1","Echo Form","Heatsinks","Consume+1","Amplify","Loop+1","Cold Snap+1","Loop+1","Self Repair"],"max_hp_per_floor":[75,75,75,75,75,75,75,75,75,75,75,75,77,79,79,79,79,79,79,79,79,79,79,79,79,79,79,81,83,83,85,85,85,85,85,85,85,85,85,85],"relics":["Cracked Core","Membership Card","Bottled Lightning","Tiny Chest","Singing Bowl","Ectoplasm","Anchor","Molten Egg 2","Lantern","Orichalcum","Inserter","Bird Faced Urn"],"card_choices":[{"not_picked":["Coolheaded","Leap"],"picked":"Heatsinks","floor":1.0},{"not_picked":["Reprogram","Rebound"],"picked":"Leap","floor":2.0},{"not_picked":["Compile Driver","Streamline"],"picked":"Cold Snap","floor":5.0},{"not_picked":["Sunder","Streamline"],"picked":"Double Energy","floor":10.0},{"not_picked":["Rebound","Aggregate"],"picked":"BootSequence","floor":11.0},{"not_picked":["Steam","Beam Cell","Chaos"],"picked":"Singing Bowl","floor":13.0},{"not_picked":["BootSequence","Hologram","Leap"],"picked":"Singing Bowl","floor":14.0},{"not_picked":["All For One","Fission"],"picked":"Creative AI","floor":16.0},{"not_picked":["Rebound","Barrage"],"picked":"Hologram+1","floor":18.0},{"not_picked":["Turbo","Ball Lightning"],"picked":"Echo Form","floor":21.0},{"not_picked":["Leap+1","Beam Cell+1"],"picked":"Consume+1","floor":27.0},{"not_picked":["Lockon+1","Chaos","Hologram"],"picked":"Singing Bowl","floor":28.0},{"not_picked":["Reinforced Body+1","Redo+1","Leap"],"picked":"Singing Bowl","floor":29},{"not_picked":["Rebound+1","Sweeping Beam+1","Gash+1"],"picked":"Singing Bowl","floor":31},{"not_picked":["Thunder Strike+1","Biased Cognition"],"picked":"Amplify","floor":33},{"not_picked":["Rebound+1","Hologram"],"picked":"Loop+1","floor":35},{"not_picked":["Streamline+1","Scrape+1"],"picked":"Cold Snap+1","floor":36},{"not_picked":["Sweeping Beam+1","Hologram"],"picked":"Loop+1","floor":37}],"player_experience":238555,"potions_floor_usage":[29,36,40],"damage_taken":[{"damage":1.0,"enemies":"Cultist","floor":1.0,"turns":3.0},{"damage":3.0,"enemies":"2 Louse","floor":2.0,"turns":3.0},{"damage":2.0,"enemies":"Jaw Worm","floor":5.0,"turns":4.0},{"damage":22.0,"enemies":"Gremlin Nob","floor":10.0,"turns":4.0},{"damage":17.0,"enemies":"Large Slime","floor":11.0,"turns":5.0},{"damage":18.0,"enemies":"Lagavulin","floor":13.0,"turns":7.0},{"damage":1.0,"enemies":"Looter","floor":14.0,"turns":2.0},{"damage":12.0,"enemies":"The Guardian","floor":16.0,"turns":12.0},{"damage":34.0,"enemies":"3 Byrds","floor":18.0,"turns":6.0},{"damage":11.0,"enemies":"Chosen","floor":21.0,"turns":6.0},{"damage":13.0,"enemies":"Book of Stabbing","floor":27.0,"turns":7.0},{"damage":25.0,"enemies":"Sentry and Sphere","floor":28.0,"turns":8.0},{"damage":30,"enemies":"Slavers","floor":29,"turns":6},{"damage":19,"enemies":"Snake Plant","floor":31,"turns":5},{"damage":24,"enemies":"Champ","floor":33,"turns":7},{"damage":30,"enemies":"3 Shapes","floor":35,"turns":6},{"damage":42,"enemies":"Mysterious Sphere","floor":36,"turns":7},{"damage":15,"enemies":"Orb Walker","floor":37,"turns":5},{"damage":19,"enemies":"2 Orb Walkers","floor":40,"turns":2}],"relics_obtained":[{"floor":9.0,"key":"Bottled Lightning"},{"floor":10.0,"key":"Tiny Chest"},{"floor":13.0,"key":"Singing Bowl"},{"floor":26.0,"key":"Molten Egg 2"},{"floor":27.0,"key":"Lantern"},{"floor":29,"key":"Orichalcum"},{"floor":36,"key":"Bird Faced Urn"}],"event_choices":[{"event_name":"Shining Light","player_choice":"Entered Light","floor":3.0,"damage_taken":0.0},{"event_name":"Liars Game","player_choice":"agreed","floor":4.0,"damage_taken":0.0},{"event_name":"The Woman in Blue","player_choice":"Bought 0 Potions","floor":8.0,"damage_taken":0.0},{"event_name":"Drug Dealer","player_choice":"Ignored","floor":20.0,"damage_taken":0.0},{"event_name":"The Lab","player_choice":"Got Potions","floor":24.0,"damage_taken":0.0},{"event_name":"Mysterious Sphere","player_choice":"Fight","floor":36,"damage_taken":0}],"boss_relics":[{"not_picked":["Black Star","White Beast Statue"],"picked":"Inserter"}],"items_purged_floors":[],"potions_floor_spawned":[2,11,13,14,18,28,33,36],"seed_played":"-6050670865910011074","killed_by":"2 Orb Walkers","ascension_level":4,"potions_obtained":[{"floor":2.0,"key":"SteroidPotion"},{"floor":11.0,"key":"Ancient Potion"},{"floor":13.0,"key":"Fire Potion"},{"floor":14.0,"key":"FearPotion"},{"floor":18.0,"key":"Swift Potion"},{"floor":24.0,"key":"FearPotion"},{"floor":24.0,"key":"SkillPotion"},{"floor":24.0,"key":"SkillPotion"},{"floor":28.0,"key":"SpeedPotion"},{"floor":33,"key":"FocusPotion"},{"floor":36,"key":"Dexterity Potion"}],"is_trial":false}