{"gold_per_floor":[212,212,225,97,13,40,52,52,52,78,43,58,83,140,140,242,242,255,267,182,195,195,211,211,242,242,260,15,15,15,348,348,445,445,465,465,482,482,111,111,211,211,238,255,76,92,92,105,105,105],"floor_reached":51,"playtime":2813,"items_purged":["Pain","Decay"],"score":1167,"play_id":"a9103bb6-916a-4f2a-93f7-1de593b960fe","local_time":"20190508215757","is_ascension_mode":true,"campfire_choices":[{"data":"Shockwave","floor":8,"key":"SMITH"},{"data":"Flame Barrier","floor":15,"key":"SMITH"},{"data":"Writhe","floor":24,"key":"PURGE"},{"data":"Injury","floor":30,"key":"PURGE"},{"data":"Strike_R+1","floor":32,"key":"PURGE"},{"data":"Strike_R+1","floor":40,"key":"PURGE"},{"data":"Strike_R+1","floor":42,"key":"PURGE"},{"data":"Parasite","floor":49,"key":"PURGE"}],"neow_cost":"NONE","seed_source_timestamp":0,"circlet_count":0,"master_deck":["AscendersBane","Strike_R+1","Strike_R+1","Defend_R+1","Defend_R+1","Defend_R+1","Defend_R+1","Bash","Corruption","Evolve","True Grit","Flame Barrier+1","Shrug It Off","Shockwave+1","Flame Barrier+1","Headbutt","Pommel Strike","Juggernaut+1","Sentinel+1","Rampage","Feel No Pain+1","Flame Barrier+1","Dual Wield+1","Metallicize+1","Apotheosis+1","Barricade+1","Shrug It Off+1","Panache+1","Impatience+1","Uppercut","Sentinel+1","True Grit+1","Entrench+1","Sentinel+1","Madness+1","Madness+1"],"special_seed":0,"relics":["Burning Blood","WarpedTongs","Frozen Egg 2","Pear","Toxic Egg 2","Pocketwatch","Art of War","Cursed Key","Blood Vial","Peace Pipe","Bag of Preparation","Sundial","Old Coin","Philosopher\u0027s Stone","Letter Opener","Incense Burner","PreservedInsect"],"potions_floor_usage":[10,10,10,13,31,33,44,48,50,50,50],"damage_taken":[{"damage":8.0,"enemies":"Jaw Worm","floor":1.0,"turns":4.0},{"damage":10.0,"enemies":"Cultist","floor":3.0,"turns":4.0},{"damage":12.0,"enemies":"3 Sentries","floor":6.0,"turns":14.0},{"damage":10.0,"enemies":"Small Slimes","floor":7.0,"turns":4.0},{"damage":12,"enemies":"Gremlin Nob","floor":10,"turns":3},{"damage":7,"enemies":"3 Louse","floor":12,"turns":5},{"damage":12,"enemies":"3 Sentries","floor":13,"turns":8},{"damage":1,"enemies":"3 Sentries","floor":14,"turns":7},{"damage":39,"enemies":"Slime Boss","floor":16,"turns":14},{"damage":2,"enemies":"Chosen","floor":18,"turns":5},{"damage":3,"enemies":"2 Thieves","floor":19,"turns":3},{"damage":0,"enemies":"Snecko","floor":21,"turns":4},{"damage":20,"enemies":"Sentry and Sphere","floor":23,"turns":5},{"damage":6,"enemies":"Slavers","floor":25,"turns":5},{"damage":0,"enemies":"3 Cultists","floor":27,"turns":4},{"damage":0,"enemies":"Gremlin Leader","floor":31,"turns":6},{"damage":38,"enemies":"Champ","floor":33,"turns":13},{"damage":0,"enemies":"3 Shapes","floor":35,"turns":3},{"damage":0,"enemies":"Orb Walker","floor":37,"turns":2},{"damage":0,"enemies":"Mind Bloom Boss Battle","floor":41,"turns":4},{"damage":13,"enemies":"3 Darklings","floor":44,"turns":6},{"damage":5,"enemies":"Spire Growth","floor":46,"turns":4},{"damage":0,"enemies":"Writhing Mass","floor":48,"turns":6},{"damage":0,"enemies":"Donu and Deca","floor":50,"turns":10}],"seed_played":"-3423666183108998810","potions_obtained":[{"floor":3.0,"key":"Weak Potion"},{"floor":6.0,"key":"Poison Potion"},{"floor":10,"key":"SteroidPotion"},{"floor":27,"key":"EssenceOfSteel"},{"floor":31,"key":"Block Potion"},{"floor":33,"key":"Block Potion"},{"floor":44,"key":"EssenceOfSteel"},{"floor":46,"key":"Weak Potion"},{"floor":48,"key":"Energy Potion"}],"is_trial":false,"path_per_floor":["M","?","M","$","$","E","M","R","T","E","?","M","E","?","R","B",null,"M","M","?","M","?","M","R","E","T","M","$","?","R","E","R","B",null,"M","?","M","?","$","R","?","R","T","M","$","M","?","M","R","B",null],"character_chosen":"IRONCLAD","items_purchased":["True Grit","Flame Barrier","AttackPotion","Metallicize+1","Apotheosis+1","Sentinel+1","Letter Opener","SkillPotion","Entrench+1"],"campfire_rested":0,"item_purchase_floors":[4,5,5,28,28,39,39,39,45],"current_hp_per_floor":[70,70,66,66,66,60,56,56,66,60,82,81,75,80,80,47,79,83,86,86,90,90,76,76,78,78,86,86,86,86,90,90,58,82,90,85,90,90,90,90,90,90,90,83,83,86,75,83,83,87],"gold":105,"neow_bonus":"HUNDRED_GOLD","is_prod":false,"is_daily":false,"chose_seed":false,"campfire_upgraded":2,"win_rate":0,"timestamp":1557377877,"path_taken":["M","?","M","?","$","E","M","R","T","E","?","M","E","?","R","BOSS","M","M","?","M","?","M","R","E","T","M","$","?","R","E","R","BOSS","M","?","M","?","$","R","?","R","T","M","$","M","?","M","R","BOSS"],"build_version":"2019-01-23","purchased_purges":2,"victory":true,"max_hp_per_floor":[80,80,80,80,80,80,80,80,90,90,90,90,90,90,90,90,90,90,90,90,90,90,90,90,90,90,90,90,90,90,90,90,90,90,90,90,90,90,90,90,90,90,90,90,90,90,90,90,87,87],"card_choices":[{"not_picked":["Sword Boomerang","Headbutt"],"picked":"Corruption","floor":1.0},{"not_picked":["Pommel Strike","Rampage"],"picked":"Evolve","floor":3.0},{"not_picked":["Anger","Body Slam"],"picked":"Shrug It Off","floor":6.0},{"not_picked":["Warcry","Reaper"],"picked":"Shockwave","floor":7},{"not_picked":["Evolve+1","Blood for Blood"],"picked":"Flame Barrier","floor":10},{"not_picked":["Iron Wave","Anger","Hemokinesis"],"picked":"SKIP","floor":12},{"not_picked":["Sword Boomerang","Pommel Strike"],"picked":"Headbutt","floor":13},{"not_picked":["Clash","Sword Boomerang"],"picked":"Pommel Strike","floor":14},{"not_picked":["Immolate","Berserk+1"],"picked":"Juggernaut+1","floor":16},{"not_picked":["Perfected Strike","Iron Wave"],"picked":"Sentinel+1","floor":18},{"not_picked":["Twin Strike","Rage+1"],"picked":"Rampage","floor":19},{"not_picked":["Corruption+1","Seeing Red+1"],"picked":"Iron Wave+1","floor":21},{"not_picked":["Headbutt+1","Metallicize+1"],"picked":"Feel No Pain+1","floor":23},{"not_picked":["True Grit+1","Corruption+1"],"picked":"Flame Barrier+1","floor":25},{"not_picked":["Seeing Red+1","Thunderclap"],"picked":"Dual Wield+1","floor":27},{"not_picked":["Double Tap+1","Hemokinesis","Sword Boomerang"],"picked":"SKIP","floor":31},{"not_picked":["Impervious+1","Brutality+1"],"picked":"Barricade+1","floor":33},{"not_picked":["Thunderclap","Reckless Charge"],"picked":"Shrug It Off+1","floor":35},{"not_picked":["Madness+1","Dramatic Entrance"],"picked":"Panache+1","floor":36},{"not_picked":["Trip+1","Dramatic Entrance"],"picked":"Impatience+1","floor":36},{"not_picked":["Sever Soul","Havoc+1"],"picked":"Uppercut","floor":37},{"not_picked":["Power Through+1","Ghostly Armor+1"],"picked":"True Grit+1","floor":44},{"not_picked":["Warcry+1","Rage+1"],"picked":"Sentinel+1","floor":46},{"not_picked":["Anger","Thunderclap+1","Sword Boomerang"],"picked":"SKIP","floor":48}],"player_experience":342393,"relics_obtained":[{"floor":6.0,"key":"Frozen Egg 2"},{"floor":9,"key":"Pear"},{"floor":10,"key":"Toxic Egg 2"},{"floor":13,"key":"Pocketwatch"},{"floor":25,"key":"Bag of Preparation"},{"floor":26,"key":"Sundial"},{"floor":31,"key":"Old Coin"},{"floor":41,"key":"Incense Burner"},{"floor":43,"key":"PreservedInsect"}],"event_choices":[{"damage_healed":0.0,"max_hp_gain":0.0,"max_hp_loss":0.0,"gold_gain":0.0,"event_name":"Accursed Blacksmith","player_choice":"Rummage","floor":2.0,"gold_loss":0.0,"damage_taken":0.0,"relics_obtained":["WarpedTongs"],"cards_obtained":["Pain"]},{"damage_healed":22,"gold_gain":0,"player_choice":"Healed","damage_taken":0,"max_hp_gain":0,"max_hp_loss":0,"event_name":"The Cleric","floor":11,"gold_loss":35},{"damage_healed":0,"gold_gain":0,"player_choice":"Searched \u00272\u0027 times","damage_taken":0,"relics_obtained":["Art of War"],"max_hp_gain":0,"max_hp_loss":0,"event_name":"Dead Adventurer","floor":14,"gold_loss":0},{"damage_healed":0,"gold_gain":0,"player_choice":"Obtained Relic","damage_taken":0,"relics_obtained":["Blood Vial"],"max_hp_gain":0,"max_hp_loss":0,"event_name":"Addict","floor":20,"gold_loss":85},{"damage_healed":0,"gold_gain":0,"player_choice":"Opened","damage_taken":0,"relics_obtained":["Peace Pipe"],"max_hp_gain":0,"max_hp_loss":0,"event_name":"The Mausoleum","floor":22,"gold_loss":0,"cards_obtained":["Writhe"]},{"damage_healed":0,"gold_gain":0,"player_choice":"Simplicity","damage_taken":0,"max_hp_gain":0,"max_hp_loss":0,"event_name":"Back to Basics","floor":29,"gold_loss":0,"cards_upgraded":["Strike_R","Strike_R","Strike_R","Strike_R","Strike_R","Defend_R","Defend_R","Defend_R","Defend_R"]},{"damage_healed":0,"gold_gain":0,"player_choice":"Memory 2","damage_taken":5,"max_hp_gain":0,"max_hp_loss":0,"event_name":"SensoryStone","floor":36,"gold_loss":0},{"cards_removed":["Iron Wave"],"damage_healed":0,"gold_gain":0,"player_choice":"Removed Attack","damage_taken":0,"max_hp_gain":0,"max_hp_loss":0,"event_name":"Falling","floor":38,"gold_loss":0},{"damage_healed":0,"gold_gain":0,"player_choice":"Fight","damage_taken":0,"max_hp_gain":0,"max_hp_loss":0,"event_name":"MindBloom","floor":41,"gold_loss":0},{"damage_healed":0,"gold_gain":0,"player_choice":"Embrace Madness","damage_taken":11,"max_hp_gain":0,"max_hp_loss":0,"event_name":"Winding Halls","floor":47,"gold_loss":0,"cards_obtained":["Madness","Madness"]}],"is_beta":false,"boss_relics":[{"not_picked":["Runic Cube","Astrolabe"],"picked":"Cursed Key"},{"not_picked":["Empty Cage","Black Star"],"picked":"Philosopher\u0027s Stone"}],"items_purged_floors":[4,45],"is_endless":false,"potions_floor_spawned":[3,6,10,27,31,33,44,46,48],"ascension_level":10}