{"path_per_floor":["M","?","$","?","$","E","M","M","T","M","R","M","$","M","R","B",null,"M","?","$","?","?","E","R"],"character_chosen":"THE_SILENT","items_purchased":[],"gold_per_floor":[115,115,40,40,40,71,82,92,92,112,112,125,25,45,45,145,145,163,163,38,38,138,170,170],"floor_reached":25,"campfire_rested":3,"playtime":2019,"current_hp_per_floor":[70,70,70,70,70,35,28,18,18,16,37,14,14,16,37,17,70,44,35,35,35,35,15,37],"items_purged":["Strike_G","Normality","Decay"],"gold":170,"play_id":"1d8cedcd-9fee-4e02-8497-3c3b01bd334a","is_prod":false,"is_daily":false,"is_ascension_mode":false,"campfire_upgraded":0,"path_taken":["M","?","$","?","$","E","M","M","T","M","R","?","?","M","R","BOSS","M","?","?","?","?","E","R","E"],"build_version":"2018-02-02-BETA1","purchased_purges":3,"victory":false,"master_deck":["Defend_G","Defend_G","Defend_G","Defend_G","Strike_G","Strike_G","Strike_G","Strike_G","Survivor","Neutralize","Flying Knee","Wraith Form","Deflect+1","Backflip+1","Distraction+1","Dagger Throw","Dodge and Roll+1","After Image","Clumsy","Parasite","Deflect+1","Caltrops"],"max_hp_per_floor":[70,70,70,70,70,70,70,70,70,70,70,70,70,70,70,70,70,70,75,75,75,75,75,75],"relics":["Runic Dome","Toxic Egg 2","Toolbox","Sundial","Calling Bell","Girya","Snake Skull","Happy Flower","Shuriken","Dodecahedron"],"card_choices":[{"not_picked":["Dagger Throw","Sucker Punch"],"picked":"Flying Knee"},{"not_picked":["Distraction","Expertise"],"picked":"Wraith Form"},{"not_picked":["Quick Slash","Outmaneuver"],"picked":"Deflect"},{"not_picked":["Acrobatics","Flying Knee"],"picked":"Backflip"},{"not_picked":["Slice","Quick Slash"],"picked":"Distraction"},{"not_picked":["Quick Slash","Terror"],"picked":"Dagger Throw"},{"not_picked":["Poisoned Stab","PiercingWail"],"picked":"Dodge and Roll"},{"not_picked":["Glass Knife","Bullet Time"],"picked":"After Image"},{"not_picked":["Deadly Poison","Heel Hook"],"picked":"Deflect"},{"not_picked":["All Out Attack","Phantasmal Killer"],"picked":"Caltrops"}],"player_experience":25772,"potions_floor_usage":[10,12,16,18,25],"damage_taken":[{"damage":0,"enemies":"Cultist","floor":1,"turns":5},{"damage":35,"enemies":"Gremlin Nob","floor":6,"turns":6},{"damage":7,"enemies":"Blue Slaver","floor":7,"turns":4},{"damage":10,"enemies":"Jaw Worm","floor":8,"turns":4},{"damage":2,"enemies":"Gremlin Gang","floor":10,"turns":5},{"damage":35,"enemies":"Exordium Thugs","floor":12,"turns":6},{"damage":2,"enemies":"Looter","floor":14,"turns":3},{"damage":20,"enemies":"The Guardian","floor":16,"turns":13},{"damage":26,"enemies":"Chosen","floor":18,"turns":10},{"damage":20,"enemies":"Book of Stabbing","floor":23,"turns":7},{"damage":42,"enemies":"Gremlin Leader","floor":25,"turns":4}],"event_choices":[{"event_name":"Purifier","player_choice":"One Purge","floor":2,"damage_taken":0},{"event_name":"Accursed Blacksmith","player_choice":"Rummage","floor":4,"damage_taken":0},{"event_name":"Forgotten Altar","player_choice":"Shed Blood","floor":19,"damage_taken":0},{"event_name":"Wheel of Change","player_choice":"Relic","floor":21,"damage_taken":0},{"event_name":"Golden Shrine","player_choice":"Pray","floor":22,"damage_taken":0}],"boss_relics":[{"not_picked":["Runic Pyramid","Velvet Choker"],"picked":"Calling Bell"}],"potions_floor_spawned":[7,10,12,16,18],"seed_played":"7288190068591393882","killed_by":"Gremlin Leader","ascension_level":0,"is_trial":false}