{"path_per_floor":["M","?","$","M","M","E","R","M","T","M","R","?","E","M","R","B",null,"M","M","?","M","M","R","E","R","T","M","M","$","M","?","R","B",null,"M","M","$","M","M","R","E","R","T","M","?","M","?","M","R"],"character_chosen":"IRONCLAD","items_purchased":["Reaper","Lantern","Double Tap","Apotheosis","AttackPotion"],"gold_per_floor":[115,115,46,63,75,105,105,125,125,136,136,136,161,172,172,276,276,288,307,307,324,338,338,366,366,419,436,446,72,90,90,90,187,217,228,245,7,26,46,46,81,81,129,149,149,160,0,17,17,17],"floor_reached":50,"campfire_rested":2,"playtime":6248,"item_purchase_floors":[3,29,29,37,37],"current_hp_per_floor":[80,80,80,80,80,72,72,57,57,62,62,62,52,47,47,47,80,68,70,64,60,80,80,75,75,82,52,51,51,45,45,72,70,97,90,84,84,77,77,77,73,73,73,66,54,40,40,27,56,0],"items_purged":["Regret"],"gold":17,"score":685,"play_id":"8908c053-a0f1-46df-92da-59d2866d1f7c","local_time":"20180622210532","is_prod":false,"is_daily":false,"chose_seed":false,"is_ascension_mode":false,"campfire_upgraded":7,"win_rate":0,"timestamp":1529694332,"campfire_choices":[{"data":"Spot Weakness","floor":7,"key":"SMITH"},{"data":"Rage","floor":11,"key":"SMITH"},{"data":"Limit Break","floor":15,"key":"SMITH"},{"data":"Heavy Blade","floor":23,"key":"SMITH"},{"data":"Flex","floor":25,"key":"SMITH"},{"floor":32,"key":"REST"},{"data":"Limit Break","floor":40,"key":"SMITH"},{"data":"Double Tap","floor":42,"key":"SMITH"},{"floor":49,"key":"REST"}],"path_taken":["M","?","$","M","M","E","R","M","T","M","R","?","E","M","R","BOSS","M","M","?","M","M","R","E","R","T","M","M","$","M","?","R","BOSS","M","M","$","M","?","R","E","R","T","M","?","M","?","M","R","BOSS"],"build_version":"2018-06-21","seed_source_timestamp":2466636743174,"purchased_purges":1,"circlet_count":0,"victory":false,"master_deck":["Bash","Power Through","Flex+1","Cleave","Blood for Blood","Spot Weakness+1","Sever Soul","Thunderclap","Carnage","Armaments","Flex","Reaper","Cleave","Anger+1","Infernal Blade","Rage+1","Cleave","Limit Break+1","True Grit","Offering","Heavy Blade+1","Warcry+1","RitualDagger","Combust+1","Metallicize+1","Decay","Anger","Flex","Double Tap+1","Limit Break+1","Spot Weakness","Infernal Blade","Apotheosis","Inflame","Thunderclap+1","Flex","Pain","True Grit+1","Madness","Madness","Limit Break"],"max_hp_per_floor":[80,80,80,80,80,80,80,80,80,80,80,80,80,80,80,80,80,80,80,80,80,85,85,85,85,92,92,92,92,92,92,92,92,97,97,97,97,97,97,97,97,97,97,97,97,97,97,97,97,97],"relics":["Pandora\u0027s Box","Pen Nib","Vajra","Mercury Hourglass","Calipers","Cursed Key","Art of War","Strawberry","Lantern","Du-Vu Doll","Tiny House","Incense Burner","Dream Catcher","Red Mask"],"card_choices":[{"not_picked":["Shrug It Off","Iron Wave"],"picked":"Flex","floor":1},{"not_picked":["Pummel","Rupture"],"picked":"Cleave","floor":4},{"not_picked":["Reckless Charge","Armaments"],"picked":"Anger","floor":5},{"not_picked":["Iron Wave","Reaper"],"picked":"Infernal Blade","floor":6},{"not_picked":["Thunderclap","Iron Wave"],"picked":"Rage","floor":8},{"not_picked":["Blood for Blood","Perfected Strike"],"picked":"Cleave","floor":10},{"not_picked":["Twin Strike","Seeing Red"],"picked":"Limit Break","floor":13},{"not_picked":["Wild Strike","Sever Soul"],"picked":"True Grit","floor":14},{"not_picked":["Feed","Dark Embrace"],"picked":"Offering","floor":16},{"not_picked":["Carnage","Thunderclap+1"],"picked":"Heavy Blade","floor":18},{"not_picked":["Blood for Blood+1","Sword Boomerang"],"picked":"Warcry+1","floor":19},{"not_picked":["Clash","Carnage","Wild Strike+1"],"picked":"SKIP","floor":21},{"not_picked":["Cleave","Shrug It Off"],"picked":"Combust+1","floor":22},{"not_picked":["Armaments","Headbutt"],"picked":"Metallicize+1","floor":24},{"not_picked":["Iron Wave","Sword Boomerang+1"],"picked":"Anger","floor":27},{"not_picked":["Headbutt","Clash+1"],"picked":"Flex","floor":28},{"not_picked":["Uppercut","Disarm","Cleave"],"picked":"SKIP","floor":30},{"not_picked":["Berserk","Offering"],"picked":"Limit Break","floor":33},{"not_picked":["Pommel Strike+1","Cleave"],"picked":"Spot Weakness","floor":34},{"not_picked":["Pommel Strike","Headbutt+1","Second Wind"],"picked":"SKIP","floor":35},{"not_picked":["Perfected Strike","Cleave+1"],"picked":"Infernal Blade","floor":36},{"not_picked":["Searing Blow+1","Pummel"],"picked":"Inflame","floor":38},{"not_picked":["Reaper","Iron Wave+1"],"picked":"Thunderclap+1","floor":39},{"not_picked":["Sword Boomerang+1","Perfected Strike"],"picked":"Flex","floor":41},{"not_picked":["Disarm+1","Headbutt+1"],"picked":"True Grit+1","floor":44},{"not_picked":["Combust+1","Warcry"],"picked":"Limit Break","floor":46},{"not_picked":["Cleave+1","Searing Blow","Clash+1"],"picked":"SKIP","floor":48}],"player_experience":113082,"potions_floor_usage":[8,16,22,22,24,28,35,38,38,39,46],"damage_taken":[{"damage":0,"enemies":"Cultist","floor":1,"turns":2},{"damage":0,"enemies":"2 Louse","floor":4,"turns":2},{"damage":0,"enemies":"Small Slimes","floor":5,"turns":3},{"damage":11,"enemies":"3 Sentries","floor":6,"turns":4},{"damage":23,"enemies":"Exordium Wildlife","floor":8,"turns":4},{"damage":13,"enemies":"3 Louse","floor":10,"turns":3},{"damage":10,"enemies":"Gremlin Nob","floor":13,"turns":3},{"damage":9,"enemies":"Blue Slaver","floor":14,"turns":3},{"damage":0,"enemies":"Slime Boss","floor":16,"turns":6},{"damage":12,"enemies":"Spheric Guardian","floor":18,"turns":3},{"damage":10,"enemies":"2 Thieves","floor":19,"turns":2},{"damage":4,"enemies":"Snake Plant","floor":21,"turns":1},{"damage":3,"enemies":"3 Cultists","floor":22,"turns":3},{"damage":5,"enemies":"Book of Stabbing","floor":24,"turns":2},{"damage":35,"enemies":"Cultist and Chosen","floor":27,"turns":6},{"damage":7,"enemies":"Snecko","floor":28,"turns":4},{"damage":9,"enemies":"Slaver and Parasite","floor":30,"turns":3},{"damage":20,"enemies":"Automaton","floor":33,"turns":5},{"damage":7,"enemies":"3 Darklings","floor":35,"turns":3},{"damage":13,"enemies":"3 Shapes","floor":36,"turns":2},{"damage":22,"enemies":"Maw","floor":38,"turns":5},{"damage":0,"enemies":"Sphere and 2 Shapes","floor":39,"turns":2},{"damage":4,"enemies":"Giant Head","floor":41,"turns":5},{"damage":29,"enemies":"4 Shapes","floor":44,"turns":3},{"damage":14,"enemies":"3 Darklings","floor":46,"turns":3},{"damage":13,"enemies":"Sphere and 2 Shapes","floor":48,"turns":3},{"damage":88,"enemies":"Awakened One","floor":50,"turns":5}],"relics_obtained":[{"floor":6,"key":"Pen Nib"},{"floor":9,"key":"Vajra"},{"floor":13,"key":"Calipers"},{"floor":24,"key":"Art of War"},{"floor":26,"key":"Strawberry"},{"floor":41,"key":"Incense Burner"},{"floor":43,"key":"Dream Catcher"}],"event_choices":[{"event_name":"The Cleric","player_choice":"Leave","floor":2,"damage_taken":0},{"event_name":"Big Fish","player_choice":"Box","floor":12,"damage_taken":0},{"event_name":"Nest","player_choice":"Joined the Cult","floor":20,"damage_taken":0},{"event_name":"The Mausoleum","player_choice":"Yes","floor":31,"damage_taken":0},{"event_name":"Winding Halls","player_choice":"Embrace Madness","floor":45,"damage_taken":0},{"event_name":"Tomb of Lord Red Mask","player_choice":"Paid","floor":47,"damage_taken":0}],"boss_relics":[{"not_picked":["Orrery","Snecko Eye"],"picked":"Cursed Key"},{"not_picked":["Philosopher\u0027s Stone","Busted Crown"],"picked":"Tiny House"}],"items_purged_floors":[29],"is_endless":false,"potions_floor_spawned":[4,5,10,16,19,21,27,36,38,44],"seed_played":"-4194321402933427722","killed_by":"Awakened One","ascension_level":0,"potions_obtained":[{"floor":4,"key":"SpeedPotion"},{"floor":5,"key":"BloodPotion"},{"floor":10,"key":"EssenceOfSteel"},{"floor":16,"key":"Strength Potion"},{"floor":19,"key":"Fruit Juice"},{"floor":21,"key":"Poison Potion"},{"floor":27,"key":"Swift Potion"},{"floor":34,"key":"PowerPotion"},{"floor":36,"key":"Fire Potion"},{"floor":38,"key":"Block Potion"},{"floor":44,"key":"AttackPotion"}],"is_trial":false}