{"path_per_floor":["M","M","?","?","M","E","R","?","T","M","E","R","M","E","R","B",null,"M","M","?","?","$","E","?","M","T"],"character_chosen":"THE_SILENT","items_purchased":["Bottled Tornado"],"gold_per_floor":[117,129,129,79,104,148,148,148,148,169,204,204,218,253,253,377,377,397,420,420,345,23,64,64,79,124],"floor_reached":27,"campfire_rested":2,"playtime":1931,"current_hp_per_floor":[70,70,53,53,50,42,63,49,49,49,47,47,43,27,48,13,70,61,48,48,48,48,44,44,4,4],"items_purged":["Injury"],"gold":124,"score":276,"play_id":"1da335e5-c2da-48cb-9b3c-736e39575e4c","is_prod":false,"is_daily":false,"is_ascension_mode":true,"campfire_upgraded":1,"path_taken":["M","M","?","?","M","E","R","?","T","M","E","R","M","E","R","BOSS","M","M","?","?","$","E","?","M","T","M"],"build_version":"2018-02-08-BETA1","purchased_purges":1,"victory":false,"master_deck":["Defend_G+1","Defend_G+1","Defend_G+1","Defend_G+1","Defend_G+1","Strike_G+1","Strike_G+1","Strike_G+1","Strike_G+1","Survivor","Neutralize+1","Flying Knee","Flying Knee","Flying Knee","Finisher","Choke","All Out Attack","Blur","Infinite Blades","Leg Sweep","Caltrops","A Thousand Cuts+1","Blade Dance","After Image","Parasite","Parasite","Prepared","Dodge and Roll","After Image","Caltrops+1","Predator+1"],"max_hp_per_floor":[70,70,70,70,70,70,70,70,70,70,70,70,70,70,70,70,70,70,70,70,70,70,70,70,70,70],"relics":["Orrery","Golden Idol","Whetstone","Pen Nib","Kunai","Ginger","Calling Bell","Orichalcum","Juzu Bracelet","Unceasing Top","Prayer Wheel","Bottled Tornado","Ornamental Fan","Bag of Preparation"],"card_choices":[{"not_picked":["Predator","Endless Agony"],"picked":"Flying Knee"},{"not_picked":["Malaise","Deflect"],"picked":"Flying Knee"},{"not_picked":["All Out Attack","PiercingWail"],"picked":"Flying Knee"},{"not_picked":["Underhanded Strike","Backstab"],"picked":"Finisher"},{"not_picked":["Terror","Poisoned Stab"],"picked":"Choke"},{"not_picked":["Acrobatics","Calculated Gamble"],"picked":"All Out Attack"},{"not_picked":["Corpse Explosion","Prepared"],"picked":"Blur"},{"not_picked":["Prepared","Finisher"],"picked":"Infinite Blades"},{"not_picked":["Sucker Punch","Masterful Stab"],"picked":"Leg Sweep"},{"not_picked":["Dagger Throw","Deflect"],"picked":"Caltrops"},{"not_picked":["Dagger Throw","PiercingWail"],"picked":"A Thousand Cuts"},{"not_picked":["Sucker Punch","Dash"],"picked":"Blade Dance"},{"not_picked":["Glass Knife","Storm of Steel"],"picked":"After Image"},{"not_picked":["Deadly Poison","Deflect"],"picked":"Prepared"},{"not_picked":["Noxious Fumes","Outmaneuver"],"picked":"Dodge and Roll"},{"not_picked":["Masterful Stab","Outmaneuver"],"picked":"After Image"},{"not_picked":["Dagger Throw","Sucker Punch"],"picked":"Caltrops"},{"not_picked":["Bane","Deflect"],"picked":"Predator"}],"player_experience":74376,"potions_floor_usage":[11,16,16,23,23,27],"damage_taken":[{"damage":0,"enemies":"Small Slimes","floor":1,"turns":2},{"damage":0,"enemies":"Jaw Worm","floor":2,"turns":2},{"damage":3,"enemies":"Blue Slaver","floor":5,"turns":3},{"damage":8,"enemies":"Lagavulin","floor":6,"turns":7},{"damage":0,"enemies":"Large Slime","floor":10,"turns":3},{"damage":2,"enemies":"Gremlin Nob","floor":11,"turns":4},{"damage":4,"enemies":"Exordium Wildlife","floor":13,"turns":4},{"damage":16,"enemies":"3 Sentries","floor":14,"turns":6},{"damage":35,"enemies":"Slime Boss","floor":16,"turns":7},{"damage":9,"enemies":"3 Byrds","floor":18,"turns":4},{"damage":13,"enemies":"Shell Parasite","floor":19,"turns":6},{"damage":4,"enemies":"Gremlin Leader","floor":23,"turns":8},{"damage":40,"enemies":"Cultist and Chosen","floor":25,"turns":7},{"damage":6,"enemies":"Snake Plant","floor":27,"turns":2}],"event_choices":[{"event_name":"Golden Idol","player_choice":"Take Damage","floor":3,"damage_taken":0},{"event_name":"The Cleric","player_choice":"Card Removal","floor":4,"damage_taken":0},{"event_name":"Shining Light","player_choice":"Entered Light","floor":8,"damage_taken":0},{"event_name":"The Mausoleum","player_choice":"Yes","floor":20,"damage_taken":0},{"event_name":"Beggar","player_choice":"Gave Gold","floor":21,"damage_taken":0},{"event_name":"Back to Basics","player_choice":"Simplicity","floor":24,"damage_taken":0}],"boss_relics":[{"not_picked":["The Specimen","Lizard Tail"],"picked":"Calling Bell"}],"potions_floor_spawned":[1,5,6,14,18,19,25],"seed_played":"-259381252827405063","killed_by":"Snake Plant","ascension_level":2,"is_trial":false}