{"path_per_floor":["M","$","M","M","M","R","E","M","T","M","M","?","M","M","R","B",null,"M","M","$","?","?","M","R","?","T","$","R","M","M","?","R"],"character_chosen":"THE_SILENT","items_purchased":["Noxious Fumes","Mercury Hourglass","Deflect","Deadly Poison","Footwork"],"gold_per_floor":[110,71,91,103,117,117,149,168,168,181,199,279,295,306,306,411,411,427,447,196,196,196,211,211,211,235,89,89,104,123,123,123],"floor_reached":33,"campfire_rested":3,"playtime":1711,"current_hp_per_floor":[70,70,70,70,55,55,49,49,49,47,49,49,51,44,65,32,70,46,38,38,38,38,9,30,53,53,53,53,52,54,41,63],"items_purged":[],"gold":123,"score":253,"play_id":"a3779374-a6a5-4bc6-bb7c-dc1012bc0645","is_prod":false,"is_daily":false,"is_ascension_mode":false,"campfire_upgraded":2,"path_taken":["M","$","M","?","M","R","E","M","T","M","M","?","M","M","R","BOSS","M","M","$","?","?","M","R","?","T","?","R","M","M","?","R","BOSS"],"build_version":"2018-02-22-PROD2","purchased_purges":0,"victory":false,"master_deck":["Defend_G+1","Defend_G+1","Defend_G+1","Defend_G+1","Defend_G+1","Strike_G+1","Strike_G+1","Strike_G+1","Strike_G+1","Strike_G+1","Survivor","Neutralize","Quick Slash","Noxious Fumes+1","Deadly Poison","Catalyst","Backstab","Deadly Poison","Dagger Spray","Infinite Blades","Poisoned Stab","Deflect","Concentrate","Adrenaline","Cloak And Dagger","Backflip","Footwork+1","Deflect","Deadly Poison","Footwork","Deflect","Backflip"],"max_hp_per_floor":[70,70,70,70,70,70,70,70,70,70,70,70,70,70,70,70,70,70,70,70,70,70,70,70,70,70,70,70,70,70,75,75],"relics":["Ring of the Snake","NeowsBlessing","Blood Vial","Happy Flower","Sozu","Mercury Hourglass","Lantern"],"card_choices":[{"not_picked":["Crippling Poison","Masterful Stab"],"picked":"Quick Slash"},{"not_picked":["Infinite Blades","Dagger Throw"],"picked":"Deadly Poison"},{"not_picked":["Sucker Punch","Outmaneuver"],"picked":"Catalyst"},{"not_picked":["Prepared","Underhanded Strike"],"picked":"Backstab"},{"not_picked":["Caltrops","Dodge and Roll"],"picked":"Deadly Poison"},{"not_picked":["Choke","Bane"],"picked":"Dagger Spray"},{"not_picked":["Expertise","Skewer"],"picked":"Infinite Blades"},{"not_picked":["Deadly Poison","Finisher"],"picked":"Poisoned Stab"},{"not_picked":["Blur","Dash"],"picked":"Deflect"},{"not_picked":["Dagger Throw","Masterful Stab"],"picked":"Concentrate"},{"not_picked":["Bullet Time","Night Terror"],"picked":"Adrenaline"},{"not_picked":["Sucker Punch","Infinite Blades"],"picked":"Cloak And Dagger"},{"not_picked":["Endless Agony","Blade Dance"],"picked":"Backflip"},{"not_picked":["Deflect","After Image"],"picked":"Footwork"},{"not_picked":["Quick Slash","Riddle With Holes"],"picked":"Deflect"},{"not_picked":["Dagger Throw","Poisoned Stab"],"picked":"Backflip"}],"player_experience":109775,"potions_floor_usage":[33],"damage_taken":[{"damage":0.0,"enemies":"Cultist","floor":1.0,"turns":1.0},{"damage":0.0,"enemies":"Small Slimes","floor":3.0,"turns":1.0},{"damage":0.0,"enemies":"Jaw Worm","floor":4.0,"turns":1.0},{"damage":15.0,"enemies":"Lots of Slimes","floor":5.0,"turns":4.0},{"damage":6.0,"enemies":"3 Sentries","floor":7.0,"turns":7.0},{"damage":2.0,"enemies":"Large Slime","floor":8.0,"turns":5.0},{"damage":4.0,"enemies":"Blue Slaver","floor":10.0,"turns":3.0},{"damage":0.0,"enemies":"2 Fungi Beasts","floor":11.0,"turns":3.0},{"damage":0.0,"enemies":"3 Louse","floor":13.0,"turns":2.0},{"damage":9.0,"enemies":"Large Slime","floor":14.0,"turns":6.0},{"damage":35.0,"enemies":"The Guardian","floor":16.0,"turns":9.0},{"damage":24.0,"enemies":"3 Byrds","floor":18.0,"turns":4.0},{"damage":10.0,"enemies":"2 Thieves","floor":19.0,"turns":4.0},{"damage":31.0,"enemies":"Chosen and Byrds","floor":23.0,"turns":5.0},{"damage":3.0,"enemies":"Snake Plant","floor":29.0,"turns":4.0},{"damage":0.0,"enemies":"Centurion and Healer","floor":30.0,"turns":5.0},{"damage":68,"enemies":"Champ","floor":33,"turns":11}],"event_choices":[{"event_name":"Golden Wing","player_choice":"Gained Gold","floor":12.0,"damage_taken":0.0},{"event_name":"Back to Basics","player_choice":"Simplicity","floor":21.0,"damage_taken":0.0},{"event_name":"Cursed Tome","player_choice":"Ignored","floor":22.0,"damage_taken":0.0},{"event_name":"The Library","player_choice":"Heal","floor":25.0,"damage_taken":0.0},{"event_name":"Forgotten Altar","player_choice":"Shed Blood","floor":31.0,"damage_taken":0.0}],"boss_relics":[],"potions_floor_spawned":[1,5,11,13,16,19,23,30],"seed_played":"4523126691929407972","killed_by":"Champ","ascension_level":0,"is_trial":false}