{"path_per_floor":["M","M","M","?","M","E","?","E","T","R","?","?","$","E","R","B",null,"M","?","M","$","?","E","R","?","T","R","M","R","M","?","R","B",null,"M","?","$","?","M","E","R","$","T","R","M","?","M","E","R"],"character_chosen":"IRONCLAD","items_purchased":["Matryoshka","Seeing Red","Whetstone","Secret Technique","Metallicize"],"gold_per_floor":[110,120,133,133,143,171,171,196,223,223,223,398,26,56,56,156,156,175,175,187,32,32,58,58,58,58,58,71,71,86,186,186,283,283,299,299,52,52,70,97,97,97,97,97,116,116,132,165,195],"floor_reached":50,"campfire_rested":2,"playtime":4725,"current_hp_per_floor":[80,73,73,66,66,34,18,9,9,33,33,33,33,36,60,10,80,80,80,72,72,72,79,79,79,79,79,57,57,62,62,62,14,87,75,65,65,65,68,41,41,41,41,41,47,47,41,45,45],"items_purged":["Doubt"],"gold":195,"play_id":"13fbd671-c4fe-4544-aa46-79f6abb185d4","is_prod":false,"is_daily":false,"is_ascension_mode":false,"campfire_upgraded":1,"path_taken":["M","M","M","?","M","E","?","E","T","R","?","?","$","E","R","BOSS","M","?","M","$","?","E","R","?","T","R","M","R","M","?","R","BOSS","M","?","$","?","M","E","R","$","T","R","M","?","M","E","R","BOSS"],"build_version":"2018-02-01-PROD3","purchased_purges":2,"victory":false,"master_deck":["Strike_R+1","Strike_R+1","Strike_R+1","Strike_R+1","Strike_R+1","Defend_R+1","Defend_R+1","Defend_R+1","Bash+1","Headbutt","Infernal Blade+1","Spot Weakness","Heavy Blade","Impervious","Clash","Seeing Red","Sever Soul","Barricade+1","Rage+1","Armaments+1","Shockwave+1","Shrug It Off","Armaments","Juggernaut","Flex+1","Heavy Blade+1","Twin Strike+1","Iron Wave+1","Warcry+1","Madness+1","Madness+1","Metallicize","Secret Technique+1","Infernal Blade+1","Fire Breathing+1","Shrug It Off+1","Flex+1","Shrug It Off+1"],"max_hp_per_floor":[80,80,80,80,80,80,80,80,80,80,80,80,80,80,80,80,80,80,80,80,80,80,87,87,87,87,87,87,87,87,87,87,87,87,87,87,87,87,87,87,87,87,87,87,87,87,87,87,87],"relics":["Burning Blood","Toolbox","Juzu Bracelet","Bag of Preparation","Pen Nib","Matryoshka","Happy Flower","Black Star","Anchor","Whetstone","War Paint","Strawberry","Blood Vial","Shovel","Bronze Scales","Paper Frog","Toxic Egg 2","Orrery","Omamori","Oddly Smooth Stone","Lantern","Vajra","Dream Catcher","Ancient Tea Set","Molten Egg 2","Letter Opener","Tiny Chest"],"card_choices":[{"not_picked":["Battle Trance","Metallicize"],"picked":"Headbutt"},{"not_picked":["Hemokinesis","Flex"],"picked":"Infernal Blade"},{"not_picked":["Intimidate","Whirlwind"],"picked":"Spot Weakness"},{"not_picked":["Iron Wave","Sword Boomerang"],"picked":"Heavy Blade"},{"not_picked":["Anger","Warcry"],"picked":"Impervious"},{"not_picked":["Cleave","Hemokinesis"],"picked":"Clash"},{"not_picked":["Corruption","Metallicize"],"picked":"Sever Soul"},{"not_picked":["Offering","Impervious"],"picked":"Barricade"},{"not_picked":["Anger","Clothesline"],"picked":"Rage"},{"not_picked":["Thunderclap","Anger"],"picked":"Armaments"},{"not_picked":["Perfected Strike","Seeing Red"],"picked":"Shockwave"},{"not_picked":["Anger","Clothesline"],"picked":"Shrug It Off"},{"not_picked":["Warcry","Sword Boomerang"],"picked":"Armaments"},{"not_picked":["Fiend Fire","Dark Embrace"],"picked":"Juggernaut"},{"not_picked":["Armaments","Clash"],"picked":"Flex"},{"not_picked":["Headbutt","Dropkick"],"picked":"Heavy Blade"},{"not_picked":["Rupture","Heavy Blade"],"picked":"Twin Strike"},{"not_picked":["Pommel Strike","Anger"],"picked":"Iron Wave"},{"not_picked":["Fiend Fire","Shrug It Off"],"picked":"Warcry"},{"not_picked":["Seeing Red","Searing Blow"],"picked":"Infernal Blade"},{"not_picked":["Heavy Blade","True Grit"],"picked":"Fire Breathing"},{"not_picked":["Sword Boomerang","Perfected Strike"],"picked":"Shrug It Off"},{"not_picked":["Whirlwind","Warcry"],"picked":"Flex"},{"not_picked":["Blood for Blood","Intimidate"],"picked":"Shrug It Off"}],"player_experience":49233,"potions_floor_usage":[8,8,8,16,16,33,33,48],"damage_taken":[{"damage":0,"enemies":"Small Slimes","floor":1,"turns":3},{"damage":13,"enemies":"2 Louse","floor":2,"turns":2},{"damage":6,"enemies":"Jaw Worm","floor":3,"turns":2},{"damage":6,"enemies":"2 Fungi Beasts","floor":5,"turns":3},{"damage":38,"enemies":"Gremlin Nob","floor":6,"turns":5},{"damage":15,"enemies":"3 Sentries","floor":8,"turns":7},{"damage":3,"enemies":"Gremlin Nob","floor":14,"turns":2},{"damage":56,"enemies":"Slime Boss","floor":16,"turns":13},{"damage":2,"enemies":"2 Thieves","floor":18,"turns":3},{"damage":14,"enemies":"Spheric Guardian","floor":20,"turns":4},{"damage":6,"enemies":"Book of Stabbing","floor":23,"turns":3},{"damage":30,"enemies":"Centurion and Healer","floor":28,"turns":4},{"damage":3,"enemies":"Snake Plant","floor":30,"turns":2},{"damage":62,"enemies":"Automaton","floor":33,"turns":16},{"damage":18,"enemies":"3 Darklings","floor":35,"turns":4},{"damage":5,"enemies":"Orb Walker","floor":39,"turns":4},{"damage":35,"enemies":"Nemesis","floor":40,"turns":7},{"damage":2,"enemies":"4 Shapes","floor":45,"turns":4},{"damage":14,"enemies":"Sphere and 2 Shapes","floor":47,"turns":4},{"damage":4,"enemies":"Giant Head","floor":48,"turns":6},{"damage":49,"enemies":"Time Eater","floor":50,"turns":4}],"event_choices":[{"event_name":"Scrap Ooze","player_choice":"success","floor":4,"damage_taken":7},{"event_name":"Shining Light","player_choice":"Entered Light","floor":7,"damage_taken":0},{"event_name":"The Lab","player_choice":"Got Potions","floor":11,"damage_taken":0},{"event_name":"Liars Game","player_choice":"agreed","floor":12,"damage_taken":0},{"event_name":"The Mausoleum","player_choice":"Yes","floor":19,"damage_taken":0},{"event_name":"Bonfire Elementals","player_choice":"BASIC","floor":22,"damage_taken":0},{"event_name":"Back to Basics","player_choice":"Simplicity","floor":25,"damage_taken":0},{"event_name":"Golden Shrine","player_choice":"Pray","floor":31,"damage_taken":0},{"event_name":"Winding Halls","player_choice":"Embrace Madness","floor":36,"damage_taken":0},{"event_name":"Duplicator","player_choice":"One dupe","floor":38,"damage_taken":0}],"boss_relics":[{"not_picked":["Question Card","Ectoplasm"],"picked":"Black Star"},{"not_picked":["Tiny House","Runic Cube"],"picked":"Orrery"}],"potions_floor_spawned":[1,5,6,8,18,20,23,45,48],"seed_played":"8959789623850676178","killed_by":"Time Eater","ascension_level":0,"is_trial":false}