{"path_per_floor":["M","?","?","M","M","R","M","R","T","M","E","R","$","M","R","B",null,"M","?","M","M"],"character_chosen":"IRONCLAD","items_purchased":["Flex","Inflame+1","Armaments"],"gold_per_floor":[118,191,191,210,220,220,235,235,235,253,282,282,132,146,146,250,250,260,260,277,287,287],"floor_reached":22,"campfire_rested":2,"playtime":1786,"item_purchase_floors":[13,13,13],"current_hp_per_floor":[80,80,64,67,68,68,65,65,65,63,34,58,58,56,80,31,80,63,63,34,14,0],"items_purged":[],"gold":287,"score":188,"play_id":"9d0aae21-f310-4562-96de-92ada939f902","local_time":"20180603012232","is_prod":false,"is_daily":false,"chose_seed":false,"is_ascension_mode":false,"campfire_upgraded":2,"win_rate":0.0,"timestamp":1527981752,"campfire_choices":[{"data":"Whirlwind","floor":6,"key":"SMITH"},{"data":"Rage","floor":8,"key":"SMITH"},{"floor":12,"key":"REST"},{"floor":15,"key":"REST"}],"path_taken":["M","?","?","M","M","R","M","R","T","?","E","R","$","M","R","BOSS","M","?","M","?","M"],"build_version":"2018-05-31","seed_source_timestamp":34316530384453,"purchased_purges":0,"victory":false,"master_deck":["Strike_R","Strike_R","Strike_R","Strike_R+1","Strike_R","Defend_R","Defend_R","Defend_R","Defend_R+1","Bash+1","Whirlwind+1","Shrug It Off","Rage+1","Sword Boomerang","Infernal Blade","Uppercut","Flex","Inflame+1","Armaments","Thunderclap","Juggernaut+1","Flex","Pommel Strike","Infernal Blade+1"],"max_hp_per_floor":[80,80,80,80,80,80,80,80,80,80,80,80,80,80,80,80,80,80,80,80,80,80],"relics":["Burning Blood","Frozen Egg 2","Charon\u0027s Ashes","Runic Cube"],"card_choices":[{"not_picked":["Pommel Strike","Carnage"],"picked":"Whirlwind","floor":1},{"not_picked":["Pummel","Warcry"],"picked":"Shrug It Off","floor":4},{"not_picked":["Shrug It Off","Burning Pact"],"picked":"Rage","floor":5},{"not_picked":["Corruption","Battle Trance"],"picked":"Sword Boomerang","floor":7},{"not_picked":["Burning Pact","Heavy Blade"],"picked":"Infernal Blade","floor":10},{"not_picked":["Entrench","Carnage"],"picked":"Uppercut","floor":11},{"not_picked":["True Grit","Clash"],"picked":"Thunderclap","floor":14},{"not_picked":["Limit Break","Offering"],"picked":"Juggernaut+1","floor":16},{"not_picked":["Shrug It Off","Iron Wave"],"picked":"Flex","floor":18},{"not_picked":["Whirlwind","Battle Trance"],"picked":"Pommel Strike","floor":20},{"not_picked":["Clash","Headbutt"],"picked":"Infernal Blade+1","floor":21}],"player_experience":29595,"potions_floor_usage":[10,11,11,16,21,22],"damage_taken":[{"damage":1,"enemies":"2 Louse","floor":1,"turns":3},{"damage":3,"enemies":"Jaw Worm","floor":4,"turns":3},{"damage":5,"enemies":"Small Slimes","floor":5,"turns":3},{"damage":9,"enemies":"2 Fungi Beasts","floor":7,"turns":3},{"damage":8,"enemies":"Gremlin Gang","floor":10,"turns":2},{"damage":43,"enemies":"Lagavulin","floor":11,"turns":11},{"damage":8,"enemies":"Lots of Slimes","floor":14,"turns":2},{"damage":55,"enemies":"The Guardian","floor":16,"turns":13},{"damage":23,"enemies":"3 Byrds","floor":18,"turns":4},{"damage":35,"enemies":"Shell Parasite","floor":20,"turns":8},{"damage":26,"enemies":"3 Cultists","floor":21,"turns":4},{"damage":20,"enemies":"Sentry and Sphere","floor":22,"turns":3}],"relics_obtained":[{"floor":9,"key":"Frozen Egg 2"},{"floor":11,"key":"Charon\u0027s Ashes"}],"event_choices":[{"event_name":"Golden Wing","player_choice":"Gained Gold","floor":2,"damage_taken":0},{"event_name":"Shining Light","player_choice":"Entered Light","floor":3,"damage_taken":0},{"event_name":"Ghosts","player_choice":"Ignored","floor":19,"damage_taken":0}],"boss_relics":[{"not_picked":["Runic Dome","Orrery"],"picked":"Runic Cube"}],"items_purged_floors":[],"potions_floor_spawned":[1,7,10,14,16,21],"seed_played":"3986048585183097795","killed_by":"Sentry and Sphere","ascension_level":0,"potions_obtained":[{"floor":1,"key":"Ancient Potion"},{"floor":7,"key":"Ancient Potion"},{"floor":10,"key":"BloodPotion"},{"floor":14,"key":"Swift Potion"},{"floor":16,"key":"Strength Potion"},{"floor":21,"key":"Block Potion"}],"is_trial":false}