{"path_per_floor":["M","?","?","$","M","R","E","R","T","?","R","M","?","E","R","B",null,"M","M","?","?","$","E","R","E","T","R","?","M","M","M","R"],"character_chosen":"THE_SILENT","items_purchased":[],"gold_per_floor":[99,99,99,99,99,99,99,99,99,99,99,99,99,99,99,99,99,99,99,99,99,99,99,99,99,99,99,99,99,99,99,99,99],"floor_reached":33,"campfire_rested":6,"playtime":1722,"current_hp_per_floor":[68,68,57,57,57,57,37,58,58,25,46,46,35,17,40,2,58,51,46,30,30,30,9,32,2,2,25,25,38,36,26,49,0],"items_purged":[],"gold":99,"score":364,"play_id":"ac2877c7-e5f8-4d0e-97fd-30668cc2d9e8","local_time":"20180413200711","is_prod":false,"is_daily":false,"chose_seed":false,"is_ascension_mode":true,"campfire_upgraded":1,"timestamp":1523639231,"path_taken":["M","?","?","?","?","R","E","R","T","?","R","M","?","E","R","BOSS","M","M","?","?","?","E","R","E","T","R","?","?","M","M","R","BOSS"],"build_version":"2018-04-12","seed_source_timestamp":128385503257882,"purchased_purges":0,"victory":false,"master_deck":["Defend_G+1","Defend_G+1","Defend_G+1","Defend_G+1","Defend_G+1","Strike_G+1","Strike_G+1","Strike_G+1","Strike_G+1","Strike_G+1","Survivor","Neutralize+1","Deadly Poison","Caltrops","Bouncing Flask+1","Escape Plan","Escape Plan+1","Die Die Die","Die Die Die","Leg Sweep+1","Slice","Necronomicurse","PiercingWail+1","Burst","Backstab","Decay","Deadly Poison+1","Dagger Spray+1","Deadly Poison+1","Terror"],"max_hp_per_floor":[70,70,70,70,70,70,70,70,70,70,70,70,70,77,77,77,77,77,77,77,77,77,77,77,77,77,77,77,77,77,77,77,77],"relics":["Ectoplasm","Bird Faced Urn","Dodecahedron","Tough Bandages","Ancient Tea Set","Strawberry","Lizard Tail","Necronomicon","War Paint","Paper Crane","Dream Catcher"],"card_choices":[{"not_picked":["Leg Sweep","Sucker Punch"],"picked":"Deadly Poison","floor":1},{"not_picked":["Deflect","Slice"],"picked":"Caltrops","floor":5},{"not_picked":["Slice","Cloak And Dagger"],"picked":"Bouncing Flask","floor":7},{"not_picked":["Acrobatics","PiercingWail"],"picked":"Escape Plan","floor":12},{"not_picked":["Outmaneuver","Endless Agony"],"picked":"Escape Plan","floor":13},{"not_picked":["Dash","Backflip"],"picked":"Die Die Die","floor":14},{"not_picked":["Storm of Steel","Corpse Explosion"],"picked":"Die Die Die","floor":16},{"not_picked":["Flying Knee","Deflect"],"picked":"Leg Sweep","floor":18},{"not_picked":["Setup","Eviscerate"],"picked":"Slice","floor":19},{"not_picked":["Skewer","Masterful Stab"],"picked":"PiercingWail","floor":23},{"not_picked":["Dodge and Roll","Cloak And Dagger"],"picked":"Burst","floor":25},{"not_picked":["Bane","Prepared"],"picked":"Backstab","floor":27},{"not_picked":["PiercingWail","Setup"],"picked":"Deadly Poison","floor":29},{"not_picked":["Malaise","Glass Knife"],"picked":"Dagger Spray","floor":30},{"not_picked":["PiercingWail","Riddle With Holes"],"picked":"Deadly Poison","floor":31},{"not_picked":["Quick Slash","Dagger Throw"],"picked":"Terror","floor":32}],"player_experience":188269,"potions_floor_usage":[13,14,16,16,16,18,23,25,30],"damage_taken":[{"damage":2,"enemies":"Small Slimes","floor":1,"turns":4},{"damage":0,"enemies":"Jaw Worm","floor":5,"turns":4},{"damage":20,"enemies":"Lagavulin","floor":7,"turns":8},{"damage":2,"enemies":"2 Louse","floor":12,"turns":3},{"damage":13,"enemies":"Gremlin Nob","floor":13,"turns":3},{"damage":27,"enemies":"Gremlin Nob","floor":14,"turns":4},{"damage":40,"enemies":"Slime Boss","floor":16,"turns":13},{"damage":9,"enemies":"Chosen","floor":18,"turns":5},{"damage":7,"enemies":"3 Byrds","floor":19,"turns":2},{"damage":38,"enemies":"Book of Stabbing","floor":23,"turns":7},{"damage":32,"enemies":"Gremlin Leader","floor":25,"turns":9},{"damage":43,"enemies":"Cultist and Chosen","floor":29,"turns":8},{"damage":2,"enemies":"3 Cultists","floor":30,"turns":5},{"damage":10,"enemies":"Chosen and Byrds","floor":31,"turns":5},{"damage":52,"enemies":"Collector","floor":33,"turns":8}],"event_choices":[{"event_name":"Golden Wing","player_choice":"Ignored","floor":2,"damage_taken":0},{"event_name":"World of Goop","player_choice":"Gather Gold","floor":3,"damage_taken":0},{"event_name":"Scrap Ooze","player_choice":"success","floor":10,"damage_taken":33},{"event_name":"Dead Adventurer","player_choice":"Searched \u00272\u0027 times","floor":13,"damage_taken":0},{"event_name":"Cursed Tome","player_choice":"Obtained Book","floor":20,"damage_taken":0},{"event_name":"Back to Basics","player_choice":"Simplicity","floor":21,"damage_taken":0},{"event_name":"Forgotten Altar","player_choice":"Smashed Altar","floor":28,"damage_taken":0}],"boss_relics":[{"not_picked":["Astrolabe","Calling Bell"],"picked":"Lizard Tail"}],"potions_floor_spawned":[1,12,13,13,14,16,18,23,29],"seed_played":"-3148120738989798387","killed_by":"Collector","ascension_level":5,"is_trial":false}