{"gold_per_floor":[115,134,145,145,158,193,193,206,206,217,244,261,294,313,313,412,462,479,479,499,511,601,628,628,657,657,48,61,91,7,40,40,139,139,156,170,183,183,183,216,229,262,262,47,81,98,98,98,98,98],"floor_reached":51,"playtime":3486,"items_purged":["Defend_B","Shame"],"score":983,"play_id":"bd964c66-edb9-4a04-9d6b-8590fd4e67e0","local_time":"20181027180240","is_ascension_mode":true,"campfire_choices":[{"data":"Zap","floor":7,"key":"SMITH"},{"data":"Electrodynamics","floor":15,"key":"SMITH"},{"floor":24,"key":"REST"},{"data":"White Noise","floor":32,"key":"SMITH"},{"data":"Mind Blast","floor":49,"key":"SMITH"}],"neow_cost":"NONE","seed_source_timestamp":252108370252438,"circlet_count":0,"master_deck":["Strike_B","Strike_B+1","Strike_B","Defend_B","Defend_B","Zap+1","Dualcast","Redo+1","Conserve Battery","Cold Snap","Doom and Gloom","Cold Snap+1","Redo","Ball Lightning","Electrodynamics+1","Leap","Hello World","Go for the Eyes","Echo Form+1","Hologram","Rebound+1","Defragment","Electrodynamics","Chill+1","Rebound+1","Hello World","White Noise+1","Seek","Streamline+1","Go for the Eyes+1","Force Field","Storm+1","Turbo+1","Leap+1","Storm","Force Field","Seek","Melter+1","Enlightenment","Mind Blast+1"],"relics":["Cracked Core","Dead Branch","Bird Faced Urn","Du-Vu Doll","Turnip","Tiny House","Whetstone","Centennial Puzzle","Boot","Lee\u0027s Waffle","FossilizedHelix","Unceasing Top","Ancient Tea Set","Cursed Key","Orichalcum","Juzu Bracelet","Potion Belt"],"potions_floor_usage":[6,11,11,13,16,23,23,23,31,31,37,40,50,50],"damage_taken":[{"damage":0,"enemies":"Cultist","floor":1,"turns":4},{"damage":5,"enemies":"Small Slimes","floor":2,"turns":3},{"damage":1,"enemies":"Jaw Worm","floor":3,"turns":3},{"damage":2,"enemies":"3 Louse","floor":5,"turns":4},{"damage":10,"enemies":"Gremlin Nob","floor":6,"turns":4},{"damage":7,"enemies":"2 Fungi Beasts","floor":8,"turns":2},{"damage":0,"enemies":"Lots of Slimes","floor":10,"turns":1},{"damage":0,"enemies":"3 Sentries","floor":11,"turns":3},{"damage":7,"enemies":"Large Slime","floor":12,"turns":4},{"damage":6,"enemies":"Gremlin Nob","floor":13,"turns":4},{"damage":6,"enemies":"Exordium Thugs","floor":14,"turns":3},{"damage":17,"enemies":"Hexaghost","floor":16,"turns":7},{"damage":7,"enemies":"Chosen","floor":18,"turns":5},{"damage":3,"enemies":"Shell Parasite","floor":20,"turns":7},{"damage":4,"enemies":"Cultist and Chosen","floor":21,"turns":4},{"damage":17,"enemies":"Book of Stabbing","floor":23,"turns":6},{"damage":31,"enemies":"Gremlin Leader","floor":25,"turns":5},{"damage":2,"enemies":"Centurion and Healer","floor":28,"turns":4},{"damage":29,"enemies":"Slavers","floor":29,"turns":5},{"damage":0,"enemies":"Gremlin Leader","floor":31,"turns":7},{"damage":47,"enemies":"Collector","floor":33,"turns":9},{"damage":9,"enemies":"3 Darklings","floor":35,"turns":4},{"damage":0,"enemies":"3 Shapes","floor":36,"turns":3},{"damage":31,"enemies":"Writhing Mass","floor":37,"turns":5},{"damage":21,"enemies":"Giant Head","floor":40,"turns":7},{"damage":0,"enemies":"Transient","floor":41,"turns":5},{"damage":0,"enemies":"Reptomancer","floor":42,"turns":5},{"damage":0,"enemies":"Nemesis","floor":45,"turns":5},{"damage":0,"enemies":"Maw","floor":46,"turns":5},{"damage":6,"enemies":"Donu and Deca","floor":50,"turns":5}],"seed_played":"-4174080005129317673","potions_obtained":[{"floor":5,"key":"Strength Potion"},{"floor":8,"key":"Energy Potion"},{"floor":10,"key":"Dexterity Potion"},{"floor":11,"key":"GamblersBrew"},{"floor":12,"key":"FocusPotion"},{"floor":14,"key":"Regen Potion"},{"floor":17,"key":"GamblersBrew"},{"floor":18,"key":"FearPotion"},{"floor":20,"key":"Dexterity Potion"},{"floor":31,"key":"Regen Potion"},{"floor":35,"key":"Fire Potion"},{"floor":36,"key":"Energy Potion"},{"floor":45,"key":"Ancient Potion"}],"is_trial":false,"path_per_floor":["M","M","M","?","M","E","R","M","T","M","E","M","E","M","R","B",null,"M","?","M","M","?","E","R","E","T","$","M","E","$","E","R","B",null,"M","M","M","?","?","E","M","E","T","$","E","M","?","?","R","B"],"character_chosen":"DEFECT","items_purchased":["Lee\u0027s Waffle","PowerPotion","FossilizedHelix","Hello World","AttackPotion","Storm","Force Field"],"campfire_rested":1,"item_purchase_floors":[27,27,27,30,30,44,44],"current_hp_per_floor":[75,70,69,69,67,57,57,50,50,50,50,45,41,37,37,39,80,75,75,74,74,58,49,73,48,48,87,85,60,60,84,84,50,87,80,87,66,66,66,59,73,87,87,87,87,87,77,77,77,83],"gold":98,"neow_bonus":"REMOVE_CARD","is_prod":false,"is_daily":false,"chose_seed":false,"campfire_upgraded":4,"win_rate":0,"timestamp":1540688560,"path_taken":["M","?","M","?","M","E","R","M","T","M","E","?","E","M","R","BOSS","M","?","M","M","?","E","R","E","T","$","?","E","$","E","R","BOSS","M","?","M","?","?","E","?","E","T","?","E","M","?","?","R","BOSS"],"build_version":"2018-10-25v2","purchased_purges":2,"victory":true,"max_hp_per_floor":[75,75,75,75,75,75,75,75,75,75,75,75,75,75,75,75,80,80,80,80,80,80,80,80,80,80,87,87,87,87,87,87,87,87,87,87,87,87,87,87,87,87,87,87,87,87,87,83,83,83],"card_choices":[{"not_picked":["Stack","Turbo"],"picked":"Redo","floor":1},{"not_picked":["Skim","Recycle"],"picked":"Conserve Battery","floor":2},{"not_picked":["Beam Cell","Rebound"],"picked":"Cold Snap","floor":3},{"not_picked":["Conserve Battery","Hologram"],"picked":"Doom and Gloom","floor":5},{"not_picked":["Sunder","Steam Power"],"picked":"Cold Snap","floor":6},{"not_picked":["Streamline","Aggregate"],"picked":"Redo","floor":8},{"not_picked":["Double Energy","Melter"],"picked":"Ball Lightning","floor":10},{"not_picked":["Conserve Battery","Fission"],"picked":"Electrodynamics","floor":11},{"not_picked":["Force Field","Consume"],"picked":"Leap","floor":12},{"not_picked":["Cold Snap","Auto Shields"],"picked":"Hello World","floor":13},{"not_picked":["Redo","Cold Snap"],"picked":"Go for the Eyes","floor":14},{"not_picked":["Buffer","Fission"],"picked":"Echo Form","floor":16},{"not_picked":["Doom and Gloom","Redo"],"picked":"Hologram","floor":17},{"not_picked":["Reprogram+1","Barrage","Leap"],"picked":"SKIP","floor":18},{"not_picked":["Sweeping Beam","Reinforced Body"],"picked":"Rebound+1","floor":20},{"not_picked":["Ball Lightning","Coolheaded+1"],"picked":"Defragment","floor":21},{"not_picked":["Compile Driver","Rebound"],"picked":"Electrodynamics","floor":23},{"not_picked":["Loop","Turbo"],"picked":"Chill+1","floor":25},{"not_picked":["FTL","Sweeping Beam"],"picked":"Rebound+1","floor":28},{"not_picked":["Blizzard+1","Redo","Cold Snap"],"picked":"SKIP","floor":29},{"not_picked":["Sweeping Beam+1","Go for the Eyes"],"picked":"White Noise","floor":31},{"not_picked":["Reboot","Machine Learning"],"picked":"Seek","floor":33},{"not_picked":["Stack+1","Steam"],"picked":"Streamline+1","floor":35},{"not_picked":["Skim","Streamline"],"picked":"Go for the Eyes+1","floor":36},{"not_picked":["Self Repair+1","Streamline"],"picked":"Force Field","floor":37},{"not_picked":["Conserve Battery+1","Double Energy+1"],"picked":"Storm+1","floor":40},{"not_picked":["Conserve Battery+1","Self Repair+1"],"picked":"Turbo+1","floor":41},{"not_picked":["Go for the Eyes","Ball Lightning+1"],"picked":"Leap+1","floor":42},{"not_picked":["Biased Cognition","BootSequence+1"],"picked":"Seek","floor":45},{"not_picked":["Reprogram+1","Conserve Battery+1"],"picked":"Melter+1","floor":46},{"not_picked":["Purity","Impatience"],"picked":"Enlightenment","floor":47},{"not_picked":["Trip","Violence"],"picked":"Mind Blast","floor":47}],"player_experience":126278,"relics_obtained":[{"floor":6,"key":"Dead Branch"},{"floor":9,"key":"Bird Faced Urn"},{"floor":11,"key":"Du-Vu Doll"},{"floor":13,"key":"Turnip"},{"floor":23,"key":"Whetstone"},{"floor":25,"key":"Centennial Puzzle"},{"floor":26,"key":"Boot"},{"floor":29,"key":"Unceasing Top"},{"floor":31,"key":"Ancient Tea Set"},{"floor":40,"key":"Orichalcum"},{"floor":42,"key":"Juzu Bracelet"},{"floor":45,"key":"Potion Belt"}],"event_choices":[{"damage_healed":0,"gold_gain":0,"player_choice":"Forge","damage_taken":0,"max_hp_gain":0,"max_hp_loss":0,"event_name":"Accursed Blacksmith","floor":4,"gold_loss":0,"cards_upgraded":["Redo"]},{"damage_healed":0,"gold_gain":0,"player_choice":"Ignored","damage_taken":0,"max_hp_gain":0,"max_hp_loss":0,"event_name":"Ghosts","floor":19,"gold_loss":0},{"damage_healed":0,"gold_gain":90,"player_choice":"GOLD ","damage_taken":16,"max_hp_gain":0,"max_hp_loss":0,"event_name":"Knowing Skull","floor":22,"potions_obtained":[],"gold_loss":0,"cards_obtained":[]},{"damage_healed":0,"gold_gain":0,"player_choice":"Ignored","damage_taken":0,"max_hp_gain":0,"max_hp_loss":0,"event_name":"Mysterious Sphere","floor":38,"gold_loss":0},{"cards_removed":["Defend_B"],"damage_healed":0,"gold_gain":0,"player_choice":"Removed Skill","damage_taken":0,"max_hp_gain":0,"max_hp_loss":0,"event_name":"Falling","floor":39,"gold_loss":0},{"damage_healed":0,"gold_gain":0,"player_choice":"Memory 3","damage_taken":10,"max_hp_gain":0,"max_hp_loss":0,"event_name":"SensoryStone","floor":47,"gold_loss":0},{"damage_healed":0,"gold_gain":0,"player_choice":"Max HP","damage_taken":0,"max_hp_gain":0,"max_hp_loss":4,"event_name":"Winding Halls","floor":48,"gold_loss":0}],"is_beta":false,"boss_relics":[{"not_picked":["White Beast Statue","Inserter"],"picked":"Tiny House"},{"not_picked":["Coffee Dripper","Lizard Tail"],"picked":"Cursed Key"}],"items_purged_floors":[27,44],"is_endless":false,"potions_floor_spawned":[5,8,10,11,12,14,18,20,31,35,36,45],"ascension_level":1}