{"gold_per_floor":[14,14,14,14,33,73,73,91,117,42,217,237,277,301,301,430,430,449,449,449,474,474,474],"floor_reached":23,"playtime":1315,"items_purged":["Regret"],"score":249,"play_id":"6e29a6ff-2c00-47c8-849f-2251e24e5b54","local_time":"20181010001515","is_ascension_mode":true,"campfire_choices":[{"floor":7.0,"key":"REST"},{"floor":15.0,"key":"REST"}],"neow_cost":"NO_GOLD","seed_source_timestamp":1427687406850738,"circlet_count":0,"master_deck":["Strike_B","Strike_B","Strike_B","Strike_B","Defend_B","Defend_B","Defend_B","Defend_B","Zap","Dualcast","Ball Lightning","Cold Snap","White Noise","Heatsinks","Doubt","Electrodynamics","Loop","Steam","Creative AI","Consume","Madness","Zap","Go for the Eyes"],"special_seed":0,"relics":["Cracked Core","Ginger","Golden Idol","Blood Vial","Bag of Marbles","Happy Flower","Eternal Feather","Nloth\u0027s Gift"],"potions_floor_usage":[18],"damage_taken":[{"damage":7.0,"enemies":"Jaw Worm","floor":1.0,"turns":4.0},{"damage":0.0,"enemies":"Cultist","floor":5.0,"turns":2.0},{"damage":37.0,"enemies":"Gremlin Nob","floor":6.0,"turns":4.0},{"damage":2.0,"enemies":"2 Louse","floor":8.0,"turns":2.0},{"damage":5.0,"enemies":"Looter","floor":12.0,"turns":3.0},{"damage":4.0,"enemies":"3 Sentries","floor":13.0,"turns":2.0},{"damage":10.0,"enemies":"2 Fungi Beasts","floor":14.0,"turns":2.0},{"damage":14.0,"enemies":"Slime Boss","floor":16.0,"turns":6.0},{"damage":41,"enemies":"2 Thieves","floor":18,"turns":5},{"damage":16,"enemies":"Spheric Guardian","floor":21,"turns":6},{"damage":43,"enemies":"Book of Stabbing","floor":23,"turns":4}],"seed_played":"-804389257438291967","potions_obtained":[{"floor":8.0,"key":"SkillPotion"},{"floor":13.0,"key":"FearPotion"},{"floor":16.0,"key":"LiquidBronze"},{"floor":18,"key":"Explosive Potion"}],"is_trial":false,"path_per_floor":["M","?","?","?","M","E","R","M","T","$","?","M","E","M","R","B",null,"M","?","?","M","?"],"character_chosen":"DEFECT","items_purchased":[],"campfire_rested":2,"item_purchase_floors":[],"current_hp_per_floor":[68,68,50,50,50,13,35,35,35,35,35,32,30,22,44,32,64,25,25,50,36,36,0],"gold":474,"neow_bonus":"ONE_RARE_RELIC","is_prod":false,"is_daily":false,"chose_seed":false,"campfire_upgraded":0,"win_rate":0,"timestamp":1539119715,"path_taken":["M","?","?","?","?","E","R","M","T","?","?","M","E","M","R","BOSS","M","?","?","?","?","E"],"build_version":"2018-10-08","purchased_purges":1,"victory":false,"max_hp_per_floor":[75,75,75,75,75,75,75,75,75,75,75,75,75,75,75,75,75,75,75,75,75,75,75],"card_choices":[{"not_picked":["Conserve Battery","Leap"],"picked":"Ball Lightning","floor":1.0},{"not_picked":["Compile Driver","Leap"],"picked":"Cold Snap","floor":5.0},{"not_picked":["Cold Snap","Ball Lightning"],"picked":"White Noise","floor":6.0},{"not_picked":["Turbo","Compile Driver"],"picked":"Heatsinks","floor":8.0},{"not_picked":["Compile Driver","Steam Power"],"picked":"Electrodynamics","floor":12.0},{"not_picked":["Leap","Gash"],"picked":"Loop","floor":13.0},{"not_picked":["Rebound","Stack"],"picked":"Steam","floor":14.0},{"not_picked":["All For One","Echo Form"],"picked":"Creative AI","floor":16.0},{"not_picked":["Hologram","Stack"],"picked":"Consume","floor":18},{"not_picked":["Reinforced Body+1","Compile Driver"],"picked":"Go for the Eyes","floor":21}],"player_experience":252464,"relics_obtained":[{"floor":6.0,"key":"Blood Vial"},{"floor":9.0,"key":"Bag of Marbles"},{"floor":13.0,"key":"Happy Flower"}],"event_choices":[{"event_name":"Big Fish","player_choice":"Box","floor":2.0,"damage_taken":0.0},{"event_name":"Golden Idol","player_choice":"Take Damage","floor":3.0,"damage_taken":0.0},{"event_name":"The Cleric","player_choice":"Leave","floor":4.0,"damage_taken":0.0},{"event_name":"Liars Game","player_choice":"agreed","floor":11.0,"damage_taken":0.0},{"event_name":"Match and Keep!","player_choice":"2 cards matched","floor":19,"damage_taken":0},{"event_name":"The Library","player_choice":"Heal","floor":20,"damage_taken":0},{"event_name":"N\u0027loth","player_choice":"Traded a Oddly Smooth Stone","floor":22,"damage_taken":0}],"is_beta":true,"boss_relics":[{"not_picked":["Nuclear Battery","FrozenCore"],"picked":"Eternal Feather"}],"items_purged_floors":[10],"is_endless":false,"potions_floor_spawned":[8,13,16,18],"killed_by":"Book of Stabbing","ascension_level":5}