{"gold_per_floor":[117,134,153,169,184,184,215,215,215,245,245,256,272,116,116,218,218,205,216,9,9,9,9,35,35,35,54,71,71,82,92,92,187,187,200,200,200,210,40,40],"floor_reached":40,"playtime":2576,"items_purged":["Strike_G","Strike_G"],"score":638,"play_id":"4a970ff5-f0b1-43ae-a696-11f87931e78d","local_time":"20190407124107","is_ascension_mode":true,"campfire_choices":[{"data":"Dash","floor":6,"key":"SMITH"},{"data":"Noxious Fumes","floor":8,"key":"SMITH"},{"data":"Glass Knife","floor":15,"key":"SMITH"},{"data":"Burst","floor":23,"key":"SMITH"},{"data":"Dodge and Roll","floor":29,"key":"SMITH"},{"data":"Well Laid Plans","floor":32,"key":"SMITH"}],"neow_cost":"NONE","seed_source_timestamp":1349936386569066,"circlet_count":0,"master_deck":["Defend_G","Defend_G","Defend_G","Defend_G","Defend_G","Strike_G","Strike_G","Survivor","Neutralize","Blur","Cloak And Dagger","Dash+1","Cloak And Dagger","Dodge and Roll+1","Noxious Fumes+1","Glass Knife+1","Caltrops","PiercingWail","Backflip","Blur","Cloak And Dagger","Burst+1","Crippling Poison","Escape Plan","Backflip","Well Laid Plans+1","Ghostly","Ghostly","Ghostly","Ghostly","Ghostly","Leg Sweep","Corpse Explosion","Madness","Madness","Catalyst"],"relics":["Ring of the Serpent","Regal Pillow","Boot","Bottled Lightning","Orichalcum","Sozu","PreservedInsect","Singing Bowl","Blue Candle","Mummified Hand"],"potions_floor_usage":[5,16],"damage_taken":[{"damage":0,"enemies":"Jaw Worm","floor":1,"turns":6},{"damage":0,"enemies":"Cultist","floor":2,"turns":4},{"damage":0,"enemies":"Small Slimes","floor":3,"turns":5},{"damage":4,"enemies":"3 Louse","floor":4,"turns":5},{"damage":0,"enemies":"2 Fungi Beasts","floor":5,"turns":3},{"damage":7,"enemies":"3 Sentries","floor":7,"turns":13},{"damage":11,"enemies":"Lagavulin","floor":10,"turns":8},{"damage":0,"enemies":"Large Slime","floor":12,"turns":7},{"damage":0,"enemies":"Looter","floor":13,"turns":3},{"damage":14,"enemies":"Hexaghost","floor":16,"turns":11},{"damage":2,"enemies":"2 Thieves","floor":18,"turns":4},{"damage":0,"enemies":"Shell Parasite","floor":19,"turns":6},{"damage":5,"enemies":"Slavers","floor":24,"turns":4},{"damage":0,"enemies":"Centurion and Healer","floor":27,"turns":8},{"damage":0,"enemies":"Snake Plant","floor":28,"turns":6},{"damage":0,"enemies":"3 Cultists","floor":30,"turns":8},{"damage":2,"enemies":"Snecko","floor":31,"turns":7},{"damage":11,"enemies":"Automaton","floor":33,"turns":17},{"damage":0,"enemies":"Orb Walker","floor":35,"turns":7},{"damage":0,"enemies":"3 Shapes","floor":38,"turns":5},{"damage":38,"enemies":"Giant Head","floor":40,"turns":7}],"seed_played":"6265392488099888460","potions_obtained":[{"floor":1,"key":"AttackPotion"},{"floor":2,"key":"GhostInAJar"},{"floor":4,"key":"Poison Potion"},{"floor":5,"key":"Strength Potion"}],"is_trial":false,"path_per_floor":["M","M","M","M","M","R","E","R","T","E","?","M","M","$","R","B",null,"M","M","$","T","?","R","E","?","T","M","M","R","M","M","R","B",null,"M","?","?","M","$","E"],"character_chosen":"THE_SILENT","items_purchased":["Blur","Cloak And Dagger","PreservedInsect","Backflip","Catalyst"],"campfire_rested":0,"item_purchase_floors":[14,14,20,20,39],"current_hp_per_floor":[63,63,63,59,59,59,52,52,52,41,41,41,41,41,41,27,59,57,57,57,57,57,57,52,35,35,35,37,37,39,39,39,28,38,40,35,35,37,37,0],"gold":40,"neow_bonus":"RANDOM_COMMON_RELIC","is_prod":false,"is_daily":false,"chose_seed":false,"campfire_upgraded":6,"win_rate":0,"timestamp":1554666067,"path_taken":["M","M","M","M","M","R","E","R","T","E","?","M","M","$","R","BOSS","M","?","?","?","?","R","E","?","T","M","M","R","M","M","R","BOSS","M","?","?","M","$","E"],"build_version":"2019-01-23","purchased_purges":2,"victory":false,"max_hp_per_floor":[70,70,70,70,70,70,70,70,70,70,70,70,70,70,70,70,70,70,70,70,70,70,70,70,35,35,35,37,37,39,41,41,41,41,43,43,43,45,45,45],"card_choices":[{"not_picked":["Heel Hook","Bane"],"picked":"Blur","floor":1},{"not_picked":["Heel Hook","Backstab"],"picked":"Cloak And Dagger","floor":2},{"not_picked":["Poisoned Stab","Crippling Poison"],"picked":"Dash","floor":3},{"not_picked":["PiercingWail","Terror"],"picked":"Cloak And Dagger","floor":4},{"not_picked":["Quick Slash","Accuracy"],"picked":"Dodge and Roll","floor":5},{"not_picked":["Heel Hook","Burst"],"picked":"Noxious Fumes","floor":7},{"not_picked":["Quick Slash","Night Terror"],"picked":"Glass Knife","floor":10},{"not_picked":["Underhanded Strike","Blade Dance"],"picked":"PiercingWail","floor":12},{"not_picked":["Dagger Throw","Deflect"],"picked":"Backflip","floor":13},{"not_picked":["A Thousand Cuts","Wraith Form v2"],"picked":"Burst","floor":16},{"not_picked":["Underhanded Strike","Quick Slash"],"picked":"Crippling Poison","floor":18},{"not_picked":["Calculated Gamble","Heel Hook"],"picked":"Escape Plan","floor":19},{"not_picked":["Underhanded Strike","Crippling Poison"],"picked":"Well Laid Plans","floor":24},{"not_picked":["All Out Attack","Predator+1"],"picked":"Leg Sweep","floor":27},{"not_picked":["Setup","Sucker Punch","Finisher+1"],"picked":"Singing Bowl","floor":28},{"not_picked":["Prepared","Quick Slash+1","Predator"],"picked":"Singing Bowl","floor":30},{"not_picked":["Prepared","PiercingWail","Dagger Throw+1"],"picked":"Singing Bowl","floor":31},{"not_picked":["Doppelganger","Die Die Die"],"picked":"Corpse Explosion","floor":33},{"not_picked":["Bane","Underhanded Strike","Expertise+1"],"picked":"Singing Bowl","floor":35},{"not_picked":["Backstab+1","Flying Knee+1","Underhanded Strike"],"picked":"Singing Bowl","floor":38}],"player_experience":298403,"relics_obtained":[{"floor":7,"key":"Boot"},{"floor":9,"key":"Bottled Lightning"},{"floor":10,"key":"Orichalcum"},{"floor":21,"key":"Singing Bowl"},{"floor":24,"key":"Blue Candle"},{"floor":26,"key":"Mummified Hand"}],"event_choices":[{"damage_healed":0,"gold_gain":0,"player_choice":"1 cards matched","damage_taken":0,"max_hp_gain":0,"max_hp_loss":0,"event_name":"Match and Keep!","floor":11,"gold_loss":0,"cards_obtained":["Caltrops"]},{"damage_healed":0,"gold_gain":0,"player_choice":"Became a Ghost","damage_taken":0,"max_hp_gain":0,"max_hp_loss":35,"event_name":"Ghosts","floor":25,"gold_loss":0,"cards_obtained":["Ghostly","Ghostly","Ghostly","Ghostly","Ghostly"]},{"damage_healed":0,"gold_gain":0,"player_choice":"Embrace Madness","damage_taken":5,"max_hp_gain":0,"max_hp_loss":0,"event_name":"Winding Halls","floor":36,"gold_loss":0,"cards_obtained":["Madness","Madness"]},{"cards_removed":["Strike_G"],"damage_healed":0,"gold_gain":0,"player_choice":"Removed Attack","damage_taken":0,"max_hp_gain":0,"max_hp_loss":0,"event_name":"Falling","floor":37,"gold_loss":0}],"is_beta":false,"boss_relics":[{"not_picked":["Fusion Hammer","Eternal Feather"],"picked":"Sozu"},{"not_picked":["HoveringKite","Runic Dome"],"picked":"Ring of the Serpent"}],"items_purged_floors":[14,39],"is_endless":false,"potions_floor_spawned":[1,2,4,5,19,27,28,31],"killed_by":"Giant Head","ascension_level":8}