{"path_per_floor":["M","?","?","M","$","R","?","?","T","M","E","R","M","M","R","B",null,"M","$","?","?","M","R","M"],"character_chosen":"DEFECT","items_purchased":["Panache","Steam"],"gold_per_floor":[119,69,69,88,13,13,13,13,94,114,146,146,166,186,186,286,286,305,53,0,0,12,12,30,30],"floor_reached":25,"campfire_rested":1,"playtime":1248,"item_purchase_floors":[19,19],"current_hp_per_floor":[63,63,60,57,57,57,57,57,57,56,40,62,61,53,53,12,75,55,55,55,75,51,51,44,0],"items_purged":["Defend_B"],"gold":30,"score":201,"play_id":"7968513b-012a-4484-9e7e-1512ecc942a3","local_time":"20180618204715","is_prod":false,"is_daily":false,"chose_seed":false,"is_ascension_mode":false,"campfire_upgraded":3,"win_rate":0,"timestamp":1529347635,"campfire_choices":[{"data":"Zap","floor":6,"key":"SMITH"},{"floor":12,"key":"REST"},{"data":"Gash","floor":15,"key":"SMITH"},{"data":"Gash","floor":23,"key":"SMITH"}],"path_taken":["M","?","?","?","?","R","?","?","T","M","E","R","M","M","R","BOSS","M","$","?","?","M","R","M","M"],"build_version":"2018-06-14v2","seed_source_timestamp":7440595502205,"purchased_purges":1,"victory":false,"master_deck":["Strike_B","Strike_B","Defend_B","Defend_B","Zap+1","Dualcast","Gash+1","Capacitor","Thunder Strike","Gash+1","Panache","Steam"],"max_hp_per_floor":[75,75,75,75,75,75,75,75,75,75,75,75,75,75,75,75,75,75,75,75,75,75,75,75,75],"relics":["Cracked Core","Vajra","Mercury Hourglass","Question Card","Runic Pyramid"],"card_choices":[{"not_picked":["Leap","Streamline","Compile Driver"],"picked":"SKIP","floor":1},{"not_picked":["Aggregate","Glacier","Redo"],"picked":"SKIP","floor":4},{"not_picked":["Barrage","Cold Snap","Tempest"],"picked":"SKIP","floor":10},{"not_picked":["White Noise","Stack","Lockon"],"picked":"SKIP","floor":11},{"not_picked":["Beam Cell","Glacier","Reprogram"],"picked":"Gash","floor":13},{"not_picked":["Turbo","Lockon","Hello World"],"picked":"Capacitor","floor":14},{"not_picked":["Rainbow","Electrodynamics","Multi-Cast"],"picked":"Thunder Strike","floor":16},{"not_picked":["Sweeping Beam","Leap","Coolheaded"],"picked":"Gash","floor":18},{"not_picked":["Stack","Melter","Sweeping Beam","Streamline"],"picked":"SKIP","floor":22},{"not_picked":["Barrage+1","Compile Driver","Cold Snap","Skim"],"picked":"SKIP","floor":24}],"player_experience":101046,"potions_floor_usage":[11,16,16,18,24,24],"damage_taken":[{"damage":12,"enemies":"Small Slimes","floor":1,"turns":3},{"damage":3,"enemies":"Jaw Worm","floor":4,"turns":3},{"damage":1,"enemies":"2 Louse","floor":10,"turns":2},{"damage":28,"enemies":"Gremlin Nob","floor":11,"turns":4},{"damage":1,"enemies":"2 Fungi Beasts","floor":13,"turns":2},{"damage":8,"enemies":"Red Slaver","floor":14,"turns":3},{"damage":41,"enemies":"Hexaghost","floor":16,"turns":9},{"damage":20,"enemies":"2 Thieves","floor":18,"turns":3},{"damage":24,"enemies":"Chosen","floor":22,"turns":5},{"damage":7,"enemies":"Snecko","floor":24,"turns":4},{"damage":56,"enemies":"Cultist and Chosen","floor":25,"turns":4}],"relics_obtained":[{"floor":9,"key":"Mercury Hourglass"},{"floor":11,"key":"Question Card"}],"event_choices":[{"event_name":"The Cleric","player_choice":"Card Removal","floor":2,"damage_taken":0},{"event_name":"Scrap Ooze","player_choice":"success","floor":3,"damage_taken":3},{"event_name":"Living Wall","player_choice":"Forget","floor":7,"damage_taken":0},{"event_name":"Liars Game","player_choice":"disagreed","floor":8,"damage_taken":0},{"event_name":"Masked Bandits","player_choice":"Paid Bandits 53 gold","floor":20,"damage_taken":0},{"event_name":"Wheel of Change","player_choice":"Full Heal","floor":21,"damage_taken":0}],"boss_relics":[{"not_picked":["Coffee Dripper","Ectoplasm"],"picked":"Runic Pyramid"}],"items_purged_floors":[5],"is_endless":false,"potions_floor_spawned":[4,11,13,16,18,22],"seed_played":"8890541463679163133","killed_by":"Cultist and Chosen","ascension_level":0,"potions_obtained":[{"floor":4,"key":"Regen Potion"},{"floor":11,"key":"Swift Potion"},{"floor":13,"key":"Energy Potion"},{"floor":16,"key":"FearPotion"},{"floor":18,"key":"LiquidBronze"},{"floor":22,"key":"Energy Potion"}],"is_trial":false}