{"path_per_floor":["M","M","M","M","$","E","T","M","T","$","E","M","$","E","R","B",null,"M","M","T","M","$","E","M","R","T","M","T","E","?","M","R","B",null,"M","?","?","M","$","E","M","?","T","?","?","$","M","$","R","B"],"character_chosen":"IRONCLAD","items_purchased":["Matryoshka","Ornamental Fan","Finesse","Dark Shackles"],"gold_per_floor":[11,29,43,62,62,89,165,180,255,255,289,307,57,116,116,218,218,234,247,247,261,0,35,49,49,99,117,117,146,146,165,165,264,264,275,275,275,294,130,156,168,222,222,222,222,22,36,36,36,36],"floor_reached":51,"campfire_rested":0,"playtime":3347,"current_hp_per_floor":[65,66,72,80,80,58,58,65,65,65,69,77,77,77,77,80,80,80,83,93,93,93,73,60,60,60,66,66,55,88,87,87,32,99,97,99,99,96,96,82,86,95,95,95,95,95,103,103,103,48],"items_purged":["Regret","Writhe"],"gold":36,"score":587,"play_id":"4256d9a3-b8ef-4d69-a9a7-dbed14b61f74","is_prod":false,"is_daily":false,"is_ascension_mode":false,"campfire_upgraded":4,"path_taken":["M","?","M","M","$","E","?","?","T","?","E","M","$","E","R","BOSS","M","M","?","M","$","E","M","R","T","M","?","E","?","M","R","BOSS","M","?","?","M","$","E","?","?","T","?","?","$","?","$","R","BOSS"],"build_version":"2018-02-08-BETA1","purchased_purges":4,"victory":true,"master_deck":["Strike_R","Strike_R","Strike_R","Strike_R","Defend_R","Defend_R+1","Defend_R","Defend_R+1","Bash+1","Havoc+1","Wild Strike","Metallicize","Shrug It Off","Bludgeon+1","Pommel Strike","Wild Strike","Seeing Red","Metallicize","Feed+1","Havoc+1","Shrug It Off","Battle Trance+1","Flex+1","Shockwave+1","Perfected Strike+1","Double Tap+1","Injury","Writhe","Finesse+1","Armaments+1","Battle Trance+1","Dark Shackles+1","Wild Strike+1"],"max_hp_per_floor":[80,80,80,80,80,80,80,80,80,80,80,80,80,80,80,80,80,80,83,93,93,93,96,99,99,99,99,99,99,99,99,99,99,99,99,99,99,99,99,99,99,103,103,103,103,103,103,103,103,107],"relics":["Burning Blood","Bird Faced Urn","Toolbox","Mercury Hourglass","Bottled Lightning","Dodecahedron","Matryoshka","Tiny Chest","Velvet Choker","Vajra","Pear","Ornamental Fan","Pen Nib","Toxic Egg 2","War Paint","Orichalcum","Bottled Tornado","Calling Bell","Lantern","Calipers","Thread and Needle","Gremlin Horn","Sundial","Gambling Chip"],"card_choices":[{"not_picked":["Cleave","Headbutt"],"picked":"Havoc"},{"not_picked":["Sever Soul","Warcry"],"picked":"Wild Strike"},{"not_picked":["Perfected Strike","Uppercut"],"picked":"Metallicize"},{"not_picked":["Pommel Strike","Blood for Blood"],"picked":"Shrug It Off"},{"not_picked":["Burning Pact","Fire Breathing"],"picked":"Bludgeon"},{"not_picked":["Feel No Pain","Anger"],"picked":"Pommel Strike"},{"not_picked":["Rage","Sword Boomerang"],"picked":"Wild Strike"},{"not_picked":["Shrug It Off","Clothesline"],"picked":"Seeing Red"},{"not_picked":["Rampage","Armaments"],"picked":"Metallicize"},{"not_picked":["Barricade","Exhume"],"picked":"Feed"},{"not_picked":["Body Slam","Flex"],"picked":"Havoc"},{"not_picked":["Disarm","Havoc"],"picked":"Shrug It Off"},{"not_picked":["Headbutt","Seeing Red"],"picked":"Battle Trance"},{"not_picked":["Perfected Strike","Havoc"],"picked":"Flex"},{"not_picked":["Disarm","Dual Wield"],"picked":"Shockwave"},{"not_picked":["Sever Soul","Headbutt"],"picked":"Perfected Strike"},{"not_picked":["Bludgeon","Impervious"],"picked":"Double Tap"},{"not_picked":["Fiend Fire","Inflame"],"picked":"Armaments"},{"not_picked":["Iron Wave","Power Through"],"picked":"Battle Trance"},{"not_picked":["Havoc","Seeing Red"],"picked":"Wild Strike"}],"player_experience":64647,"potions_floor_usage":[50,50,50],"damage_taken":[{"damage":21,"enemies":"Blue Slaver","floor":1,"turns":5},{"damage":5,"enemies":"Cultist","floor":2,"turns":4},{"damage":0,"enemies":"2 Louse","floor":3,"turns":3},{"damage":0,"enemies":"2 Fungi Beasts","floor":4,"turns":4},{"damage":30,"enemies":"Gremlin Nob","floor":6,"turns":5},{"damage":1,"enemies":"Exordium Thugs","floor":8,"turns":4},{"damage":8,"enemies":"3 Sentries","floor":11,"turns":6},{"damage":0,"enemies":"Exordium Wildlife","floor":12,"turns":3},{"damage":6,"enemies":"Gremlin Nob","floor":14,"turns":3},{"damage":5,"enemies":"Slime Boss","floor":16,"turns":7},{"damage":0,"enemies":"Chosen","floor":18,"turns":2},{"damage":2,"enemies":"2 Thieves","floor":19,"turns":3},{"damage":5,"enemies":"Snecko","floor":21,"turns":4},{"damage":33,"enemies":"Book of Stabbing","floor":23,"turns":5},{"damage":26,"enemies":"Slaver and Parasite","floor":24,"turns":5},{"damage":0,"enemies":"Snake Plant","floor":27,"turns":3},{"damage":19,"enemies":"Gremlin Leader","floor":29,"turns":7},{"damage":11,"enemies":"Sentry and Sphere","floor":31,"turns":4},{"damage":67,"enemies":"Automaton","floor":33,"turns":9},{"damage":8,"enemies":"3 Shapes","floor":35,"turns":3},{"damage":9,"enemies":"3 Darklings","floor":38,"turns":5},{"damage":22,"enemies":"2 Orb Walkers","floor":40,"turns":4},{"damage":6,"enemies":"Sphere and 2 Shapes","floor":41,"turns":6},{"damage":5,"enemies":"Mysterious Sphere","floor":42,"turns":5},{"damage":0,"enemies":"Spire Growth","floor":47,"turns":3},{"damage":69,"enemies":"Awakened One","floor":50,"turns":12}],"event_choices":[{"event_name":"The Library","player_choice":"Heal","floor":30,"damage_taken":0},{"event_name":"Winding Halls","player_choice":"Writhe","floor":36,"damage_taken":0},{"event_name":"Upgrade Shrine","player_choice":"Upgraded","floor":37,"damage_taken":0},{"event_name":"Mysterious Sphere","player_choice":"Fight","floor":42,"damage_taken":0},{"event_name":"Tomb of Lord Red Mask","player_choice":"Ignored","floor":45,"damage_taken":0}],"boss_relics":[{"not_picked":["Runic Dome","Ectoplasm"],"picked":"Velvet Choker"},{"not_picked":["Cursed Key","Mark of Pain"],"picked":"Calling Bell"}],"potions_floor_spawned":[2,3,8,11,18,19,21,33,35,38,42,47],"seed_played":"4297465429764795152","ascension_level":0,"is_trial":false}