{"gold_per_floor":[111,122,5,23,38,68,83,8,8,24,99,124,124,138,138,233,233,252,262,272,17,35,35,35],"floor_reached":24,"playtime":1458,"items_purged":["Strike_B"],"score":254,"play_id":"9bbcaa73-ac47-4f39-8821-2fa45a9c080a","local_time":"20190319201118","is_ascension_mode":true,"campfire_choices":[{"data":"Zap","floor":13,"key":"SMITH"},{"data":"Dualcast","floor":15,"key":"SMITH"},{"floor":23,"key":"REST"}],"neow_cost":"NONE","seed_source_timestamp":278601399889475,"circlet_count":0,"master_deck":["Strike_B","Strike_B","Strike_B","Defend_B","Defend_B","Defend_B","Defend_B","Zap+1","Dualcast+1","Go for the Eyes","Tempest","Ball Lightning","Rip and Tear","All For One","Auto Shields","Streamline","Gash","Go for the Eyes","Gash","Chaos","Creative AI","Reinforced Body+1","Melter+1","Beam Cell+1","Stack+1"],"relics":["Cracked Core","Happy Flower","Pen Nib","Ancient Tea Set","Fusion Hammer","Dodecahedron"],"potions_floor_usage":[6,12,12,12,18,22],"damage_taken":[{"damage":4,"enemies":"Jaw Worm","floor":1,"turns":3},{"damage":0,"enemies":"Cultist","floor":2,"turns":3},{"damage":0,"enemies":"Small Slimes","floor":4,"turns":2},{"damage":8,"enemies":"Gremlin Gang","floor":5,"turns":4},{"damage":7,"enemies":"Gremlin Nob","floor":6,"turns":3},{"damage":3,"enemies":"Blue Slaver","floor":7,"turns":3},{"damage":0,"enemies":"2 Fungi Beasts","floor":10,"turns":2},{"damage":3,"enemies":"3 Sentries","floor":12,"turns":4},{"damage":9,"enemies":"Exordium Wildlife","floor":14,"turns":2},{"damage":25,"enemies":"The Guardian","floor":16,"turns":8},{"damage":22,"enemies":"2 Thieves","floor":18,"turns":3},{"damage":6,"enemies":"3 Byrds","floor":19,"turns":4},{"damage":3,"enemies":"Centurion and Healer","floor":20,"turns":6},{"damage":31,"enemies":"3 Cultists","floor":22,"turns":6},{"damage":37,"enemies":"Book of Stabbing","floor":24,"turns":4}],"seed_played":"-5094290028369654739","potions_obtained":[{"floor":1,"key":"FocusPotion"},{"floor":4,"key":"Ancient Potion"},{"floor":5,"key":"EssenceOfSteel"},{"floor":7,"key":"Dexterity Potion"},{"floor":16,"key":"SkillPotion"},{"floor":20,"key":"Weak Potion"}],"is_trial":false,"path_per_floor":["M","M","$","M","M","E","M","$","T","M","?","E","R","M","R","B",null,"M","M","M","$","M","R","E"],"character_chosen":"DEFECT","items_purchased":["Rip and Tear","SkillPotion","Dodecahedron"],"campfire_rested":1,"item_purchase_floors":[3,3,21],"current_hp_per_floor":[71,71,71,71,63,56,53,53,53,53,46,43,43,34,34,9,75,53,47,44,44,13,35,0],"gold":35,"neow_bonus":"THREE_CARDS","is_prod":false,"is_daily":false,"chose_seed":false,"campfire_upgraded":2,"win_rate":0,"timestamp":1553051478,"path_taken":["M","M","$","M","M","E","M","$","T","M","?","E","R","?","R","BOSS","M","M","M","$","M","R","E"],"build_version":"2019-01-23","purchased_purges":1,"victory":false,"max_hp_per_floor":[75,75,75,75,75,75,75,75,75,75,75,75,75,75,75,75,75,75,75,75,75,75,75,75],"card_choices":[{"not_picked":["Turbo","Ball Lightning"],"picked":"Go for the Eyes","floor":0},{"not_picked":["Rebound","Stack"],"picked":"Tempest","floor":1},{"not_picked":["Compile Driver","Coolheaded"],"picked":"Ball Lightning","floor":2},{"not_picked":["Cold Snap","BootSequence"],"picked":"All For One","floor":4},{"not_picked":["Stack","Tempest"],"picked":"Auto Shields","floor":5},{"not_picked":["Skim","Tempest"],"picked":"Streamline","floor":6},{"not_picked":["Compile Driver","BootSequence"],"picked":"Gash","floor":7},{"not_picked":["Redo","Defragment"],"picked":"Go for the Eyes","floor":10},{"not_picked":["Redo","Leap"],"picked":"Gash","floor":12},{"not_picked":["Heatsinks","Sunder"],"picked":"Chaos","floor":14},{"not_picked":["Thunder Strike","Multi-Cast"],"picked":"Creative AI","floor":16},{"not_picked":["Coolheaded","Redo"],"picked":"Reinforced Body+1","floor":18},{"not_picked":["Streamline","Conserve Battery"],"picked":"Melter+1","floor":19},{"not_picked":["Hologram","Darkness"],"picked":"Beam Cell+1","floor":20},{"not_picked":["Steam","Reboot"],"picked":"Stack+1","floor":22}],"player_experience":206474,"relics_obtained":[{"floor":6,"key":"Happy Flower"},{"floor":9,"key":"Pen Nib"},{"floor":12,"key":"Ancient Tea Set"}],"event_choices":[{"damage_healed":0,"gold_gain":75,"player_choice":"Touch","damage_taken":7,"max_hp_gain":0,"max_hp_loss":0,"event_name":"FaceTrader","floor":11,"gold_loss":0}],"is_beta":false,"boss_relics":[{"not_picked":["Busted Crown","Cursed Key"],"picked":"Fusion Hammer"}],"items_purged_floors":[8],"is_endless":false,"potions_floor_spawned":[1,4,5,7,16,20],"killed_by":"Book of Stabbing","ascension_level":4}