{"gold_per_floor":[112,112,112,122,137,163,1,27,27,27,57,57,84,94,94,168,168,141,141,158,108,108],"floor_reached":22,"playtime":1413,"items_purged":[],"score":424,"play_id":"62b38989-eb85-4da1-b0b2-43db4643cd41","local_time":"20190525233201","is_ascension_mode":true,"campfire_choices":[{"floor":10,"key":"REST"},{"floor":12,"key":"REST"},{"floor":15,"key":"REST"}],"neow_cost":"PERCENT_DAMAGE","seed_source_timestamp":285742686638631,"circlet_count":0,"master_deck":["AscendersBane","Strike_R","Strike_R","Strike_R","Strike_R","Strike_R","Defend_R","Defend_R","Defend_R","Bash","Armaments+1","Sentinel","Perfected Strike","Carnage","Sever Soul","Immolate","Dark Embrace","Iron Wave","Feed+1","Shrug It Off","Iron Wave"],"relics":["Burning Blood","Omamori","Centennial Puzzle","Kunai","Bag of Preparation","Art of War","Bird Faced Urn","Black Star"],"potions_floor_usage":[6,8,13,18],"damage_taken":[{"damage":11,"enemies":"Jaw Worm","floor":1,"turns":5},{"damage":4,"enemies":"Small Slimes","floor":4,"turns":3},{"damage":3,"enemies":"Cultist","floor":5,"turns":4},{"damage":16,"enemies":"3 Sentries","floor":6,"turns":8},{"damage":24,"enemies":"Gremlin Nob","floor":8,"turns":4},{"damage":27,"enemies":"Lagavulin","floor":11,"turns":4},{"damage":10,"enemies":"3 Sentries","floor":13,"turns":5},{"damage":3,"enemies":"Blue Slaver","floor":14,"turns":3},{"damage":42,"enemies":"The Guardian","floor":16,"turns":14},{"damage":11,"enemies":"2 Thieves","floor":18,"turns":4},{"damage":60,"enemies":"3 Byrds","floor":20,"turns":9},{"damage":27,"enemies":"Snake Plant","floor":22,"turns":4}],"seed_played":"-4401822061564942741","potions_obtained":[{"floor":4,"key":"SkillPotion"},{"floor":6,"key":"Weak Potion"},{"floor":11,"key":"SkillPotion"},{"floor":16,"key":"SkillPotion"}],"is_trial":false,"path_per_floor":["M","?","?","M","M","E","$","E","T","R","E","R","E","M","R","B",null,"M","$","M","?","M"],"character_chosen":"IRONCLAD","items_purchased":["Centennial Puzzle"],"campfire_rested":3,"item_purchase_floors":[7],"current_hp_per_floor":[59,59,59,61,64,54,54,36,36,62,41,67,63,68,89,53,80,75,75,21,21,0],"gold":108,"neow_bonus":"TWENTY_PERCENT_HP_BONUS","is_prod":false,"is_daily":false,"chose_seed":false,"campfire_upgraded":0,"win_rate":0,"timestamp":1558816321,"path_taken":["M","?","?","?","M","E","$","E","T","R","E","R","E","M","R","BOSS","M","$","M","?","?"],"build_version":"2019-01-23","purchased_purges":0,"victory":false,"max_hp_per_floor":[89,89,89,89,89,89,89,89,89,89,89,89,89,89,89,89,89,89,89,89,89,89],"card_choices":[{"not_picked":["Second Wind","Anger"],"picked":"Armaments","floor":1},{"not_picked":["Heavy Blade","Fire Breathing"],"picked":"Sentinel","floor":4},{"not_picked":["Intimidate","Infernal Blade"],"picked":"Perfected Strike","floor":5},{"not_picked":["Havoc","Shockwave"],"picked":"Carnage","floor":6},{"not_picked":["Warcry","Heavy Blade"],"picked":"Sever Soul","floor":8},{"not_picked":["Body Slam","Flame Barrier"],"picked":"Immolate","floor":11},{"not_picked":["Wild Strike","True Grit"],"picked":"Dark Embrace","floor":13},{"not_picked":["Shockwave","Hemokinesis"],"picked":"Iron Wave","floor":14},{"not_picked":["Immolate","Berserk"],"picked":"Feed","floor":16},{"not_picked":["Shockwave","Entrench"],"picked":"Shrug It Off","floor":18},{"not_picked":["Hemokinesis","Armaments"],"picked":"Iron Wave","floor":20}],"player_experience":510243,"relics_obtained":[{"floor":6,"key":"Omamori"},{"floor":8,"key":"Kunai"},{"floor":9,"key":"Bag of Preparation"},{"floor":11,"key":"Art of War"},{"floor":13,"key":"Bird Faced Urn"}],"event_choices":[{"damage_healed":0,"gold_gain":0,"player_choice":"Grow","damage_taken":0,"max_hp_gain":0,"max_hp_loss":0,"event_name":"Living Wall","floor":2,"gold_loss":0,"cards_upgraded":["Armaments"]},{"cards_removed":["Defend_R"],"damage_healed":0,"gold_gain":0,"player_choice":"Purged","damage_taken":0,"max_hp_gain":0,"max_hp_loss":0,"event_name":"Purifier","floor":3,"gold_loss":0},{"damage_healed":0,"gold_gain":0,"player_choice":"Upgrade","damage_taken":0,"max_hp_gain":0,"max_hp_loss":0,"event_name":"Designer","floor":21,"gold_loss":50,"cards_upgraded":["Feed"]}],"is_beta":false,"boss_relics":[{"not_picked":["Busted Crown","Astrolabe"],"picked":"Black Star"}],"items_purged_floors":[],"is_endless":false,"potions_floor_spawned":[4,6,11,16],"killed_by":"Snake Plant","ascension_level":20}