{"path_per_floor":["M","M","M","M","M","R","E","R","T","M","M","E","?","M","R","B",null,"M","?","M","M","M","R","M","M","T","?","M","E","M","E","R","B",null,"M","?","M","?","M","R","$","R","T","R","?","M","?","M","R","B"],"character_chosen":"THE_SILENT","items_purchased":["Whetstone","Footwork","Mummified Hand","Strawberry"],"gold_per_floor":[118,129,144,156,172,172,200,200,200,216,232,257,257,270,270,371,401,418,418,429,445,458,458,469,480,480,480,493,523,533,563,563,665,665,678,678,692,692,709,709,32,32,32,32,32,42,0,17,17,17],"floor_reached":51,"campfire_rested":2,"playtime":3352,"current_hp_per_floor":[69,69,62,61,53,53,33,33,33,23,23,9,9,2,23,17,75,75,75,68,55,55,55,54,54,54,52,38,31,21,20,35,7,52,41,41,40,40,40,40,47,47,47,47,47,56,56,49,49,5],"items_purged":["Defend_G"],"gold":17,"score":759,"play_id":"4cac7564-74d0-4a90-8ae0-389358139a71","local_time":"20180322224109","is_prod":false,"is_daily":false,"is_ascension_mode":false,"campfire_upgraded":7,"timestamp":1521783669,"path_taken":["M","M","M","M","M","R","E","R","T","M","M","E","?","M","R","BOSS","M","?","?","?","M","R","M","M","T","?","?","E","M","E","R","BOSS","M","?","M","?","M","R","$","R","T","R","?","?","?","M","R","BOSS"],"build_version":"2018-03-22","purchased_purges":2,"victory":true,"master_deck":["Defend_G+1","Defend_G","Defend_G","Defend_G","Survivor","Neutralize+1","Dagger Spray+1","Predator","All Out Attack","Noxious Fumes+1","Deadly Poison","Die Die Die+1","Bane","Backstab","Backflip","Catalyst+1","Sucker Punch+1","Bouncing Flask+1","Burst+1","Poisoned Stab+1","Bane","Backflip","Dash+1","Backstab+1","Footwork+1","Escape Plan","Bite+1","Bite+1","Bite+1","Bite+1","Bite+1","Deadly Poison+1","Poisoned Stab+1","Corpse Explosion+1","Quick Slash+1","Envenom+1","Bane+1","Noxious Fumes+1","Backflip+1","Outmaneuver+1","Footwork+1","Catalyst+1","Backflip+1"],"max_hp_per_floor":[70,70,70,70,70,70,70,70,70,70,70,70,70,70,70,70,75,75,75,75,75,75,75,75,75,75,52,52,52,52,52,52,52,52,52,52,52,52,52,52,59,59,59,59,59,59,59,59,59,59],"relics":["Question Card","Ornamental Fan","Frozen Egg 2","Thread and Needle","Tiny House","Molten Egg 2","Orichalcum","Tough Bandages","White Beast Statue","Whetstone","Mummified Hand","Strawberry","Centennial Puzzle","Red Mask"],"card_choices":[{"not_picked":["Poisoned Stab","Acrobatics","Dagger Throw"],"picked":"Dagger Spray","floor":1},{"not_picked":["Prepared","Dagger Throw","Bullet Time"],"picked":"Predator","floor":2},{"not_picked":["PiercingWail","Slice","Dagger Throw"],"picked":"All Out Attack","floor":3},{"not_picked":["Underhanded Strike","Poisoned Stab","Outmaneuver"],"picked":"Noxious Fumes","floor":4},{"not_picked":["Dodge and Roll","Outmaneuver","Dagger Throw"],"picked":"Deadly Poison","floor":5},{"not_picked":["Outmaneuver","Poisoned Stab","Skewer"],"picked":"Die Die Die","floor":7},{"not_picked":["All Out Attack","Dagger Spray","Deadly Poison"],"picked":"Bane","floor":10},{"not_picked":["Slice","Outmaneuver","Venomology"],"picked":"Backstab","floor":11},{"not_picked":["Outmaneuver","Flechettes","Riddle With Holes"],"picked":"Backflip","floor":12},{"not_picked":["Sucker Punch","Flechettes","Leg Sweep"],"picked":"Bouncing Flask","floor":14},{"not_picked":["Corpse Explosion","Doppelganger","Adrenaline"],"picked":"Burst","floor":16},{"not_picked":["Flechettes","Acrobatics","Flying Knee"],"picked":"Poisoned Stab","floor":17},{"not_picked":["Dodge and Roll","Deflect","Unload"],"picked":"Bane","floor":18},{"not_picked":["Calculated Gamble","Dodge and Roll","Blade Dance"],"picked":"Backflip","floor":20},{"not_picked":["Underhanded Strike","Poisoned Stab","Acrobatics"],"picked":"Dash","floor":21},{"not_picked":["Quick Slash","Catalyst","Acrobatics"],"picked":"Backstab","floor":22},{"not_picked":["Backflip","Quick Slash","Bane"],"picked":"Footwork","floor":24},{"not_picked":["Underhanded Strike","PiercingWail","Dodge and Roll"],"picked":"Escape Plan","floor":25},{"not_picked":["Dodge and Roll","Acrobatics","Reflex"],"picked":"Deadly Poison","floor":28},{"not_picked":["Slice","Reflex","Predator"],"picked":"Poisoned Stab","floor":29},{"not_picked":["Quick Slash","Well Laid Plans","Skewer"],"picked":"Corpse Explosion","floor":30},{"not_picked":["Prepared","Poisoned Stab","Reflex"],"picked":"Quick Slash","floor":31},{"not_picked":["A Thousand Cuts","Burst","Tools of the Trade"],"picked":"Envenom","floor":33},{"not_picked":["Dagger Throw","Poisoned Stab","Acrobatics"],"picked":"Bane","floor":35},{"not_picked":["Endless Agony","Slice","Terror"],"picked":"Backflip","floor":37},{"not_picked":["Prepared","Bane","PiercingWail"],"picked":"Outmaneuver","floor":39},{"not_picked":["Endless Agony","Prepared","Choke"],"picked":"Catalyst","floor":46},{"not_picked":["Underhanded Strike","Deadly Poison","Acrobatics"],"picked":"Backflip","floor":48}],"player_experience":18089,"potions_floor_usage":[12,14,16,16,20,25,29,29,30,33,48,50,50,50],"damage_taken":[{"damage":1,"enemies":"Cultist","floor":1,"turns":4},{"damage":0,"enemies":"Small Slimes","floor":2,"turns":4},{"damage":7,"enemies":"2 Louse","floor":3,"turns":3},{"damage":1,"enemies":"Exordium Thugs","floor":4,"turns":3},{"damage":8,"enemies":"Gremlin Gang","floor":5,"turns":5},{"damage":20,"enemies":"3 Sentries","floor":7,"turns":5},{"damage":10,"enemies":"Red Slaver","floor":10,"turns":4},{"damage":0,"enemies":"3 Louse","floor":11,"turns":1},{"damage":14,"enemies":"Lagavulin","floor":12,"turns":6},{"damage":7,"enemies":"Exordium Wildlife","floor":14,"turns":2},{"damage":6,"enemies":"Hexaghost","floor":16,"turns":8},{"damage":0,"enemies":"Chosen","floor":18,"turns":5},{"damage":7,"enemies":"2 Thieves","floor":20,"turns":5},{"damage":13,"enemies":"Snake Plant","floor":21,"turns":5},{"damage":0,"enemies":"Snecko","floor":22,"turns":4},{"damage":1,"enemies":"Centurion and Healer","floor":24,"turns":7},{"damage":0,"enemies":"Cultist and Chosen","floor":25,"turns":5},{"damage":17,"enemies":"Snake Plant","floor":28,"turns":5},{"damage":13,"enemies":"Book of Stabbing","floor":29,"turns":6},{"damage":25,"enemies":"Slaver and Parasite","floor":30,"turns":8},{"damage":10,"enemies":"Slavers","floor":31,"turns":6},{"damage":37,"enemies":"Automaton","floor":33,"turns":10},{"damage":11,"enemies":"Orb Walker","floor":35,"turns":5},{"damage":7,"enemies":"3 Shapes","floor":37,"turns":4},{"damage":6,"enemies":"Sphere and 2 Shapes","floor":39,"turns":6},{"damage":0,"enemies":"4 Shapes","floor":46,"turns":4},{"damage":16,"enemies":"Maw","floor":48,"turns":7},{"damage":44,"enemies":"Time Eater","floor":50,"turns":11}],"event_choices":[{"event_name":"Match and Keep!","player_choice":"2 cards matched","floor":13,"damage_taken":0},{"event_name":"Wheel of Change","player_choice":"Full Heal","floor":19,"damage_taken":0},{"event_name":"Vampires","player_choice":"Became a vampire","floor":27,"damage_taken":0},{"event_name":"Duplicator","player_choice":"One dupe","floor":36,"damage_taken":0},{"event_name":"Accursed Blacksmith","player_choice":"Forge","floor":38,"damage_taken":0},{"event_name":"Mysterious Sphere","player_choice":"Ignore","floor":45,"damage_taken":0},{"event_name":"Tomb of Lord Red Mask","player_choice":"Paid","floor":47,"damage_taken":0}],"boss_relics":[{"not_picked":["Philosopher\u0027s Stone","Runic Pyramid"],"picked":"Tiny House"},{"not_picked":["Eternal Feather","Calling Bell"],"picked":"White Beast Statue"}],"potions_floor_spawned":[7,10,11,12,14,18,22,24,25,30,35,37,39,46,48],"seed_played":"-8234817788570585957","ascension_level":0,"is_trial":false}