{"gold_per_floor":[111,111,128,128,139,139,154,168,191,219,238,238,264,278,278,350,350,364,380,400,119,138,138,156,156,206,206,236,256,273,306,306,384,384,403,418,108,120,120,120,140,140],"floor_reached":42,"playtime":3217,"items_purged":["Pain"],"score":825,"play_id":"98113bad-40d4-4634-bbd7-7dab1dfd0516","local_time":"20190525224854","is_ascension_mode":true,"campfire_choices":[{"data":"Neutralize","floor":6,"key":"SMITH"},{"floor":12,"key":"REST"},{"floor":15,"key":"REST"},{"floor":23,"key":"REST"},{"floor":25,"key":"REST"},{"floor":32,"key":"REST"},{"floor":40,"key":"REST"}],"neow_cost":"NONE","seed_source_timestamp":0,"circlet_count":0,"master_deck":["AscendersBane","Defend_G","Defend_G","Defend_G","Defend_G","Defend_G","Strike_G","Strike_G","Strike_G","Strike_G","Strike_G","Survivor","Neutralize+1","Poisoned Stab","Slice","Sucker Punch","Bane","Backflip","Dodge and Roll","Cloak And Dagger","Flying Knee","Cloak And Dagger","Unload","All Out Attack+1","Dagger Spray","Bane","Noxious Fumes","Infinite Blades","Dodge and Roll","Accuracy+1","Catalyst","Unload","Unload","Cloak And Dagger","Bane","Accuracy+1","Cloak And Dagger","Blade Dance","Deadly Poison"],"special_seed":0,"relics":["Ring of the Snake","Happy Flower","Vajra","Snake Skull","Oddly Smooth Stone","Fusion Hammer","Gremlin Horn","Orichalcum","WarpedTongs","Ginger","Regal Pillow","Philosopher\u0027s Stone","DollysMirror"],"potions_floor_usage":[7,10,13,16,20,28,28,31,33,35,38],"damage_taken":[{"damage":1.0,"enemies":"Small Slimes","floor":1.0,"turns":5.0},{"damage":1,"enemies":"Cultist","floor":3,"turns":3},{"damage":0,"enemies":"Jaw Worm","floor":5,"turns":4},{"damage":14,"enemies":"Exordium Thugs","floor":7,"turns":4},{"damage":9,"enemies":"Blue Slaver","floor":8,"turns":2},{"damage":12,"enemies":"Lagavulin","floor":10,"turns":7},{"damage":3,"enemies":"Looter","floor":11,"turns":2},{"damage":7,"enemies":"Gremlin Nob","floor":13,"turns":5},{"damage":0,"enemies":"Red Slaver","floor":14,"turns":4},{"damage":27,"enemies":"The Guardian","floor":16,"turns":16},{"damage":8,"enemies":"Shell Parasite","floor":18,"turns":4},{"damage":0,"enemies":"3 Byrds","floor":19,"turns":5},{"damage":10,"enemies":"Snake Plant","floor":20,"turns":4},{"damage":16,"enemies":"Cultist and Chosen","floor":22,"turns":6},{"damage":5,"enemies":"3 Cultists","floor":24,"turns":4},{"damage":17,"enemies":"Book of Stabbing","floor":28,"turns":4},{"damage":3,"enemies":"Centurion and Healer","floor":29,"turns":5},{"damage":17,"enemies":"Cultist and Chosen","floor":30,"turns":5},{"damage":11,"enemies":"Slavers","floor":31,"turns":5},{"damage":38,"enemies":"Collector","floor":33,"turns":9},{"damage":1,"enemies":"Orb Walker","floor":35,"turns":2},{"damage":11,"enemies":"3 Darklings","floor":36,"turns":4},{"damage":16,"enemies":"Jaw Worm Horde","floor":38,"turns":4},{"damage":22,"enemies":"Sphere and 2 Shapes","floor":41,"turns":5},{"damage":35,"enemies":"Reptomancer","floor":42,"turns":4}],"seed_played":"-495064430126960523","potions_obtained":[{"floor":2,"key":"Fire Potion"},{"floor":2,"key":"AttackPotion"},{"floor":8,"key":"Swift Potion"},{"floor":10,"key":"Block Potion"},{"floor":13,"key":"EssenceOfSteel"},{"floor":14,"key":"FearPotion"},{"floor":22,"key":"FearPotion"},{"floor":24,"key":"SkillPotion"},{"floor":28,"key":"Ancient Potion"},{"floor":30,"key":"GhostInAJar"},{"floor":33,"key":"Poison Potion"},{"floor":36,"key":"GhostInAJar"}],"is_trial":false,"path_per_floor":["M","?","M","$","M","R","M","M","T","E","M","R","E","M","R","B",null,"M","M","M","$","M","R","M","R","T","?","E","M","M","E","R","B",null,"M","M","$","M","?","R","M","E"],"character_chosen":"THE_SILENT","items_purchased":["Gremlin Horn","Noxious Fumes","DollysMirror","Cloak And Dagger"],"campfire_rested":6,"item_purchase_floors":[21,21,37,37],"current_hp_per_floor":[58,58,57,57,57,57,43,34,34,22,19,38,31,31,50,23,55,47,47,37,37,21,40,35,54,54,54,37,34,17,6,40,2,50,49,38,38,22,22,56,34,0],"gold":140,"neow_bonus":"RANDOM_COMMON_RELIC","is_prod":false,"is_daily":false,"chose_seed":false,"campfire_upgraded":1,"win_rate":0,"timestamp":1558813734,"path_taken":["M","?","?","$","M","R","?","M","T","E","M","R","E","M","R","BOSS","M","M","M","$","M","R","M","R","T","?","E","M","?","E","R","BOSS","M","M","$","M","?","R","M","E"],"build_version":"2019-01-23","purchased_purges":1,"victory":false,"max_hp_per_floor":[66,66,66,66,66,66,66,66,66,66,66,66,66,66,66,66,66,66,66,66,66,66,66,66,66,66,66,66,66,66,66,66,66,66,66,66,66,66,66,66,66,66],"card_choices":[{"not_picked":["Deadly Poison","Bane"],"picked":"Poisoned Stab","floor":1},{"not_picked":["Calculated Gamble","Flechettes"],"picked":"Slice","floor":3},{"not_picked":["Bullet Time","Quick Slash"],"picked":"Sucker Punch","floor":5},{"not_picked":["Quick Slash","Choke"],"picked":"Bane","floor":7},{"not_picked":["Blade Dance","Grand Finale"],"picked":"Backflip","floor":8},{"not_picked":["Outmaneuver","Terror"],"picked":"Dodge and Roll","floor":10},{"not_picked":["Prepared","Acrobatics"],"picked":"Cloak And Dagger","floor":11},{"not_picked":["Quick Slash","PiercingWail"],"picked":"Flying Knee","floor":13},{"not_picked":["Dagger Throw","Skewer"],"picked":"Cloak And Dagger","floor":14},{"not_picked":["Grand Finale","Malaise"],"picked":"Unload","floor":16},{"not_picked":["Underhanded Strike","Dagger Throw"],"picked":"All Out Attack+1","floor":18},{"not_picked":["Outmaneuver+1","Crippling Poison"],"picked":"Dagger Spray","floor":19},{"not_picked":["Finisher","Blade Dance"],"picked":"Bane","floor":20},{"not_picked":["Prepared","Choke"],"picked":"Infinite Blades","floor":22},{"not_picked":["Outmaneuver","Sucker Punch"],"picked":"Dodge and Roll","floor":24},{"not_picked":["Bouncing Flask","Dagger Throw"],"picked":"Accuracy+1","floor":28},{"not_picked":["Underhanded Strike+1","Eviscerate+1"],"picked":"Catalyst","floor":29},{"not_picked":["Concentrate","Backflip"],"picked":"Unload","floor":30},{"not_picked":["Eviscerate","Reflex","Skewer"],"picked":"SKIP","floor":31},{"not_picked":["Doppelganger","Grand Finale"],"picked":"Unload","floor":33},{"not_picked":["Sucker Punch+1","PiercingWail"],"picked":"Cloak And Dagger","floor":35},{"not_picked":["Deflect+1","Sucker Punch"],"picked":"Bane","floor":36},{"not_picked":["Dodge and Roll","Cloak And Dagger"],"picked":"Blade Dance","floor":38},{"not_picked":["Quick Slash","Acrobatics+1"],"picked":"Deadly Poison","floor":41}],"player_experience":507026,"relics_obtained":[{"floor":9,"key":"Vajra"},{"floor":10,"key":"Snake Skull"},{"floor":13,"key":"Oddly Smooth Stone"},{"floor":26,"key":"Orichalcum"},{"floor":28,"key":"Ginger"},{"floor":31,"key":"Regal Pillow"}],"event_choices":[{"damage_healed":0,"gold_gain":0,"player_choice":"Got Potions","damage_taken":0,"max_hp_gain":0,"max_hp_loss":0,"event_name":"Lab","floor":2,"gold_loss":0},{"damage_healed":0,"gold_gain":0,"player_choice":"Rummage","damage_taken":0,"relics_obtained":["WarpedTongs"],"max_hp_gain":0,"max_hp_loss":0,"event_name":"Accursed Blacksmith","floor":27,"gold_loss":0,"cards_obtained":["Pain"]},{"damage_healed":0,"gold_gain":0,"player_choice":"Ignored","damage_taken":0,"max_hp_gain":0,"max_hp_loss":0,"event_name":"Mysterious Sphere","floor":39,"gold_loss":0}],"is_beta":false,"boss_relics":[{"not_picked":["Calling Bell","Orrery"],"picked":"Fusion Hammer"},{"not_picked":["Pandora\u0027s Box","Snecko Eye"],"picked":"Philosopher\u0027s Stone"}],"items_purged_floors":[37],"is_endless":false,"potions_floor_spawned":[8,10,13,14,22,24,28,30,33,36],"killed_by":"Reptomancer","ascension_level":14}