{"path_per_floor":["M","?","?","M","$","E","?","M","T","E","R","?","M","E","R","B",null,"M","M","$","M","M","E","R","$","T","M","R","?","?","E","R","B",null,"M","?","M","M","M","R","E","?","T","$","R","?","$","E","R"],"character_chosen":"THE_SILENT","items_purchased":["Footwork","Deflect","Regen Potion","Leg Sweep","Letter Opener","Escape Plan","Footwork"],"gold_per_floor":[214,214,214,231,90,118,118,137,137,178,178,353,376,410,410,533,533,556,581,436,451,474,515,515,78,78,94,94,9,9,34,34,132,132,142,142,158,168,178,178,203,203,229,101,101,101,51,80,80],"floor_reached":50,"campfire_rested":6,"playtime":2898,"current_hp_per_floor":[67,53,53,53,53,62,62,62,62,60,60,60,59,48,70,24,70,59,55,55,35,18,18,54,54,54,46,70,70,70,64,64,47,70,64,64,69,40,29,65,42,33,38,38,70,70,70,45,72],"items_purged":["Doubt","Injury","Strike_G","Strike_G"],"gold":80,"score":609,"play_id":"f9c204b7-bfea-4fc9-ae24-e59f1b64760f","local_time":"20180308224303","is_prod":false,"is_daily":false,"is_ascension_mode":true,"campfire_upgraded":2,"timestamp":1520570583,"path_taken":["M","?","?","M","$","E","?","?","T","E","R","?","M","E","R","BOSS","M","?","$","M","M","E","R","$","T","M","R","?","?","E","R","BOSS","M","?","?","M","M","R","E","?","T","$","R","?","$","E","R","BOSS"],"build_version":"2018-03-01-PROD1","purchased_purges":4,"victory":false,"master_deck":["Defend_G","Defend_G","Defend_G","Defend_G","Defend_G","Strike_G","Strike_G","Survivor+1","Neutralize+1","Bouncing Flask+1","Predator","Quick Slash","Footwork+1","Deflect","Backflip","Slice","Backstab","Noxious Fumes+1","Wraith Form+1","Caltrops+1","Cloak And Dagger","Leg Sweep","Deadly Poison+1","Prepared","Escape Plan","Backstab+1","Blur","Die Die Die","Heel Hook+1","Outmaneuver+1","Prepared","Cloak And Dagger+1","Madness","Footwork+1"],"max_hp_per_floor":[70,70,70,70,70,70,70,70,70,70,70,70,70,70,70,70,70,70,70,70,70,70,70,70,70,70,70,70,70,70,70,70,70,70,70,70,70,70,70,70,70,70,70,70,70,70,70,72,72],"relics":["Ring of the Snake","Regal Pillow","Bloody Idol","Frozen Egg 2","Bag of Marbles","Happy Flower","Sozu","Vajra","Letter Opener","Ornamental Fan","Lantern","Darkstone Periapt","Black Star","Smiling Mask","Tough Bandages","Singing Bowl","Du-Vu Doll","Bird Faced Urn"],"card_choices":[{"not_picked":["Underhanded Strike","Bane"],"picked":"Bouncing Flask"},{"not_picked":["Leg Sweep","Eviscerate"],"picked":"Quick Slash"},{"not_picked":["Predator","Unload"],"picked":"Backflip"},{"not_picked":["Skewer","Cloak And Dagger"],"picked":"Slice"},{"not_picked":["Outmaneuver","Sucker Punch"],"picked":"Backstab"},{"not_picked":["Leg Sweep","Underhanded Strike"],"picked":"Noxious Fumes"},{"not_picked":["Tactician","Adrenaline"],"picked":"Wraith Form"},{"not_picked":["Prepared","Blade Dance"],"picked":"Caltrops"},{"not_picked":["Slice","Sucker Punch"],"picked":"Cloak And Dagger"},{"not_picked":["Acrobatics","Malaise"],"picked":"Deadly Poison"},{"not_picked":["Masterful Stab","Finisher"],"picked":"Prepared"},{"not_picked":["Malaise","Deflect"],"picked":"Backstab"},{"not_picked":["Sucker Punch","Poisoned Stab"],"picked":"Blur"},{"not_picked":["Venomology","Doppelganger"],"picked":"Die Die Die"},{"not_picked":["Skewer","Expertise"],"picked":"Heel Hook"},{"not_picked":["Underhanded Strike","Cloak And Dagger"],"picked":"Outmaneuver"},{"not_picked":["PiercingWail","Poisoned Stab"],"picked":"Prepared"},{"not_picked":["Dagger Throw","Underhanded Strike"],"picked":"Cloak And Dagger"}],"player_experience":181323,"potions_floor_usage":[],"damage_taken":[{"damage":3.0,"enemies":"2 Louse","floor":1.0,"turns":3.0},{"damage":0.0,"enemies":"Small Slimes","floor":4.0,"turns":3.0},{"damage":6.0,"enemies":"3 Sentries","floor":6.0,"turns":12.0},{"damage":0.0,"enemies":"Cultist","floor":8.0,"turns":3.0},{"damage":2.0,"enemies":"Lagavulin","floor":10.0,"turns":8.0},{"damage":1.0,"enemies":"3 Louse","floor":13.0,"turns":3.0},{"damage":11.0,"enemies":"Gremlin Nob","floor":14.0,"turns":3.0},{"damage":46.0,"enemies":"Hexaghost","floor":16.0,"turns":8.0},{"damage":11.0,"enemies":"2 Thieves","floor":18.0,"turns":4.0},{"damage":19.0,"enemies":"Shell Parasite","floor":19.0,"turns":5.0},{"damage":20.0,"enemies":"Snecko","floor":21.0,"turns":5.0},{"damage":17.0,"enemies":"Centurion and Healer","floor":22.0,"turns":6.0},{"damage":0.0,"enemies":"Gremlin Leader","floor":23.0,"turns":7.0},{"damage":8.0,"enemies":"Snake Plant","floor":27.0,"turns":3.0},{"damage":11.0,"enemies":"Book of Stabbing","floor":31.0,"turns":5.0},{"damage":22.0,"enemies":"Collector","floor":33.0,"turns":7.0},{"damage":11.0,"enemies":"3 Shapes","floor":35.0,"turns":3.0},{"damage":0.0,"enemies":"Orb Walker","floor":37.0,"turns":2.0},{"damage":34.0,"enemies":"3 Darklings","floor":38.0,"turns":4.0},{"damage":16.0,"enemies":"4 Shapes","floor":39.0,"turns":3.0},{"damage":28.0,"enemies":"Giant Head","floor":41.0,"turns":8.0},{"damage":32.0,"enemies":"2 Orb Walkers","floor":48.0,"turns":6.0},{"damage":77,"enemies":"Awakened One","floor":50,"turns":11}],"event_choices":[{"event_name":"Shining Light","player_choice":"Entered Light","floor":2.0,"damage_taken":0.0},{"event_name":"Transmorgrifier","player_choice":"Transform","floor":3.0,"damage_taken":0.0},{"event_name":"Golden Idol","player_choice":"Take Wound","floor":7.0,"damage_taken":0.0},{"event_name":"Liars Game","player_choice":"agreed","floor":12.0,"damage_taken":0.0},{"event_name":"Addict","player_choice":"Obtained Relic","floor":29.0,"damage_taken":0.0},{"event_name":"Forgotten Altar","player_choice":"Gave Idol","floor":30.0,"damage_taken":0.0},{"event_name":"Mysterious Sphere","player_choice":"Ignore","floor":36.0,"damage_taken":0.0},{"event_name":"Winding Halls","player_choice":"Embrace Madness","floor":42.0,"damage_taken":0.0}],"boss_relics":[],"potions_floor_spawned":[4,10,13,14,21,23,35,37,48],"seed_played":"8883195362460796448","killed_by":"Awakened One","ascension_level":2,"is_trial":false}