{"path_per_floor":["M","?","M","?","M","E","M","R","T","$","?","M","R","T","R","B",null,"M","$","?","M"],"character_chosen":"DEFECT","items_purchased":["Double Energy+1","Defragment","Steam+1","Reinforced Body+1","Barrage","Beam Cell"],"gold_per_floor":[112,112,130,130,143,170,184,184,184,23,23,35,35,60,60,165,165,175,3,3,14,14],"floor_reached":22,"campfire_rested":3,"playtime":1754,"item_purchase_floors":[10,10,10,19,19,19],"current_hp_per_floor":[72,72,66,66,60,19,4,26,26,26,26,17,39,39,61,18,75,42,42,42,14,0],"items_purged":[],"gold":14,"score":184,"play_id":"19287a14-666e-4cbc-9855-799486e127d9","local_time":"20180602201722","is_prod":false,"is_daily":false,"chose_seed":false,"is_ascension_mode":false,"campfire_upgraded":0,"win_rate":0.0,"timestamp":1527963442,"campfire_choices":[{"floor":8,"key":"REST"},{"floor":13,"key":"REST"},{"floor":15,"key":"REST"}],"path_taken":["M","?","?","?","M","E","M","R","T","?","?","?","R","?","R","BOSS","M","?","?","M","M"],"build_version":"2018-05-31","seed_source_timestamp":16029206003777,"purchased_purges":0,"victory":false,"master_deck":["Strike_B+1","Strike_B+1","Strike_B+1","Strike_B+1","Defend_B+1","Defend_B+1","Defend_B+1","Defend_B+1","Zap","Dualcast","Steam","Cold Snap+1","Regret","Static Discharge+1","Skim","Glacier","Double Energy+1","Defragment","Steam+1","Lockon","Fission+1","Melter","Reinforced Body+1","Barrage","Beam Cell","Rip and Tear"],"max_hp_per_floor":[75,75,75,75,75,75,75,75,75,75,75,75,75,75,75,75,75,75,75,75,75,75],"relics":["Cracked Core","Ice Cream","Gremlin Horn","Toxic Egg 2","Whetstone","Inserter"],"card_choices":[{"not_picked":["FTL","Scrape"],"picked":"Steam","floor":1},{"not_picked":["Aggregate","Conserve Battery"],"picked":"Cold Snap","floor":3},{"not_picked":["Steam Power","White Noise"],"picked":"Static Discharge","floor":5},{"not_picked":["Cold Snap","Coolheaded"],"picked":"Skim","floor":6},{"not_picked":["Stack","Cold Snap"],"picked":"Glacier","floor":7},{"not_picked":["BootSequence+1","Go for the Eyes"],"picked":"Lockon","floor":12},{"not_picked":["Electrodynamics","Biased Cognition"],"picked":"Fission+1","floor":16},{"not_picked":["Gash","Beam Cell+1"],"picked":"Melter","floor":18},{"not_picked":["Scrape","FTL"],"picked":"Rip and Tear","floor":21}],"player_experience":11887,"potions_floor_usage":[22,22],"damage_taken":[{"damage":3,"enemies":"Jaw Worm","floor":1,"turns":3},{"damage":6,"enemies":"2 Louse","floor":3,"turns":3},{"damage":6,"enemies":"Small Slimes","floor":5,"turns":3},{"damage":41,"enemies":"Gremlin Nob","floor":6,"turns":5},{"damage":15,"enemies":"Red Slaver","floor":7,"turns":3},{"damage":9,"enemies":"Blue Slaver","floor":12,"turns":3},{"damage":43,"enemies":"Hexaghost","floor":16,"turns":12},{"damage":33,"enemies":"Chosen","floor":18,"turns":6},{"damage":28,"enemies":"2 Thieves","floor":21,"turns":5},{"damage":17,"enemies":"Snecko","floor":22,"turns":5}],"relics_obtained":[{"floor":6,"key":"Gremlin Horn"},{"floor":9,"key":"Toxic Egg 2"},{"floor":14,"key":"Whetstone"}],"event_choices":[{"event_name":"Golden Wing","player_choice":"Ignored","floor":2,"damage_taken":0},{"event_name":"Big Fish","player_choice":"Box","floor":4,"damage_taken":0},{"event_name":"Living Wall","player_choice":"Grow","floor":11,"damage_taken":0},{"event_name":"Back to Basics","player_choice":"Simplicity","floor":20,"damage_taken":0}],"boss_relics":[{"not_picked":["Astrolabe","Black Star"],"picked":"Inserter"}],"items_purged_floors":[],"potions_floor_spawned":[1,6,12,18],"seed_played":"-3608218471413603708","killed_by":"Snecko","ascension_level":0,"potions_obtained":[{"floor":1,"key":"Block Potion"},{"floor":6,"key":"Strength Potion"},{"floor":12,"key":"AttackPotion"},{"floor":18,"key":"Weak Potion"}],"is_trial":false}