{"gold_per_floor":[116,129,26,46,64,64,94,94,124,49,68,68,86,112,112,188,188,201,201,22,22,38,38,71,71,71,98,116,150,150,150,150,225,225,237,78,78,0,15,15,49,49,49,49,49,49,49,64,64,64,64],"floor_reached":51,"playtime":14830,"items_purged":["Strike_G","Strike_G"],"score":1453,"play_id":"1b669db1-ef30-4610-a820-68b6190863c2","local_time":"20190525170400","is_ascension_mode":true,"campfire_choices":[{"data":"Poisoned Stab","floor":6.0,"key":"SMITH"},{"floor":8.0,"key":"REST"},{"data":"Bane","floor":12.0,"key":"SMITH"},{"floor":15.0,"key":"REST"},{"data":"Night Terror","floor":23.0,"key":"SMITH"},{"data":"Malaise","floor":25.0,"key":"SMITH"},{"floor":30.0,"key":"DIG"},{"floor":32.0,"key":"REST"},{"data":"Noxious Fumes","floor":40.0,"key":"SMITH"},{"floor":42.0,"key":"REST"},{"floor":49.0,"key":"REST"}],"neow_cost":"NONE","seed_source_timestamp":0,"circlet_count":0,"master_deck":["AscendersBane","Defend_G","Defend_G","Defend_G","Defend_G","Defend_G","Strike_G","Strike_G","Strike_G","Survivor","Neutralize+1","Poisoned Stab+1","Catalyst","Noxious Fumes+1","Bane+1","Dagger Throw","Malaise+1","Bouncing Flask","All Out Attack","Choke","Night Terror+1","PiercingWail+1","Footwork","Footwork","PiercingWail","Catalyst+1","Backstab","Outmaneuver","Wraith Form v2","Backflip","Well Laid Plans","Leg Sweep","Bandage Up","Wraith Form v2","PiercingWail","Parasite","Prepared+1","Catalyst"],"special_seed":0,"relics":["Ring of the Serpent","Centennial Puzzle","Tiny Chest","Ninja Scroll","Cursed Key","Mummified Hand","Peace Pipe","Shovel","Dream Catcher","Red Mask","Vajra"],"potions_floor_usage":[51],"damage_taken":[{"damage":0.0,"enemies":"Cultist","floor":1.0,"turns":4.0},{"damage":4.0,"enemies":"Small Slimes","floor":2.0,"turns":4.0},{"damage":2.0,"enemies":"Jaw Worm","floor":4.0,"turns":3.0},{"damage":5.0,"enemies":"2 Fungi Beasts","floor":5.0,"turns":3.0},{"damage":27.0,"enemies":"Gremlin Nob","floor":7.0,"turns":4.0},{"damage":3.0,"enemies":"Looter","floor":11.0,"turns":3.0},{"damage":4.0,"enemies":"Blue Slaver","floor":13.0,"turns":2.0},{"damage":5.0,"enemies":"Lagavulin","floor":14.0,"turns":7.0},{"damage":28.0,"enemies":"Slime Boss","floor":16.0,"turns":6.0},{"damage":7.0,"enemies":"2 Thieves","floor":18.0,"turns":4.0},{"damage":3.0,"enemies":"3 Byrds","floor":22.0,"turns":5.0},{"damage":8.0,"enemies":"Gremlin Leader","floor":24.0,"turns":7.0},{"damage":3.0,"enemies":"Book of Stabbing","floor":27.0,"turns":6.0},{"damage":0.0,"enemies":"Centurion and Healer","floor":28.0,"turns":8.0},{"damage":12.0,"enemies":"Gremlin Leader","floor":29.0,"turns":9.0},{"damage":3.0,"enemies":"Champ","floor":33.0,"turns":9.0},{"damage":15.0,"enemies":"Orb Walker","floor":35.0,"turns":5.0},{"damage":4.0,"enemies":"3 Darklings","floor":39.0,"turns":5.0},{"damage":39.0,"enemies":"Reptomancer","floor":41.0,"turns":8.0},{"damage":3.0,"enemies":"Writhing Mass","floor":48.0,"turns":8.0},{"damage":46.0,"enemies":"Donu and Deca","floor":50.0,"turns":12.0},{"damage":9,"enemies":"Awakened One","floor":51,"turns":3}],"seed_played":"-7874777145303354682","potions_obtained":[{"floor":5.0,"key":"SkillPotion"},{"floor":7.0,"key":"PowerPotion"},{"floor":11.0,"key":"Explosive Potion"},{"floor":16.0,"key":"Weak Potion"},{"floor":18.0,"key":"Block Potion"},{"floor":24.0,"key":"Energy Potion"},{"floor":29.0,"key":"Dexterity Potion"},{"floor":33.0,"key":"Fire Potion"},{"floor":35.0,"key":"Energy Potion"},{"floor":41.0,"key":"GamblersBrew"}],"is_trial":false,"path_per_floor":["M","M","$","M","M","R","E","R","T","$","M","R","M","E","R","B",null,"M","T","$","?","M","R","E","R","T","E","M","E","R","?","R","B",null,"M","$","?","?","M","R","E","R","T","?","$","$","?","M","R","B","B"],"character_chosen":"THE_SILENT","items_purchased":["Noxious Fumes","Bane","Footwork","Well Laid Plans","Leg Sweep"],"campfire_rested":5,"item_purchase_floors":[3,3,20,36,36],"current_hp_per_floor":[59,55,55,53,48,48,21,40,40,40,37,37,33,28,47,19,54,47,47,47,47,44,44,36,36,36,33,33,21,21,21,40,37,59,44,44,44,44,44,44,9,28,28,28,28,28,28,29,47,5,0],"gold":64,"neow_bonus":"UPGRADE_CARD","is_prod":false,"is_daily":false,"chose_seed":false,"campfire_upgraded":5,"win_rate":0,"timestamp":1558829040,"path_taken":["M","M","$","M","M","R","E","R","T","$","M","R","M","E","R","BOSS","M","?","$","?","M","R","E","R","T","E","M","E","R","?","R","BOSS","M","$","?","?","M","R","E","R","T","?","?","$","?","M","R","BOSS","BOSS"],"build_version":"2019-01-23","purchased_purges":2,"victory":false,"max_hp_per_floor":[66,66,66,66,66,66,66,66,66,66,66,66,66,66,66,66,66,66,66,66,66,66,66,66,66,66,66,66,66,66,66,66,66,66,66,66,66,66,66,66,66,66,66,63,63,63,63,63,63,63,63],"card_choices":[{"not_picked":["Dodge and Roll","Infinite Blades"],"picked":"Poisoned Stab","floor":1.0},{"not_picked":["Poisoned Stab","Distraction"],"picked":"Catalyst","floor":2.0},{"not_picked":["Slice","Noxious Fumes"],"picked":"Dagger Throw","floor":4.0},{"not_picked":["Dodge and Roll","Blur","Blade Dance"],"picked":"SKIP","floor":5.0},{"not_picked":["Tactician","Sucker Punch"],"picked":"Malaise","floor":7.0},{"not_picked":["Bane","Outmaneuver"],"picked":"Bouncing Flask","floor":11.0},{"not_picked":["Masterful Stab","Prepared"],"picked":"All Out Attack","floor":13.0},{"not_picked":["Deflect","Noxious Fumes"],"picked":"Choke","floor":14.0},{"not_picked":["A Thousand Cuts","Die Die Die"],"picked":"Night Terror","floor":16.0},{"not_picked":["Quick Slash","Dagger Spray"],"picked":"PiercingWail+1","floor":18.0},{"not_picked":["Accuracy","Cloak And Dagger"],"picked":"Footwork","floor":22.0},{"not_picked":["Dagger Throw+1","Flying Knee"],"picked":"PiercingWail","floor":24.0},{"not_picked":["Blade Dance","Phantasmal Killer","Storm of Steel"],"picked":"SKIP","floor":27.0},{"not_picked":["Blade Dance","Heel Hook"],"picked":"Catalyst+1","floor":28.0},{"not_picked":["PiercingWail","Cloak And Dagger"],"picked":"Backstab","floor":29.0},{"not_picked":["Prepared","Slice"],"picked":"Outmaneuver","floor":32.0},{"not_picked":["Bullet Time","Venomology"],"picked":"Wraith Form v2","floor":33.0},{"not_picked":["Dagger Throw+1","Bane"],"picked":"Backflip","floor":35.0},{"not_picked":["Good Instincts","Secret Weapon"],"picked":"Bandage Up","floor":37.0},{"not_picked":["Flying Knee","Blade Dance+1","Caltrops"],"picked":"SKIP","floor":39.0},{"not_picked":["Dodge and Roll","Cloak And Dagger+1"],"picked":"Wraith Form v2","floor":41.0},{"not_picked":["Caltrops","Dash+1"],"picked":"PiercingWail","floor":42.0},{"not_picked":["Bane+1","Cloak And Dagger"],"picked":"Prepared+1","floor":48.0},{"not_picked":["Backflip","Deflect"],"picked":"Catalyst","floor":49.0}],"player_experience":1453630,"relics_obtained":[{"floor":7.0,"key":"Centennial Puzzle"},{"floor":9.0,"key":"Tiny Chest"},{"floor":14.0,"key":"Ninja Scroll"},{"floor":24.0,"key":"Mummified Hand"},{"floor":27.0,"key":"Peace Pipe"},{"floor":29.0,"key":"Shovel"},{"floor":30.0,"key":"Dream Catcher"},{"floor":41.0,"key":"Vajra"}],"event_choices":[{"damage_healed":0.0,"max_hp_gain":0.0,"max_hp_loss":0.0,"gold_gain":0.0,"event_name":"Vampires","player_choice":"Ignored","floor":21.0,"gold_loss":0.0,"damage_taken":0.0},{"damage_healed":0.0,"max_hp_gain":0.0,"max_hp_loss":0.0,"gold_gain":0.0,"event_name":"Ghosts","player_choice":"Ignored","floor":31.0,"gold_loss":0.0,"damage_taken":0.0},{"damage_healed":0.0,"max_hp_gain":0.0,"max_hp_loss":0.0,"gold_gain":0.0,"event_name":"SensoryStone","player_choice":"Memory 1","floor":37.0,"gold_loss":0.0,"damage_taken":0.0},{"damage_healed":0.0,"max_hp_gain":0.0,"max_hp_loss":0.0,"gold_gain":0.0,"event_name":"Tomb of Lord Red Mask","player_choice":"Paid","floor":38.0,"gold_loss":78.0,"damage_taken":0.0,"relics_obtained":["Red Mask"]},{"damage_healed":0.0,"max_hp_gain":0.0,"max_hp_loss":3.0,"gold_gain":0.0,"event_name":"Winding Halls","player_choice":"Max HP","floor":44.0,"gold_loss":0.0,"damage_taken":0.0},{"damage_healed":0.0,"max_hp_gain":0.0,"max_hp_loss":0.0,"gold_gain":0.0,"event_name":"Mysterious Sphere","player_choice":"Ignored","floor":47.0,"gold_loss":0.0,"damage_taken":0.0}],"is_beta":false,"boss_relics":[{"not_picked":["White Beast Statue","Tiny House"],"picked":"Cursed Key"},{"not_picked":["Astrolabe","Calling Bell"],"picked":"Ring of the Serpent"}],"items_purged_floors":[10,20],"is_endless":false,"potions_floor_spawned":[5,7,11,16,18,24,29,33,35,41],"killed_by":"Awakened One","ascension_level":20}