{"gold_per_floor":[112,122,9,9,27,58,58,88,88,22,0,0,0],"floor_reached":13,"playtime":849,"items_purged":[],"score":182,"play_id":"48c6f6a1-c9de-437c-9294-5ba490ef41dc","local_time":"20190525090255","is_ascension_mode":true,"campfire_choices":[{"floor":7.0,"key":"REST"}],"neow_cost":"NONE","seed_source_timestamp":147897448900,"circlet_count":0,"master_deck":["AscendersBane","Defend_G","Defend_G","Defend_G","Defend_G","Defend_G","Strike_G","Strike_G","Strike_G","Strike_G","Strike_G","Survivor","Neutralize+1","Crippling Poison","Quick Slash","Masterful Stab","Well Laid Plans","Quick Slash","Terror","Dash"],"special_seed":0,"relics":["Ring of the Snake","Pantograph","Regal Pillow","The Courier","Ginger"],"potions_floor_usage":[],"damage_taken":[{"damage":0.0,"enemies":"2 Louse","floor":1.0,"turns":4.0},{"damage":0.0,"enemies":"Cultist","floor":2.0,"turns":4.0},{"damage":0.0,"enemies":"Small Slimes","floor":5.0,"turns":4.0},{"damage":33.0,"enemies":"3 Sentries","floor":6.0,"turns":14.0},{"damage":24.0,"enemies":"Gremlin Nob","floor":8.0,"turns":4.0},{"damage":23,"enemies":"Lagavulin","floor":13,"turns":6}],"seed_played":"2169508663087707749","potions_obtained":[{"floor":1.0,"key":"SteroidPotion"},{"floor":8.0,"key":"Swift Potion"}],"is_trial":false,"path_per_floor":["M","M","$","?","M","E","R","E","T","$","?","?","E"],"character_chosen":"THE_SILENT","items_purchased":["Masterful Stab","Well Laid Plans","Dash"],"campfire_rested":1,"item_purchase_floors":[3,3,10],"current_hp_per_floor":[59,59,59,59,59,26,45,21,21,21,21,21,0],"gold":0,"neow_bonus":"UPGRADE_CARD","is_prod":false,"is_daily":false,"chose_seed":false,"campfire_upgraded":0,"win_rate":0,"timestamp":1558800175,"path_taken":["M","M","$","?","?","E","R","E","T","$","?","?","E"],"build_version":"2019-01-23","purchased_purges":0,"victory":false,"max_hp_per_floor":[66,66,66,66,66,66,66,66,66,66,66,66,66],"card_choices":[{"not_picked":["Heel Hook","Distraction"],"picked":"Crippling Poison","floor":1.0},{"not_picked":["Slice","Outmaneuver"],"picked":"Quick Slash","floor":2.0},{"not_picked":["Dodge and Roll","Underhanded Strike"],"picked":"Quick Slash","floor":5.0},{"not_picked":["Underhanded Strike","Outmaneuver","Concentrate"],"picked":"SKIP","floor":6.0},{"not_picked":["Malaise","Envenom"],"picked":"Terror","floor":8.0}],"player_experience":1448528,"relics_obtained":[{"floor":6.0,"key":"Pantograph"},{"floor":8.0,"key":"Regal Pillow"},{"floor":9.0,"key":"The Courier"}],"event_choices":[{"damage_healed":0.0,"max_hp_gain":0.0,"max_hp_loss":0.0,"gold_gain":0.0,"event_name":"FaceTrader","player_choice":"Leave","floor":4.0,"gold_loss":0.0,"damage_taken":0.0},{"damage_healed":0.0,"max_hp_gain":0.0,"max_hp_loss":0.0,"gold_gain":0.0,"event_name":"World of Goop","player_choice":"Left Gold","floor":11.0,"gold_loss":22.0,"damage_taken":0.0},{"damage_healed":0.0,"max_hp_gain":0.0,"max_hp_loss":0.0,"gold_gain":0.0,"event_name":"WeMeetAgain","player_choice":"Gave Potion","floor":12.0,"gold_loss":0.0,"damage_taken":0.0,"relics_obtained":["Ginger"]}],"is_beta":false,"boss_relics":[],"items_purged_floors":[],"is_endless":false,"potions_floor_spawned":[1,8],"killed_by":"Lagavulin","ascension_level":20}