{"gold_per_floor":[212,229,245,256,272,272,307,327,353,323,323,385,385,401,401,401],"floor_reached":16,"playtime":1185,"items_purged":[],"score":162,"play_id":"c1c356ec-6522-400f-903b-689d549752d4","local_time":"20190429204516","is_ascension_mode":true,"campfire_choices":[{"data":"Leg Sweep","floor":6,"key":"SMITH"},{"floor":11,"key":"DIG"},{"floor":13,"key":"DIG"},{"floor":15,"key":"DIG"}],"neow_cost":"NONE","seed_source_timestamp":184722525585427,"circlet_count":0,"master_deck":["Defend_G","Defend_G","Defend_G","Defend_G","Defend_G","Strike_G","Strike_G","Strike_G","Strike_G","Strike_G","Survivor","Neutralize","Leg Sweep+1","Backstab","Bouncing Flask","Infinite Blades","A Thousand Cuts","Deflect"],"relics":["Ring of the Snake","Shovel","Anchor","Smiling Mask","Tiny Chest","Pen Nib","Bronze Scales"],"potions_floor_usage":[7,7,8,10,10,12,16],"damage_taken":[{"damage":0,"enemies":"Jaw Worm","floor":1,"turns":6},{"damage":0,"enemies":"2 Louse","floor":2,"turns":3},{"damage":1,"enemies":"Cultist","floor":3,"turns":5},{"damage":0,"enemies":"Exordium Wildlife","floor":4,"turns":3},{"damage":0,"enemies":"2 Fungi Beasts","floor":5,"turns":5},{"damage":10,"enemies":"Lagavulin","floor":7,"turns":7},{"damage":1,"enemies":"Looter","floor":8,"turns":3},{"damage":0,"enemies":"Exordium Thugs","floor":10,"turns":5},{"damage":3,"enemies":"Gremlin Nob","floor":12,"turns":5},{"damage":0,"enemies":"Large Slime","floor":14,"turns":8},{"damage":49,"enemies":"Slime Boss","floor":16,"turns":9}],"seed_played":"-155258722970576106","potions_obtained":[{"floor":2,"key":"Block Potion"},{"floor":4,"key":"Dexterity Potion"},{"floor":5,"key":"SteroidPotion"},{"floor":7,"key":"EntropicBrew"},{"floor":14,"key":"Poison Potion"}],"is_trial":false,"path_per_floor":["M","M","M","M","M","R","E","M","T","M","R","E","R","M","R","B"],"character_chosen":"THE_SILENT","items_purchased":[],"campfire_rested":0,"item_purchase_floors":[],"current_hp_per_floor":[63,63,62,62,62,62,52,51,51,51,51,48,48,48,48,0],"gold":401,"neow_bonus":"HUNDRED_GOLD","is_prod":false,"is_daily":false,"chose_seed":false,"campfire_upgraded":1,"win_rate":0,"timestamp":1556595916,"path_taken":["M","M","M","M","M","R","E","M","T","M","R","E","R","M","R","BOSS"],"build_version":"2019-01-23","purchased_purges":0,"victory":false,"max_hp_per_floor":[70,70,70,70,70,70,70,70,70,70,70,70,70,70,70,70],"card_choices":[{"not_picked":["Sucker Punch","Predator"],"picked":"Leg Sweep","floor":1},{"not_picked":["Terror","Deadly Poison"],"picked":"Backstab","floor":2},{"not_picked":["Infinite Blades","Quick Slash"],"picked":"Bouncing Flask","floor":3},{"not_picked":["Quick Slash","Finisher","Setup"],"picked":"SKIP","floor":4},{"not_picked":["Dodge and Roll","Quick Slash","Calculated Gamble"],"picked":"SKIP","floor":5},{"not_picked":["Flechettes","Dagger Spray","Bane"],"picked":"SKIP","floor":7},{"not_picked":["Skewer","All Out Attack"],"picked":"Infinite Blades","floor":8},{"not_picked":["Slice","Sucker Punch","Distraction"],"picked":"SKIP","floor":10},{"not_picked":["Endless Agony","Prepared"],"picked":"A Thousand Cuts","floor":12},{"not_picked":["Leg Sweep","Deadly Poison"],"picked":"Deflect","floor":14}],"player_experience":310123,"relics_obtained":[{"floor":7,"key":"Shovel"},{"floor":9,"key":"Anchor"},{"floor":11,"key":"Smiling Mask"},{"floor":12,"key":"Tiny Chest"},{"floor":13,"key":"Pen Nib"},{"floor":15,"key":"Bronze Scales"}],"event_choices":[],"is_beta":false,"boss_relics":[],"items_purged_floors":[],"is_endless":false,"potions_floor_spawned":[2,4,5,7,14],"killed_by":"Slime Boss","ascension_level":8}