{"path_per_floor":["M","?","$","M","M","E","R","E","T","?","?","?","?","M","R","B",null,"M","?","M","?","$"],"character_chosen":"THE_SILENT","items_purchased":["Bane","Noxious Fumes"],"gold_per_floor":[117,67,14,28,39,74,74,103,103,132,132,132,86,105,105,209,209,221,221,237,237,90],"floor_reached":23,"campfire_rested":2,"playtime":1718,"current_hp_per_floor":[70,70,70,64,63,33,54,32,32,30,30,18,18,20,41,21,70,65,65,42,42,42],"items_purged":["Strike_G"],"gold":90,"play_id":"a9d2e2c8-3f7f-48a3-a014-f67f363e2608","is_prod":false,"is_daily":false,"is_ascension_mode":false,"campfire_upgraded":0,"path_taken":["M","?","$","M","M","E","R","E","T","?","?","?","?","M","R","BOSS","M","?","?","?","$","E"],"build_version":"2018-02-02-BETA1","purchased_purges":1,"victory":false,"master_deck":["Defend_G","Defend_G","Defend_G","Defend_G","Defend_G","Strike_G","Strike_G","Strike_G","Survivor","Neutralize","Poisoned Stab","Bane","Bane","Deadly Poison","Catalyst+1","Bane","Bane+1","Burst","Corpse Explosion+1","Escape Plan","Poisoned Stab+1","Noxious Fumes"],"max_hp_per_floor":[70,70,70,70,70,70,70,70,70,70,70,70,70,70,70,70,70,70,70,70,70,70],"relics":["The Specimen","Lantern","Happy Flower","Molten Egg 2","Odd Mushroom","Blood Vial","Cursed Key","Orichalcum"],"card_choices":[{"not_picked":["Sucker Punch","Backflip"],"picked":"Poisoned Stab"},{"not_picked":["Choke","Masterful Stab"],"picked":"Bane"},{"not_picked":["Crippling Poison","Outmaneuver"],"picked":"Deadly Poison"},{"not_picked":["Outmaneuver","Distraction"],"picked":"Catalyst"},{"not_picked":["Acrobatics","Slice"],"picked":"Bane"},{"not_picked":["Finisher","All Out Attack"],"picked":"Bane"},{"not_picked":["Slice","All Out Attack"],"picked":"Burst"},{"not_picked":["Adrenaline","Tools of the Trade"],"picked":"Corpse Explosion"},{"not_picked":["All Out Attack","Dagger Throw"],"picked":"Escape Plan"},{"not_picked":["Bane","Infinite Blades"],"picked":"Poisoned Stab"}],"player_experience":11374,"potions_floor_usage":[14,16,16,23],"damage_taken":[{"damage":0,"enemies":"Small Slimes","floor":1,"turns":4},{"damage":6,"enemies":"Jaw Worm","floor":4,"turns":4},{"damage":1,"enemies":"Cultist","floor":5,"turns":3},{"damage":30,"enemies":"Gremlin Nob","floor":6,"turns":4},{"damage":22,"enemies":"3 Sentries","floor":8,"turns":9},{"damage":2,"enemies":"The Mushroom Lair","floor":10,"turns":4},{"damage":0,"enemies":"3 Louse","floor":14,"turns":2},{"damage":22,"enemies":"Slime Boss","floor":16,"turns":9},{"damage":5,"enemies":"3 Byrds","floor":18,"turns":5},{"damage":25,"enemies":"Chosen","floor":20,"turns":6},{"damage":50,"enemies":"Slavers","floor":23,"turns":4}],"event_choices":[{"event_name":"The Cleric","player_choice":"Card Removal","floor":2,"damage_taken":0},{"event_name":"Mushrooms","player_choice":"Fought Mushrooms","floor":10,"damage_taken":0},{"event_name":"The Lab","player_choice":"Got Potions","floor":11,"damage_taken":0},{"event_name":"Scrap Ooze","player_choice":"success","floor":12,"damage_taken":12},{"event_name":"World of Goop","player_choice":"Left","floor":13,"damage_taken":0},{"event_name":"The Mausoleum","player_choice":"Yes","floor":19,"damage_taken":0},{"event_name":"Upgrade Shrine","player_choice":"Upgraded","floor":21,"damage_taken":0}],"boss_relics":[{"not_picked":["Velvet Choker","Calling Bell"],"picked":"Cursed Key"}],"potions_floor_spawned":[5,6,10,20],"seed_played":"1601089284548089415","killed_by":"Slavers","ascension_level":0,"is_trial":false}