{"gold_per_floor":[15,15,25,37,50,50,75,75,75,75,75,408,408,419,419,419],"floor_reached":16,"playtime":577,"items_purged":[],"score":176,"play_id":"646ba4d3-93ae-4e92-97f1-ea4293345b21","local_time":"20190510192927","is_ascension_mode":true,"campfire_choices":[{"data":"True Grit","floor":6,"key":"SMITH"},{"data":"Whirlwind","floor":8,"key":"SMITH"},{"floor":13,"key":"REST"},{"data":"Bludgeon","floor":15,"key":"SMITH"}],"neow_cost":"NO_GOLD","seed_source_timestamp":1131226961399200,"circlet_count":0,"master_deck":["AscendersBane","Strike_R","Strike_R","Strike_R+1","Strike_R","Defend_R+1","Defend_R","Defend_R","Defend_R","Bash","Bludgeon+1","Corruption","Whirlwind+1","True Grit+1","Burning Pact","Inflame","True Grit","Juggernaut"],"relics":["Burning Blood","Mercury Hourglass","Torii","Old Coin"],"potions_floor_usage":[7,16],"damage_taken":[{"damage":10,"enemies":"2 Louse","floor":1,"turns":4},{"damage":6,"enemies":"Cultist","floor":3,"turns":3},{"damage":0,"enemies":"Small Slimes","floor":4,"turns":3},{"damage":9,"enemies":"Looter","floor":5,"turns":5},{"damage":18,"enemies":"Gremlin Nob","floor":7,"turns":3},{"damage":32,"enemies":"3 Sentries","floor":12,"turns":6},{"damage":6,"enemies":"Large Slime","floor":14,"turns":5},{"damage":54,"enemies":"Hexaghost","floor":16,"turns":11}],"seed_played":"9211548489440431997","potions_obtained":[{"floor":1,"key":"Fire Potion"},{"floor":4,"key":"Ancient Potion"},{"floor":7,"key":"FairyPotion"},{"floor":14,"key":"Dexterity Potion"}],"is_trial":false,"path_per_floor":["M","?","M","M","M","R","E","R","T","?","?","E","R","M","R","B"],"character_chosen":"IRONCLAD","items_purchased":[],"campfire_rested":1,"item_purchase_floors":[],"current_hp_per_floor":[68,68,68,74,71,71,59,59,59,64,47,21,46,46,46,0],"gold":419,"neow_bonus":"THREE_RARE_CARDS","is_prod":false,"is_daily":false,"chose_seed":false,"campfire_upgraded":3,"win_rate":0,"timestamp":1557541767,"path_taken":["M","?","?","M","M","R","E","R","T","?","?","E","R","M","R","BOSS"],"build_version":"2019-01-23","purchased_purges":0,"victory":false,"max_hp_per_floor":[80,80,80,80,80,80,80,80,80,85,85,85,85,85,85,85],"card_choices":[{"not_picked":["Feed","Fiend Fire"],"picked":"Bludgeon","floor":0},{"not_picked":["Perfected Strike","Evolve"],"picked":"Corruption","floor":1},{"not_picked":["Heavy Blade","Second Wind"],"picked":"True Grit","floor":3},{"not_picked":["Blood for Blood","Twin Strike"],"picked":"Burning Pact","floor":4},{"not_picked":["Flex","Sword Boomerang","Thunderclap"],"picked":"SKIP","floor":5},{"not_picked":["Heavy Blade","Flex"],"picked":"Inflame","floor":7},{"not_picked":["Second Wind","Perfected Strike"],"picked":"True Grit","floor":12},{"not_picked":["Disarm","Dropkick"],"picked":"Juggernaut","floor":14}],"player_experience":352657,"relics_obtained":[{"floor":7,"key":"Mercury Hourglass"},{"floor":9,"key":"Torii"},{"floor":12,"key":"Old Coin"}],"event_choices":[{"damage_healed":0,"gold_gain":0,"cards_transformed":["Strike_R"],"player_choice":"Transformed","damage_taken":0,"max_hp_gain":0,"max_hp_loss":0,"event_name":"Transmorgrifier","floor":2,"gold_loss":0,"cards_obtained":["Whirlwind"]},{"damage_healed":0,"gold_gain":0,"player_choice":"Donut","damage_taken":0,"max_hp_gain":5,"max_hp_loss":0,"event_name":"Big Fish","floor":10,"gold_loss":0},{"damage_healed":0,"gold_gain":0,"player_choice":"Entered Light","damage_taken":17,"max_hp_gain":0,"max_hp_loss":0,"event_name":"Shining Light","floor":11,"gold_loss":0,"cards_upgraded":["Strike_R","Defend_R"]}],"is_beta":false,"boss_relics":[],"items_purged_floors":[],"is_endless":false,"potions_floor_spawned":[1,4,7,14],"killed_by":"Hexaghost","ascension_level":12}