{"gold_per_floor":[117,136,147,147,147,176,192,192,192,222,241,57,67,96,96,195,195,212,212,199,199,298,298],"floor_reached":23,"playtime":1488,"items_purged":[],"score":232,"play_id":"e0c67f14-4916-4a7e-8bb2-211fc95bbecd","local_time":"20180817212529","is_ascension_mode":true,"campfire_choices":[{"floor":8,"key":"REST"},{"floor":15,"key":"REST"}],"neow_cost":"TEN_PERCENT_HP_LOSS","seed_source_timestamp":1670875518580,"circlet_count":0,"master_deck":["Strike_R","Strike_R","Strike_R","Strike_R","Strike_R","Defend_R","Defend_R","Defend_R","Defend_R","Bash","Demon Form+1","Rage","Shrug It Off","Evolve","Blood for Blood+1","True Grit","Headbutt+1","Apotheosis","Flame Barrier","Double Tap","Impervious","Twin Strike+1","Headbutt+1","Demon Form"],"relics":["Black Blood","Molten Egg 2","Ice Cream","Magic Flower","Champion Belt","Gambling Chip"],"potions_floor_usage":[6,14,16,20,23],"damage_taken":[{"damage":10,"enemies":"Small Slimes","floor":1,"turns":4},{"damage":9,"enemies":"Cultist","floor":2,"turns":5},{"damage":2,"enemies":"Jaw Worm","floor":3,"turns":4},{"damage":13,"enemies":"Gremlin Nob","floor":6,"turns":4},{"damage":22,"enemies":"Exordium Thugs","floor":7,"turns":5},{"damage":36,"enemies":"Lagavulin","floor":10,"turns":6},{"damage":6,"enemies":"Blue Slaver","floor":11,"turns":5},{"damage":7,"enemies":"2 Fungi Beasts","floor":13,"turns":4},{"damage":17,"enemies":"3 Sentries","floor":14,"turns":7},{"damage":24,"enemies":"Hexaghost","floor":16,"turns":6},{"damage":29,"enemies":"3 Byrds","floor":18,"turns":4},{"damage":11,"enemies":"2 Thieves","floor":20,"turns":4},{"damage":63,"enemies":"Gremlin Leader","floor":23,"turns":3}],"seed_played":"6550497699091787017","potions_obtained":[{"floor":1,"key":"Weak Potion"},{"floor":11,"key":"Block Potion"},{"floor":14,"key":"Poison Potion"},{"floor":16,"key":"Dexterity Potion"},{"floor":20,"key":"Block Potion"}],"is_trial":false,"path_per_floor":["M","M","M","?","?","E","M","R","T","E","M","$","M","E","R","B",null,"M","?","M","?","?"],"character_chosen":"IRONCLAD","items_purchased":["Apotheosis"],"campfire_rested":2,"item_purchase_floors":[12],"current_hp_per_floor":[68,65,69,69,57,50,34,55,55,28,31,31,33,25,46,31,72,58,58,62,62,62,0],"gold":298,"neow_bonus":"THREE_RARE_CARDS","is_prod":false,"is_daily":false,"chose_seed":false,"campfire_upgraded":0,"win_rate":0,"timestamp":1534533929,"path_taken":["M","M","M","?","?","E","M","R","T","E","M","$","M","E","R","BOSS","M","?","M","?","?","E"],"build_version":"2018-08-16","purchased_purges":0,"victory":false,"max_hp_per_floor":[72,72,72,72,72,72,72,72,72,72,72,72,72,72,72,72,72,72,72,72,72,72,72],"card_choices":[{"not_picked":["Brutality","Dark Embrace"],"picked":"Demon Form","floor":0},{"not_picked":["Entrench","Intimidate"],"picked":"Rage","floor":1},{"not_picked":["Clash","Clothesline"],"picked":"Shrug It Off","floor":2},{"not_picked":["Burning Pact","Clash"],"picked":"Evolve","floor":3},{"not_picked":["Seeing Red","Flex"],"picked":"Blood for Blood+1","floor":6},{"not_picked":["Rupture","Bloodletting"],"picked":"True Grit","floor":7},{"not_picked":["Havoc","Disarm"],"picked":"Sever Soul+1","floor":10},{"not_picked":["Havoc","Sentinel"],"picked":"Headbutt+1","floor":11},{"not_picked":["Searing Blow+1","Flex"],"picked":"Flame Barrier","floor":13},{"not_picked":["Havoc","Metallicize"],"picked":"Double Tap","floor":14},{"not_picked":["Fiend Fire+1","Bludgeon+1"],"picked":"Impervious","floor":16},{"not_picked":["Combust+1","Clash+1"],"picked":"Twin Strike+1","floor":18},{"not_picked":["Thunderclap+1","Perfected Strike+1"],"picked":"Headbutt+1","floor":20}],"player_experience":149126,"relics_obtained":[{"floor":6,"key":"Ice Cream"},{"floor":9,"key":"Magic Flower"},{"floor":10,"key":"Champion Belt"},{"floor":14,"key":"Gambling Chip"}],"event_choices":[{"event_name":"Upgrade Shrine","player_choice":"Upgraded","floor":4,"damage_taken":0},{"event_name":"Scrap Ooze","player_choice":"success","floor":5,"damage_taken":12},{"event_name":"Purifier","player_choice":"One Purge","floor":19,"damage_taken":0},{"event_name":"The Library","player_choice":"Read","floor":21,"damage_taken":0},{"event_name":"Nest","player_choice":"Stole From Cult","floor":22,"damage_taken":0}],"is_beta":false,"boss_relics":[{"not_picked":["Empty Cage","Orrery"],"picked":"Black Blood"}],"items_purged_floors":[],"is_endless":false,"potions_floor_spawned":[1,11,14,16,20],"killed_by":"Gremlin Leader","ascension_level":2}