{"path_per_floor":["M","?","$","M","M","R","E","M","T","M","?","M","E","?","R","B",null,"M","?","?","?","?","R","E","M","T","T","E","M","?","M","R","B",null,"M","?","M","M","?"],"character_chosen":"IRONCLAD","items_purchased":[],"gold_per_floor":[11,86,86,103,116,116,148,165,165,181,209,223,258,258,258,363,363,379,379,379,408,408,408,440,450,450,476,504,515,515,529,529,627,627,641,863,881,898,953],"floor_reached":40,"campfire_rested":0,"playtime":3798,"current_hp_per_floor":[96,85,85,91,89,89,68,68,68,65,64,63,52,45,45,28,96,89,89,89,71,71,79,47,55,69,69,47,42,78,74,84,19,110,101,101,102,106,69],"items_purged":[],"gold":953,"score":436,"play_id":"0ea61c11-f9a8-43d8-ad5d-272e4c444f48","is_prod":false,"is_daily":false,"is_ascension_mode":false,"campfire_upgraded":4,"path_taken":["M","?","$","?","M","R","E","M","T","M","?","M","E","?","R","BOSS","M","?","?","?","?","R","E","M","T","?","E","?","?","M","R","BOSS","M","?","M","?","?","E"],"build_version":"2018-02-07-BETA1","purchased_purges":0,"victory":false,"master_deck":["Strike_R+1","Strike_R+1","Strike_R+1","Strike_R+1","Strike_R+1","Defend_R+1","Defend_R+1","Defend_R+1","Defend_R+1","Bash","Shrug It Off","Heavy Blade","Rampage+1","Uppercut","Disarm","Flex+1","Clash","Bludgeon","Inflame+1","Headbutt","Writhe","Flex+1","Shockwave","Battle Trance+1","Seeing Red","Dropkick+1","Pommel Strike+1","Blood for Blood+1","Clash+1","Dropkick","Blood for Blood+1"],"max_hp_per_floor":[96,96,96,96,96,96,96,96,96,96,96,96,96,96,96,96,96,96,96,96,96,96,96,96,96,110,110,110,110,110,110,110,110,110,110,110,110,110,110],"relics":["Burning Blood","Orichalcum","Du-Vu Doll","Odd Mushroom","Calipers","Smiling Mask","Eternal Feather","Red Mask","Prayer Wheel","Ancient Tea Set","Mango","Bag of Preparation","Regal Pillow","Sozu","Torii"],"card_choices":[{"not_picked":["Sword Boomerang","Corruption"],"picked":"Shrug It Off"},{"not_picked":["Fire Breathing","Sword Boomerang"],"picked":"Heavy Blade"},{"not_picked":["Twin Strike","Fire Breathing"],"picked":"Rampage"},{"not_picked":["Offering","Corruption"],"picked":"Uppercut"},{"not_picked":["Rampage","Anger"],"picked":"Disarm"},{"not_picked":["Body Slam","Twin Strike"],"picked":"Flex"},{"not_picked":["Intimidate","Armaments"],"picked":"Clash"},{"not_picked":["Barricade","Dark Embrace"],"picked":"Bludgeon"},{"not_picked":["Flex","Heavy Blade"],"picked":"Inflame"},{"not_picked":["Shrug It Off","Pommel Strike"],"picked":"Headbutt"},{"not_picked":["Headbutt","Disarm"],"picked":"Flex"},{"not_picked":["Headbutt","Clash"],"picked":"Shockwave"},{"not_picked":["Feel No Pain","Armaments"],"picked":"Battle Trance"},{"not_picked":["Warcry","Rampage"],"picked":"Seeing Red"},{"not_picked":["Blood for Blood","Uppercut"],"picked":"Dropkick"},{"not_picked":["Twin Strike","Warcry"],"picked":"Pommel Strike"},{"not_picked":["Pommel Strike","Sword Boomerang"],"picked":"Blood for Blood"},{"not_picked":["Reckless Charge","Fire Breathing"],"picked":"Clash"},{"not_picked":["Searing Blow","Sever Soul"],"picked":"Dropkick"},{"not_picked":["Iron Wave","Second Wind"],"picked":"Blood for Blood"}],"player_experience":47381,"potions_floor_usage":[11,11,16,16,25,28,29,33],"damage_taken":[{"damage":0,"enemies":"Small Slimes","floor":1,"turns":3},{"damage":0,"enemies":"Jaw Worm","floor":4,"turns":4},{"damage":8,"enemies":"Blue Slaver","floor":5,"turns":7},{"damage":27,"enemies":"Gremlin Nob","floor":7,"turns":4},{"damage":6,"enemies":"Looter","floor":8,"turns":3},{"damage":9,"enemies":"3 Louse","floor":10,"turns":3},{"damage":7,"enemies":"The Mushroom Lair","floor":11,"turns":4},{"damage":7,"enemies":"Lots of Slimes","floor":12,"turns":5},{"damage":17,"enemies":"3 Sentries","floor":13,"turns":9},{"damage":23,"enemies":"The Guardian","floor":16,"turns":8},{"damage":13,"enemies":"3 Byrds","floor":18,"turns":8},{"damage":24,"enemies":"Masked Bandits","floor":21,"turns":5},{"damage":38,"enemies":"Book of Stabbing","floor":24,"turns":6},{"damage":4,"enemies":"Spheric Guardian","floor":25,"turns":3},{"damage":43,"enemies":"Slavers","floor":28,"turns":8},{"damage":20,"enemies":"Centurion and Healer","floor":29,"turns":5},{"damage":10,"enemies":"Snake Plant","floor":31,"turns":4},{"damage":71,"enemies":"Collector","floor":33,"turns":10},{"damage":15,"enemies":"3 Shapes","floor":35,"turns":4},{"damage":5,"enemies":"Orb Walker","floor":37,"turns":2},{"damage":2,"enemies":"Maw","floor":38,"turns":6},{"damage":43,"enemies":"Mysterious Sphere","floor":39,"turns":4},{"damage":72,"enemies":"Nemesis","floor":40,"turns":9}],"event_choices":[{"event_name":"World of Goop","player_choice":"Gather Gold","floor":2,"damage_taken":0},{"event_name":"Mushrooms","player_choice":"Fought Mushrooms","floor":11,"damage_taken":0},{"event_name":"Scrap Ooze","player_choice":"success","floor":14,"damage_taken":7},{"event_name":"Back to Basics","player_choice":"Simplicity","floor":19,"damage_taken":0},{"event_name":"Transmorgrifier","player_choice":"Skipped","floor":20,"damage_taken":0},{"event_name":"Masked Bandits","player_choice":"Fought over 379 gold","floor":21,"damage_taken":0},{"event_name":"The Mausoleum","player_choice":"Yes","floor":22,"damage_taken":0},{"event_name":"The Library","player_choice":"Heal","floor":30,"damage_taken":0},{"event_name":"Tomb of Lord Red Mask","player_choice":"Wore Mask","floor":36,"damage_taken":0},{"event_name":"Mysterious Sphere","player_choice":"Fight","floor":39,"damage_taken":0}],"boss_relics":[{"not_picked":["Orrery","Tiny House"],"picked":"Eternal Feather"},{"not_picked":["Velvet Choker","Snecko Eye"],"picked":"Sozu"}],"potions_floor_spawned":[4,8,10,11,16,21,24,31,37],"seed_played":"1301499441928874422","killed_by":"Nemesis","ascension_level":0,"is_trial":false}