{"gold_per_floor":[114,45,60,73,32,62,62,96,96,96,111,111,17,46,46,143,143,162,162,87,60,80,106,32,59,59,59,76,76,76,76,76,175,175,186,199,1198,500,510,538,557,585,585,612,612,642,642,31,31,31],"floor_reached":51,"playtime":3868,"items_purged":["Strike_B","Defend_B"],"score":915,"play_id":"c2558a52-ca6c-4b77-8bca-c011903f1e20","local_time":"20180825221302","is_ascension_mode":true,"campfire_choices":[{"data":"Defragment","floor":7,"key":"SMITH"},{"data":"Capacitor","floor":12,"key":"SMITH"},{"data":"Discovery","floor":15,"key":"SMITH"},{"floor":27,"key":"REST"},{"data":"Chill","floor":29,"key":"SMITH"},{"data":"Go for the Eyes","floor":32,"key":"SMITH"},{"data":"Apotheosis","floor":45,"key":"SMITH"},{"floor":47,"key":"REST"},{"data":"White Noise","floor":49,"key":"SMITH"}],"neow_cost":"NONE","seed_source_timestamp":997866054200,"circlet_count":0,"master_deck":["Defend_B","Defend_B+1","Defend_B","Zap+1","Dualcast","Go for the Eyes+1","Self Repair","Cold Snap","Defragment+1","Capacitor+1","Discovery+1","Hologram+1","Machine Learning","Skim","Leap+1","Blizzard","Chill+1","Defragment+1","Conserve Battery","Multi-Cast","Consume","Conserve Battery+1","Apotheosis+1","Loop+1","Cold Snap","Darkness+1","Loop+1","White Noise+1","Coolheaded"],"relics":["Cracked Core","War Paint","Thread and Needle","StoneCalendar","Torii","Omamori","Odd Mushroom","Empty Cage","Frozen Egg 2","Bottled Flame","Singing Bowl","CultistMask","Busted Crown","Chemical X","Oddly Smooth Stone","Anchor","Bronze Scales","Question Card","Potion Belt","Regal Pillow","Happy Flower","Toy Ornithopter"],"potions_floor_usage":[6,16,16,23,25,25,25,50,50,50],"damage_taken":[{"damage":1,"enemies":"Cultist","floor":1,"turns":3},{"damage":0,"enemies":"Jaw Worm","floor":3,"turns":3},{"damage":8,"enemies":"2 Louse","floor":4,"turns":2},{"damage":21,"enemies":"Gremlin Nob","floor":6,"turns":5},{"damage":24,"enemies":"3 Sentries","floor":8,"turns":9},{"damage":8,"enemies":"Red Slaver","floor":11,"turns":3},{"damage":1,"enemies":"The Mushroom Lair","floor":14,"turns":2},{"damage":22,"enemies":"The Guardian","floor":16,"turns":10},{"damage":8,"enemies":"Spheric Guardian","floor":18,"turns":4},{"damage":38,"enemies":"2 Thieves","floor":21,"turns":5},{"damage":1,"enemies":"Snecko","floor":22,"turns":6},{"damage":21,"enemies":"Book of Stabbing","floor":23,"turns":6},{"damage":12,"enemies":"Slavers","floor":25,"turns":6},{"damage":7,"enemies":"Shelled Parasite and Fungi","floor":28,"turns":7},{"damage":17,"enemies":"Collector","floor":33,"turns":8},{"damage":19,"enemies":"Flame Bruiser 1 Orb","floor":35,"turns":6},{"damage":0,"enemies":"Orb Walker","floor":36,"turns":5},{"damage":1,"enemies":"Spire Growth","floor":39,"turns":9},{"damage":0,"enemies":"Giant Head","floor":40,"turns":10},{"damage":12,"enemies":"Sphere and 2 Shapes","floor":41,"turns":6},{"damage":14,"enemies":"2 Orb Walkers","floor":42,"turns":8},{"damage":1,"enemies":"Nemesis","floor":44,"turns":11},{"damage":57,"enemies":"2 Orb Walkers","floor":46,"turns":7},{"damage":1,"enemies":"Donu and Deca","floor":50,"turns":8}],"seed_played":"-8231540163217645305","potions_obtained":[{"floor":3,"key":"Block Potion"},{"floor":11,"key":"Strength Potion"},{"floor":14,"key":"SkillPotion"},{"floor":16,"key":"Swift Potion"},{"floor":18,"key":"LiquidBronze"},{"floor":22,"key":"Dexterity Potion"},{"floor":23,"key":"Explosive Potion"},{"floor":39,"key":"SpeedPotion"},{"floor":40,"key":"Weak Potion"},{"floor":41,"key":"SpeedPotion"},{"floor":42,"key":"Dexterity Potion"}],"is_trial":false,"path_per_floor":["M","$","M","M","$","E","R","E","T","?","M","R","$","?","R","B",null,"M","?","?","M","M","E","$","E","T","R","M","R","?","?","R","B",null,"M","M","?","$","M","E","M","E","T","E","R","E","R","$","R","B"],"character_chosen":"DEFECT","items_purchased":["Self Repair","Capacitor","Discovery","Defragment+1","Apotheosis","Loop+1","Chemical X","Oddly Smooth Stone","Happy Flower","Loop+1","White Noise","Coolheaded","Toy Ornithopter"],"campfire_rested":2,"item_purchase_floors":[2,5,13,24,38,38,38,38,48,48,48,48,48],"current_hp_per_floor":[74,74,75,74,74,60,60,43,43,31,30,30,30,36,36,14,75,74,74,74,43,49,35,35,30,30,52,54,54,54,54,54,44,77,65,65,65,65,76,81,81,76,76,85,85,38,78,78,78,85],"gold":31,"neow_bonus":"RANDOM_COMMON_RELIC","is_prod":false,"is_daily":false,"chose_seed":false,"campfire_upgraded":7,"win_rate":0,"timestamp":1535227982,"path_taken":["M","$","M","?","?","E","R","E","T","?","M","R","$","?","R","BOSS","M","?","?","M","?","E","$","E","T","R","?","R","?","?","R","BOSS","M","M","?","$","M","E","M","E","T","E","R","E","R","$","R","BOSS"],"build_version":"2018-08-23v2","purchased_purges":2,"victory":true,"max_hp_per_floor":[75,75,75,75,75,75,75,75,75,75,75,75,75,75,75,75,75,75,75,75,75,75,75,75,75,75,75,77,77,77,77,77,77,77,77,77,77,77,79,81,83,85,85,85,85,85,85,85,85,85],"card_choices":[{"not_picked":["Hologram","Turbo"],"picked":"Go for the Eyes","floor":1},{"not_picked":["Hologram","Leap"],"picked":"Cold Snap","floor":3},{"not_picked":["Hologram","Streamline"],"picked":"Defragment","floor":4},{"not_picked":["Barrage","Doom and Gloom","Turbo"],"picked":"SKIP","floor":6},{"not_picked":["Rebound","Barrage","Hello World"],"picked":"SKIP","floor":8},{"not_picked":["Turbo","Gash","Creative AI"],"picked":"SKIP","floor":11},{"not_picked":["Rip and Tear","Ball Lightning"],"picked":"Hologram","floor":14},{"not_picked":["Echo Form","Biased Cognition"],"picked":"Machine Learning","floor":16},{"not_picked":["Darkness+1","Compile Driver","Rebound"],"picked":"SKIP","floor":18},{"not_picked":["Sweeping Beam","Genetic Algorithm+1"],"picked":"Leap+1","floor":21},{"not_picked":["Gash","Stack"],"picked":"Blizzard","floor":22},{"not_picked":["Melter+1","Rip and Tear"],"picked":"Chill","floor":23},{"not_picked":["Turbo+1","Double Energy"],"picked":"Conserve Battery","floor":25},{"not_picked":["Streamline","Rebound","Darkness+1"],"picked":"Singing Bowl","floor":28},{"not_picked":["Fission","Core Surge"],"picked":"Multi-Cast","floor":33},{"not_picked":[],"picked":"Consume","floor":35},{"not_picked":[],"picked":"Conserve Battery+1","floor":36},{"not_picked":["Steam+1"],"picked":"Singing Bowl","floor":39},{"not_picked":["Fission"],"picked":"Singing Bowl","floor":40},{"not_picked":["Rebound+1"],"picked":"Singing Bowl","floor":41},{"not_picked":["Gash"],"picked":"Singing Bowl","floor":42},{"not_picked":["Barrage"],"picked":"Cold Snap","floor":44},{"not_picked":["Compile Driver"],"picked":"Darkness+1","floor":46}],"player_experience":176136,"relics_obtained":[{"floor":6,"key":"Thread and Needle"},{"floor":8,"key":"StoneCalendar"},{"floor":9,"key":"Torii"},{"floor":14,"key":"Odd Mushroom"},{"floor":23,"key":"Frozen Egg 2"},{"floor":25,"key":"Bottled Flame"},{"floor":26,"key":"Singing Bowl"},{"floor":40,"key":"Anchor"},{"floor":42,"key":"Bronze Scales"},{"floor":43,"key":"Question Card"},{"floor":44,"key":"Potion Belt"},{"floor":46,"key":"Regal Pillow"}],"event_choices":[{"event_name":"Scrap Ooze","player_choice":"success","floor":10,"damage_taken":12},{"event_name":"Mushrooms","player_choice":"Fought Mushrooms","floor":14,"damage_taken":0},{"event_name":"The Library","player_choice":"Read","floor":19,"damage_taken":0},{"event_name":"Beggar","player_choice":"Gave Gold","floor":20,"damage_taken":0},{"event_name":"FaceTrader","player_choice":"Trade","floor":30,"damage_taken":0},{"event_name":"Upgrade Shrine","player_choice":"Upgraded","floor":31,"damage_taken":0},{"event_name":"MindBloom","player_choice":"Gold","floor":37,"damage_taken":0}],"is_beta":false,"boss_relics":[{"not_picked":["White Beast Statue","Fusion Hammer"],"picked":"Empty Cage"},{"not_picked":["Runic Pyramid","Nuclear Battery"],"picked":"Busted Crown"}],"items_purged_floors":[38,48],"is_endless":false,"potions_floor_spawned":[3,11,14,16,18,22,23,39,40,41,42],"ascension_level":2}