{"gold_per_floor":[118,118,138,13,27,52,52,81,81,81,10,21,21,52,52,151,151,162,162,162,147,246,273,273,293,293,313,93,93,125,125,125,230,230,245,257,274,286,286],"floor_reached":39,"playtime":2556,"items_purged":["Strike_R"],"score":574,"play_id":"f6eb2de5-c747-4186-9cde-9340a8129b11","local_time":"20190323194645","is_ascension_mode":true,"campfire_choices":[{"data":"Armaments","floor":7,"key":"SMITH"},{"floor":10,"key":"REST"},{"data":"Entrench","floor":13,"key":"SMITH"},{"data":"Offering","floor":15,"key":"SMITH"},{"floor":24,"key":"REST"},{"floor":29,"key":"REST"},{"data":"Flame Barrier","floor":32,"key":"SMITH"}],"neow_cost":"NONE","seed_source_timestamp":79541924312780,"circlet_count":0,"master_deck":["Strike_R","Strike_R","Strike_R","Strike_R","Defend_R","Defend_R+1","Defend_R","Defend_R","Bash","Pommel Strike","Inflame","Pommel Strike","Shrug It Off","Shrug It Off+1","Armaments+1","Metallicize","Entrench+1","Offering+1","Juggernaut","Metallicize","Flame Barrier+1","Shrug It Off","True Grit+1","Impervious"],"relics":["Burning Blood","Regal Pillow","Matryoshka","Bronze Scales","War Paint","Kunai","Singing Bowl","Philosopher\u0027s Stone","Blood Vial","Potion Belt","Bottled Lightning","Anchor","Bag of Marbles","Runic Cube"],"potions_floor_usage":[6,6,14,19,23,27,33,39],"damage_taken":[{"damage":4,"enemies":"2 Louse","floor":1,"turns":3},{"damage":7,"enemies":"Jaw Worm","floor":3,"turns":4},{"damage":1,"enemies":"Cultist","floor":5,"turns":3},{"damage":22,"enemies":"Lagavulin","floor":6,"turns":10},{"damage":29,"enemies":"3 Sentries","floor":8,"turns":11},{"damage":2,"enemies":"Exordium Thugs","floor":12,"turns":5},{"damage":18,"enemies":"Gremlin Nob","floor":14,"turns":3},{"damage":13,"enemies":"The Guardian","floor":16,"turns":14},{"damage":10,"enemies":"Chosen","floor":18,"turns":5},{"damage":0,"enemies":"Colosseum Slavers","floor":19,"turns":1},{"damage":11,"enemies":"2 Thieves","floor":21,"turns":4},{"damage":68,"enemies":"Gremlin Leader","floor":23,"turns":8},{"damage":11,"enemies":"3 Cultists","floor":25,"turns":6},{"damage":24,"enemies":"Snake Plant","floor":27,"turns":4},{"damage":16,"enemies":"Slavers","floor":30,"turns":5},{"damage":57,"enemies":"Champ","floor":33,"turns":14},{"damage":9,"enemies":"3 Darklings","floor":35,"turns":5},{"damage":18,"enemies":"Orb Walker","floor":36,"turns":6},{"damage":23,"enemies":"3 Darklings","floor":37,"turns":6},{"damage":20,"enemies":"Spire Growth","floor":38,"turns":6},{"damage":57,"enemies":"Transient","floor":39,"turns":5}],"seed_played":"5205199485053676575","potions_obtained":[{"floor":1,"key":"SpeedPotion"},{"floor":5,"key":"Weak Potion"},{"floor":6,"key":"SmokeBomb"},{"floor":14,"key":"Fruit Juice"},{"floor":21,"key":"GamblersBrew"},{"floor":25,"key":"PowerPotion"},{"floor":30,"key":"SkillPotion"},{"floor":38,"key":"Weak Potion"}],"is_trial":false,"path_per_floor":["M","?","M","$","M","E","R","E","T","R","$","M","R","E","R","B",null,"M","?","?","M","?","E","R","M","T","M","$","R","E","?","R","B",null,"M","M","M","M","M"],"character_chosen":"IRONCLAD","items_purchased":["Shrug It Off","Entrench","Anchor","EssenceOfSteel"],"campfire_rested":3,"item_purchase_floors":[4,11,28,28],"current_hp_per_floor":[80,62,61,61,66,50,50,27,27,66,66,70,70,65,65,58,80,78,84,84,79,79,19,61,58,58,42,42,84,78,93,93,42,80,81,73,60,50,0],"gold":286,"neow_bonus":"THREE_CARDS","is_prod":false,"is_daily":false,"chose_seed":false,"campfire_upgraded":4,"win_rate":0,"timestamp":1553395605,"path_taken":["M","?","M","$","M","E","R","E","T","R","?","M","R","E","R","BOSS","M","?","?","M","?","E","R","M","T","M","$","R","E","?","R","BOSS","M","M","?","M","M"],"build_version":"2019-01-23","purchased_purges":1,"victory":false,"max_hp_per_floor":[80,80,80,80,80,80,80,80,80,80,80,80,80,87,87,87,87,89,89,89,89,89,91,91,91,91,91,91,91,93,93,93,93,93,95,97,99,101,101],"card_choices":[{"not_picked":["Warcry","Dual Wield"],"picked":"Pommel Strike","floor":0},{"not_picked":["Seeing Red","Thunderclap"],"picked":"Inflame","floor":1},{"not_picked":["Intimidate","Disarm"],"picked":"Pommel Strike","floor":3},{"not_picked":["Power Through","Uppercut"],"picked":"Shrug It Off","floor":5},{"not_picked":["Shockwave","Thunderclap"],"picked":"Armaments","floor":6},{"not_picked":["Feel No Pain","Clash"],"picked":"Metallicize","floor":8},{"not_picked":["Twin Strike","Wild Strike"],"picked":"Offering","floor":12},{"not_picked":["Heavy Blade","Twin Strike","True Grit"],"picked":"Singing Bowl","floor":14},{"not_picked":["Reaper","Brutality"],"picked":"Juggernaut","floor":16},{"not_picked":["Sever Soul","Perfected Strike+1","Reckless Charge"],"picked":"Singing Bowl","floor":18},{"not_picked":["Heavy Blade","Seeing Red"],"picked":"Flame Barrier","floor":21},{"not_picked":["Rupture","Twin Strike","Carnage"],"picked":"Singing Bowl","floor":23},{"not_picked":["Cleave+1","Wild Strike"],"picked":"Shrug It Off","floor":25},{"not_picked":["Heavy Blade+1","Shockwave"],"picked":"True Grit+1","floor":27},{"not_picked":["Flex","Heavy Blade","Anger"],"picked":"Singing Bowl","floor":30},{"not_picked":["Immolate","Double Tap"],"picked":"Impervious","floor":33},{"not_picked":["Cleave+1","Feel No Pain","Corruption+1"],"picked":"Singing Bowl","floor":35},{"not_picked":["Warcry+1","Heavy Blade","Infernal Blade+1"],"picked":"Singing Bowl","floor":36},{"not_picked":["Havoc+1","Pummel+1","Seeing Red"],"picked":"Singing Bowl","floor":37},{"not_picked":["Blood for Blood+1","Sword Boomerang","Flex"],"picked":"Singing Bowl","floor":38}],"player_experience":233308,"relics_obtained":[{"floor":6,"key":"Matryoshka"},{"floor":8,"key":"Bronze Scales"},{"floor":9,"key":"War Paint"},{"floor":9,"key":"Kunai"},{"floor":14,"key":"Singing Bowl"},{"floor":23,"key":"Blood Vial"},{"floor":26,"key":"Potion Belt"},{"floor":26,"key":"Bottled Lightning"},{"floor":30,"key":"Bag of Marbles"}],"event_choices":[{"damage_healed":0,"gold_gain":0,"player_choice":"Success","damage_taken":18,"relics_obtained":["Regal Pillow"],"max_hp_gain":0,"max_hp_loss":0,"event_name":"Scrap Ooze","floor":2,"gold_loss":0},{"damage_healed":0,"gold_gain":0,"player_choice":"Fight","damage_taken":0,"max_hp_gain":0,"max_hp_loss":0,"event_name":"Colosseum","floor":19,"gold_loss":0},{"damage_healed":0,"gold_gain":0,"player_choice":"Fled From Nobs","damage_taken":0,"max_hp_gain":0,"max_hp_loss":0,"event_name":"Colosseum","floor":19,"gold_loss":0},{"damage_healed":0,"gold_gain":0,"player_choice":"Read","damage_taken":0,"max_hp_gain":0,"max_hp_loss":0,"event_name":"The Library","floor":20,"gold_loss":0,"cards_obtained":["Metallicize"]},{"damage_healed":0,"gold_gain":99,"player_choice":"Stole From Cult","damage_taken":0,"max_hp_gain":0,"max_hp_loss":0,"event_name":"Nest","floor":22,"gold_loss":0},{"damage_healed":15,"gold_gain":0,"player_choice":"Full Heal","damage_taken":0,"max_hp_gain":0,"max_hp_loss":0,"event_name":"Wheel of Change","floor":31,"gold_loss":0}],"is_beta":false,"boss_relics":[{"not_picked":["Ectoplasm","Eternal Feather"],"picked":"Philosopher\u0027s Stone"},{"not_picked":["Velvet Choker","Snecko Eye"],"picked":"Runic Cube"}],"items_purged_floors":[4],"is_endless":false,"potions_floor_spawned":[1,5,6,14,19,21,25,30,38],"killed_by":"Transient","ascension_level":5}