{"gold_per_floor":[117,136,39,39,39,39,64,75,102,5,17,17,50,67,67,168,168,178,191,191,203,203],"floor_reached":22,"playtime":983,"items_purged":[],"score":206,"play_id":"cd751cb7-2b7a-42b4-adf0-a098d55707dd","local_time":"20181015222358","is_ascension_mode":true,"campfire_choices":[{"data":"Deadly Poison","floor":6,"key":"SMITH"},{"floor":12,"key":"REST"},{"floor":15,"key":"REST"}],"neow_cost":"NONE","seed_source_timestamp":3179568117000,"circlet_count":0,"master_deck":["Defend_G","Defend_G","Defend_G","Defend_G","Defend_G+1","Strike_G","Strike_G","Strike_G","Strike_G","Survivor","Neutralize","Die Die Die","All Out Attack","Deadly Poison+1","Poisoned Stab","Distraction+1","Leg Sweep","Deadly Poison","Bandage Up","Night Terror","Poisoned Stab","Malaise","Underhanded Strike+1","Escape Plan+1","Distraction","Accuracy","Dash"],"relics":["Ring of the Snake","War Paint","PreservedInsect","Sundial","Omamori","Ninja Scroll","Astrolabe"],"potions_floor_usage":[16,18,22],"damage_taken":[{"damage":6,"enemies":"Cultist","floor":1,"turns":4},{"damage":0,"enemies":"2 Louse","floor":2,"turns":2},{"damage":23,"enemies":"Lagavulin","floor":7,"turns":5},{"damage":4,"enemies":"Jaw Worm","floor":8,"turns":2},{"damage":4,"enemies":"2 Fungi Beasts","floor":11,"turns":4},{"damage":11,"enemies":"Gremlin Nob","floor":13,"turns":3},{"damage":9,"enemies":"Large Slime","floor":14,"turns":6},{"damage":48,"enemies":"The Guardian","floor":16,"turns":8},{"damage":4,"enemies":"Shell Parasite","floor":18,"turns":5},{"damage":25,"enemies":"Spheric Guardian","floor":19,"turns":5},{"damage":30,"enemies":"Snake Plant","floor":21,"turns":6},{"damage":23,"enemies":"Cultist and Chosen","floor":22,"turns":7}],"seed_played":"-2466444788811361029","potions_obtained":[{"floor":1,"key":"Swift Potion"},{"floor":8,"key":"LiquidBronze"},{"floor":16,"key":"SpeedPotion"},{"floor":18,"key":"SmokeBomb"},{"floor":21,"key":"Weak Potion"}],"is_trial":false,"path_per_floor":["M","M","$","?","?","R","E","M","T","$","M","R","E","M","R","B",null,"M","M","?","M"],"character_chosen":"THE_SILENT","items_purchased":["Poisoned Stab","Distraction","Bandage Up"],"campfire_rested":2,"item_purchase_floors":[3,3,10],"current_hp_per_floor":[64,64,64,64,57,57,34,30,30,30,30,51,44,39,60,16,70,66,45,45,19,0],"gold":203,"neow_bonus":"ONE_RANDOM_RARE_CARD","is_prod":false,"is_daily":false,"chose_seed":false,"campfire_upgraded":1,"win_rate":0,"timestamp":1539635038,"path_taken":["M","?","$","?","?","R","E","?","T","$","?","R","E","M","R","BOSS","M","M","?","M","?"],"build_version":"2018-10-11","purchased_purges":0,"victory":false,"max_hp_per_floor":[70,70,70,70,70,70,70,70,70,70,70,70,70,70,70,70,70,70,70,70,70,70],"card_choices":[{"not_picked":["Slice","Flechettes"],"picked":"All Out Attack","floor":1},{"not_picked":["Dodge and Roll","Outmaneuver"],"picked":"Deadly Poison","floor":2},{"not_picked":["Footwork","Endless Agony"],"picked":"Leg Sweep","floor":7},{"not_picked":["Reflex","Backflip"],"picked":"Deadly Poison","floor":8},{"not_picked":["Masterful Stab","Setup"],"picked":"Bane","floor":11},{"not_picked":["Distraction","Bane"],"picked":"Night Terror","floor":13},{"not_picked":["Sucker Punch","Leg Sweep"],"picked":"Poisoned Stab","floor":14},{"not_picked":["After Image","Tools of the Trade"],"picked":"Malaise","floor":16},{"not_picked":["Calculated Gamble","Choke"],"picked":"Distraction","floor":18},{"not_picked":["Caltrops","Setup"],"picked":"Accuracy","floor":19},{"not_picked":["Acrobatics+1","Reflex"],"picked":"Dash","floor":21}],"player_experience":253096,"relics_obtained":[{"floor":7,"key":"Sundial"},{"floor":9,"key":"Omamori"},{"floor":13,"key":"Ninja Scroll"}],"event_choices":[{"event_name":"Big Fish","player_choice":"Box","floor":4,"damage_taken":0},{"event_name":"Scrap Ooze","player_choice":"success","floor":5,"damage_taken":7},{"event_name":"Ghosts","player_choice":"Ignored","floor":20,"damage_taken":0}],"is_beta":false,"boss_relics":[{"not_picked":["Tiny House","Lizard Tail"],"picked":"Astrolabe"}],"items_purged_floors":[],"is_endless":false,"potions_floor_spawned":[1,8,16,18,21],"killed_by":"Cultist and Chosen","ascension_level":1}