{"gold_per_floor":[115,115,40,59,70,70,96,96,96,126,36,65,65,130,130,206,206,219,219,169,169],"floor_reached":21,"playtime":1044,"items_purged":["Pain"],"score":386,"play_id":"f07eb36e-4ed3-4f8e-b4a8-9451bbcb0067","local_time":"20190526005326","is_ascension_mode":true,"campfire_choices":[{"data":"Demon Form","floor":6,"key":"SMITH"},{"floor":13,"key":"RECALL"},{"floor":15,"key":"REST"}],"neow_cost":"NONE","seed_source_timestamp":290997392489193,"circlet_count":0,"master_deck":["AscendersBane","Strike_R","Strike_R","Strike_R","Strike_R","Strike_R","Defend_R","Defend_R","Defend_R","Defend_R","Bash","Battle Trance","Feel No Pain","Demon Form+1","Dropkick","Sword Boomerang","Sword Boomerang","Parasite","Shrug It Off","Dramatic Entrance","Reckless Charge","Double Tap","Fiend Fire","Sword Boomerang","Ghostly","Ghostly","Ghostly+1"],"relics":["Burning Blood","Frozen Egg 2","Paper Frog","Regal Pillow","PreservedInsect","Eternal Feather"],"potions_floor_usage":[5,7,12,14,18],"damage_taken":[{"damage":4,"enemies":"Small Slimes","floor":1,"turns":3},{"damage":1,"enemies":"Cultist","floor":4,"turns":3},{"damage":2,"enemies":"Jaw Worm","floor":5,"turns":3},{"damage":30,"enemies":"3 Sentries","floor":7,"turns":7},{"damage":32,"enemies":"Gremlin Nob","floor":10,"turns":4},{"damage":8,"enemies":"Lagavulin","floor":12,"turns":5},{"damage":30,"enemies":"Gremlin Nob","floor":14,"turns":4},{"damage":37,"enemies":"Hexaghost","floor":16,"turns":7},{"damage":55,"enemies":"3 Byrds","floor":18,"turns":6},{"damage":22,"enemies":"Spheric Guardian","floor":21,"turns":4}],"seed_played":"-2874421972415315915","potions_obtained":[{"floor":0,"key":"FearPotion"},{"floor":0,"key":"Explosive Potion"},{"floor":7,"key":"Dexterity Potion"},{"floor":12,"key":"AttackPotion"},{"floor":14,"key":"Explosive Potion"}],"is_trial":false,"path_per_floor":["M","?","$","M","M","R","E","?","T","E","$","E","R","?","R","B",null,"M","?","?","M"],"character_chosen":"IRONCLAD","items_purchased":["Dramatic Entrance"],"campfire_rested":1,"item_purchase_floors":[11],"current_hp_per_floor":[70,70,70,75,75,75,51,69,69,43,43,41,41,17,54,23,62,13,13,13,0],"gold":169,"neow_bonus":"THREE_SMALL_POTIONS","is_prod":false,"is_daily":false,"chose_seed":false,"campfire_upgraded":1,"win_rate":0,"timestamp":1558821206,"path_taken":["M","?","$","?","M","R","E","?","T","E","$","E","R","?","R","BOSS","M","?","?","?"],"build_version":"2019-01-23","purchased_purges":1,"victory":false,"max_hp_per_floor":[75,75,75,75,75,75,75,75,75,75,75,75,75,75,75,75,75,75,37,37,37],"card_choices":[{"not_picked":["Clothesline","Body Slam"],"picked":"Battle Trance","floor":1},{"not_picked":["Heavy Blade","Uppercut"],"picked":"Dropkick","floor":4},{"not_picked":["Shrug It Off","Perfected Strike"],"picked":"Sword Boomerang","floor":5},{"not_picked":["Evolve","Clothesline"],"picked":"Sword Boomerang","floor":7},{"not_picked":["Whirlwind","Warcry"],"picked":"Shrug It Off","floor":10},{"not_picked":["Rupture+1","Clothesline"],"picked":"Reckless Charge","floor":12},{"not_picked":["Body Slam","Burning Pact"],"picked":"Double Tap","floor":14},{"not_picked":["Offering","Bludgeon"],"picked":"Fiend Fire","floor":16},{"not_picked":["Thunderclap","Clash"],"picked":"Sword Boomerang","floor":18}],"player_experience":515449,"relics_obtained":[{"floor":7,"key":"Frozen Egg 2"},{"floor":10,"key":"Paper Frog"},{"floor":12,"key":"Regal Pillow"},{"floor":14,"key":"PreservedInsect"}],"event_choices":[{"damage_healed":0,"gold_gain":0,"player_choice":"3 cards matched","damage_taken":0,"max_hp_gain":0,"max_hp_loss":0,"event_name":"Match and Keep!","floor":2,"gold_loss":0,"cards_obtained":["Pain","Feel No Pain","Demon Form"]},{"damage_healed":18,"gold_gain":0,"player_choice":"Healed and dodged fight","damage_taken":0,"max_hp_gain":0,"max_hp_loss":0,"event_name":"Mushrooms","floor":8,"gold_loss":0,"cards_obtained":["Parasite"]},{"damage_healed":0,"gold_gain":0,"player_choice":"Searched \u00271\u0027 times","damage_taken":0,"max_hp_gain":0,"max_hp_loss":0,"event_name":"Dead Adventurer","floor":14,"gold_loss":0},{"damage_healed":0,"gold_gain":0,"player_choice":"Became a Ghost","damage_taken":0,"max_hp_gain":0,"max_hp_loss":38,"event_name":"Ghosts","floor":19,"gold_loss":0,"cards_obtained":["Ghostly","Ghostly","Ghostly"]},{"damage_healed":0,"gold_gain":0,"player_choice":"Upgrade","damage_taken":0,"max_hp_gain":0,"max_hp_loss":0,"event_name":"Designer","floor":20,"gold_loss":50,"cards_upgraded":["Ghostly"]}],"is_beta":false,"boss_relics":[{"not_picked":["Runic Cube","Mark of Pain"],"picked":"Eternal Feather"}],"items_purged_floors":[3],"is_endless":false,"potions_floor_spawned":[7,12,14],"killed_by":"Spheric Guardian","ascension_level":20}