{"gold_per_floor":[117,117,82,103,24,63,238,238,263,303,303,303],"floor_reached":12,"playtime":413,"items_purged":[],"score":139,"play_id":"961637c3-676c-4845-81e6-e0b49183497c","local_time":"20190121043403","is_ascension_mode":true,"campfire_choices":[{"floor":8,"key":"REST"}],"neow_cost":"NONE","seed_source_timestamp":320692039960803,"circlet_count":0,"master_deck":["AscendersBane","Strike_R","Strike_R","Strike_R","Strike_R","Strike_R","Defend_R","Defend_R","Defend_R","Defend_R","Bash","Flex","Sword Boomerang","Impervious","Feed","Doubt","Sword Boomerang"],"relics":["Burning Blood","Golden Idol","Potion Belt","Lantern","Boot"],"potions_floor_usage":[12],"damage_taken":[{"damage":0,"enemies":"Small Slimes","floor":1,"turns":4},{"damage":12,"enemies":"Jaw Worm","floor":4,"turns":3},{"damage":45,"enemies":"3 Sentries","floor":6,"turns":12},{"damage":47,"enemies":"Gremlin Nob","floor":10,"turns":6},{"damage":48,"enemies":"Lagavulin","floor":12,"turns":6}],"seed_played":"-444119239719766457","potions_obtained":[{"floor":10,"key":"Regen Potion"}],"is_trial":false,"path_per_floor":["M","?","?","M","$","E","?","R","T","E","?","E"],"character_chosen":"IRONCLAD","items_purchased":["Impervious"],"campfire_rested":1,"item_purchase_floors":[5],"current_hp_per_floor":[86,64,86,80,80,41,41,67,67,26,26,0],"gold":303,"neow_bonus":"TEN_PERCENT_HP_BONUS","is_prod":false,"is_daily":false,"chose_seed":false,"campfire_upgraded":0,"win_rate":0,"timestamp":1548038043,"path_taken":["M","?","?","M","$","E","?","R","T","E","?","E"],"build_version":"2019-01-19","purchased_purges":0,"victory":false,"max_hp_per_floor":[88,88,88,88,88,88,88,88,88,88,88,88],"card_choices":[{"not_picked":["Body Slam","Sentinel"],"picked":"Flex","floor":1},{"not_picked":["Twin Strike","Second Wind"],"picked":"Sword Boomerang","floor":4},{"not_picked":["Wild Strike","Carnage"],"picked":"Feed","floor":6},{"not_picked":["Havoc","Dropkick"],"picked":"Sword Boomerang","floor":10}],"player_experience":381269,"relics_obtained":[{"floor":6,"key":"Potion Belt"},{"floor":9,"key":"Lantern"},{"floor":10,"key":"Boot"}],"event_choices":[{"damage_healed":0,"gold_gain":0,"player_choice":"Take Damage","damage_taken":22,"relics_obtained":["Golden Idol"],"max_hp_gain":0,"max_hp_loss":0,"event_name":"Golden Idol","floor":2,"gold_loss":0},{"damage_healed":22,"gold_gain":0,"player_choice":"Healed","damage_taken":0,"max_hp_gain":0,"max_hp_loss":0,"event_name":"The Cleric","floor":3,"gold_loss":35},{"damage_healed":0,"gold_gain":175,"player_choice":"AGREE","damage_taken":0,"max_hp_gain":0,"max_hp_loss":0,"event_name":"Liars Game","floor":7,"gold_loss":0,"cards_obtained":["Doubt"]},{"damage_healed":0,"gold_gain":0,"player_choice":"Ignored","damage_taken":0,"max_hp_gain":0,"max_hp_loss":0,"event_name":"Shining Light","floor":11,"gold_loss":0}],"is_beta":true,"boss_relics":[],"items_purged_floors":[],"is_endless":false,"potions_floor_spawned":[10],"killed_by":"Lagavulin","ascension_level":13}