{"gold_per_floor":[109,122,7,18,29,84,84,51,51,79,79,94,126,28,28,126,126,144,160,160,160,171,200,200,232,232,18,18,18,33,61,61,160,160,179,179,31,47,61,61,61,76,101,101,118,130,140,175,175,175,175,175,6,38,38],"floor_reached":55,"playtime":3930,"items_purged":["Doubt"],"score":841,"play_id":"deea552b-b19f-413b-9816-c57daf5b602d","local_time":"20190521231914","is_ascension_mode":true,"campfire_choices":[{"floor":7,"key":"RECALL"},{"data":"Limit Break","floor":11,"key":"SMITH"},{"floor":15,"key":"REST"},{"floor":24,"key":"REST"},{"floor":32,"key":"REST"},{"floor":40,"key":"REST"},{"floor":49,"key":"REST"},{"floor":52,"key":"REST"}],"neow_cost":"NONE","seed_source_timestamp":15053174909500,"circlet_count":0,"master_deck":["Strike_R","Strike_R","Strike_R","Strike_R","Strike_R","Defend_R","Defend_R","Defend_R","Defend_R","Bash","Perfected Strike","Havoc","Shrug It Off","Corruption","Body Slam","Armaments","Headbutt","Inflame","Limit Break+1","Shrug It Off","Perfected Strike","Discovery","Impervious","Perfected Strike","Shockwave","Inflame","Intimidate","Barricade","Body Slam","Impervious+1","Exhume+1","Heavy Blade+1","Armaments+1","Clothesline","Madness+1","Madness+1","Body Slam+1","Iron Wave+1","Disarm+1","Disarm+1","Limit Break+1"],"relics":["Burning Blood","Tiny Chest","Mummified Hand","Matryoshka","Ice Cream","Philosopher\u0027s Stone","Lantern","Sundial","Centennial Puzzle","Smiling Mask","Gremlin Horn","Membership Card","Toxic Egg 2","Bag of Preparation","Fusion Hammer","Strange Spoon","Ancient Tea Set","Pen Nib","Dodecahedron","Shuriken"],"potions_floor_usage":[5,12,16,16,22,25,30,39,47,48,48],"damage_taken":[{"damage":1,"enemies":"Cultist","floor":1,"turns":3},{"damage":3,"enemies":"Small Slimes","floor":2,"turns":3},{"damage":0,"enemies":"2 Louse","floor":4,"turns":3},{"damage":5,"enemies":"Lots of Slimes","floor":5,"turns":5},{"damage":46,"enemies":"Lagavulin","floor":6,"turns":9},{"damage":13,"enemies":"Gremlin Nob","floor":10,"turns":4},{"damage":6,"enemies":"Large Slime","floor":12,"turns":7},{"damage":34,"enemies":"3 Sentries","floor":13,"turns":12},{"damage":33,"enemies":"Slime Boss","floor":16,"turns":12},{"damage":14,"enemies":"Spheric Guardian","floor":18,"turns":4},{"damage":19,"enemies":"3 Byrds","floor":19,"turns":5},{"damage":12,"enemies":"Cultist and Chosen","floor":22,"turns":4},{"damage":46,"enemies":"Gremlin Leader","floor":23,"turns":8},{"damage":32,"enemies":"Slavers","floor":25,"turns":4},{"damage":0,"enemies":"Snake Plant","floor":30,"turns":4},{"damage":0,"enemies":"Gremlin Leader","floor":31,"turns":6},{"damage":12,"enemies":"Champ","floor":33,"turns":10},{"damage":17,"enemies":"3 Darklings","floor":35,"turns":6},{"damage":0,"enemies":"3 Shapes","floor":38,"turns":4},{"damage":0,"enemies":"Transient","floor":39,"turns":5},{"damage":0,"enemies":"3 Darklings","floor":42,"turns":4},{"damage":2,"enemies":"Spire Growth","floor":45,"turns":4},{"damage":72,"enemies":"Sphere and 2 Shapes","floor":46,"turns":4},{"damage":19,"enemies":"Transient","floor":47,"turns":5},{"damage":8,"enemies":"Reptomancer","floor":48,"turns":3},{"damage":35,"enemies":"Awakened One","floor":50,"turns":11},{"damage":7,"enemies":"Shield and Spear","floor":54,"turns":6},{"damage":101,"enemies":"The Heart","floor":55,"turns":3}],"seed_played":"6893345422019650631","potions_obtained":[{"floor":4,"key":"Poison Potion"},{"floor":6,"key":"Ancient Potion"},{"floor":12,"key":"Ancient Potion"},{"floor":13,"key":"Dexterity Potion"},{"floor":19,"key":"FearPotion"},{"floor":23,"key":"FearPotion"},{"floor":25,"key":"Swift Potion"},{"floor":38,"key":"Strength Potion"},{"floor":42,"key":"Regen Potion"},{"floor":46,"key":"GamblersBrew"},{"floor":47,"key":"Regen Potion"}],"is_trial":false,"path_per_floor":["M","M","$","M","M","E","R","$","T","E","R","M","E","$","R","B",null,"M","M","T","?","M","E","R","E","T","$","?","?","M","E","R","B",null,"M","?","$","M","M","R","?","M","T","?","M","M","M","E","R","B",null,"R","$","E","B"],"character_chosen":"IRONCLAD","items_purchased":["Shrug It Off","Corruption","Inflame","Discovery","Body Slam","Membership Card","Strange Spoon","Dodecahedron","Disarm+1"],"campfire_rested":6,"item_purchase_floors":[3,3,8,14,27,27,37,53,53],"current_hp_per_floor":[88,88,88,88,88,48,48,48,48,41,41,41,13,13,39,12,88,80,67,67,67,61,21,47,21,21,21,21,21,27,33,59,53,88,77,77,77,83,88,88,88,88,88,77,81,15,17,24,50,21,88,88,88,87,0],"gold":38,"neow_bonus":"TEN_PERCENT_HP_BONUS","is_prod":false,"is_daily":false,"chose_seed":false,"campfire_upgraded":1,"win_rate":0,"timestamp":1558473554,"path_taken":["M","M","$","?","M","E","R","?","T","E","R","M","E","$","R","BOSS","M","M","?","?","?","E","R","E","T","?","?","?","?","E","R","BOSS","M","?","$","?","M","R","?","?","T","?","M","M","M","E","R","BOSS","R","$","E","BOSS"],"build_version":"2019-01-23","purchased_purges":1,"victory":false,"max_hp_per_floor":[88,88,88,88,88,88,88,88,88,88,88,88,88,88,88,88,88,88,88,88,88,88,88,88,88,88,88,88,88,88,88,88,88,88,88,88,88,88,88,88,88,88,88,88,88,88,88,88,88,88,88,88,88,88,88],"card_choices":[{"not_picked":["Heavy Blade","Wild Strike"],"picked":"Perfected Strike","floor":1},{"not_picked":["Twin Strike","Armaments"],"picked":"Havoc","floor":2},{"not_picked":["Berserk","True Grit"],"picked":"Body Slam","floor":4},{"not_picked":["Iron Wave","Twin Strike"],"picked":"Armaments","floor":5},{"not_picked":["Havoc","Evolve"],"picked":"Headbutt","floor":6},{"not_picked":["Clothesline","Anger"],"picked":"Limit Break","floor":10},{"not_picked":["Wild Strike","Sentinel"],"picked":"Shrug It Off","floor":12},{"not_picked":["Uppercut","Clothesline"],"picked":"Perfected Strike","floor":13},{"not_picked":["Offering","Juggernaut"],"picked":"Impervious","floor":16},{"not_picked":["Hemokinesis","Flame Barrier"],"picked":"Perfected Strike","floor":18},{"not_picked":["Sentinel","Anger"],"picked":"Shockwave","floor":19},{"not_picked":["Wild Strike+1","Iron Wave"],"picked":"Inflame","floor":22},{"not_picked":["Warcry","Hemokinesis"],"picked":"Intimidate","floor":23},{"not_picked":["Dropkick+1","Pommel Strike"],"picked":"Barricade","floor":25},{"not_picked":["Dropkick+1","Shrug It Off+1"],"picked":"Perfected Strike","floor":30},{"not_picked":["Heavy Blade+1","Barricade"],"picked":"Impervious+1","floor":31},{"not_picked":["Immolate","Reaper"],"picked":"Exhume+1","floor":33},{"not_picked":["Clash","Flex+1"],"picked":"Heavy Blade+1","floor":35},{"not_picked":["Clothesline+1","Spot Weakness+1"],"picked":"Armaments+1","floor":38},{"not_picked":["Offering+1","Blood for Blood+1"],"picked":"Clothesline","floor":39},{"not_picked":["Perfected Strike+1","Flex+1","Carnage+1"],"picked":"SKIP","floor":42},{"not_picked":["Searing Blow+1","Havoc+1"],"picked":"Body Slam+1","floor":45},{"not_picked":["Rampage+1","Corruption"],"picked":"Iron Wave+1","floor":46},{"not_picked":["Clothesline","Wild Strike+1"],"picked":"Disarm+1","floor":47},{"not_picked":["Clothesline+1","Wild Strike+1","Battle Trance+1"],"picked":"SKIP","floor":48},{"not_picked":["Intimidate+1","Sword Boomerang+1"],"picked":"Limit Break+1","floor":54}],"player_experience":327463,"relics_obtained":[{"floor":6,"key":"Tiny Chest"},{"floor":9,"key":"Mummified Hand"},{"floor":10,"key":"Matryoshka"},{"floor":13,"key":"Ice Cream"},{"floor":20,"key":"Lantern"},{"floor":23,"key":"Sundial"},{"floor":25,"key":"Centennial Puzzle"},{"floor":26,"key":"Smiling Mask"},{"floor":26,"key":"Gremlin Horn"},{"floor":31,"key":"Bag of Preparation"},{"floor":43,"key":"Ancient Tea Set"},{"floor":48,"key":"Pen Nib"},{"floor":54,"key":"Shuriken"}],"event_choices":[{"damage_healed":0,"gold_gain":0,"player_choice":"Ignored","damage_taken":0,"max_hp_gain":0,"max_hp_loss":0,"event_name":"Purifier","floor":21,"gold_loss":0},{"damage_healed":0,"gold_gain":0,"player_choice":"Stole Relic","damage_taken":0,"relics_obtained":["Toxic Egg 2"],"max_hp_gain":0,"max_hp_loss":0,"event_name":"Addict","floor":28,"gold_loss":0,"cards_obtained":["Shame"]},{"damage_healed":0,"gold_gain":0,"cards_transformed":["Shame"],"player_choice":"Transformed","damage_taken":0,"max_hp_gain":0,"max_hp_loss":0,"event_name":"Transmorgrifier","floor":29,"gold_loss":0,"cards_obtained":["Doubt"]},{"damage_healed":0,"gold_gain":0,"player_choice":"Bought 0 Potions","damage_taken":0,"max_hp_gain":0,"max_hp_loss":0,"event_name":"The Woman in Blue","floor":36,"gold_loss":0},{"cards_removed":["Perfected Strike"],"damage_healed":5,"gold_gain":0,"player_choice":"Offered Common","damage_taken":0,"max_hp_gain":0,"max_hp_loss":0,"event_name":"Bonfire Elementals","floor":41,"gold_loss":0},{"cards_removed":["Perfected Strike"],"damage_healed":5,"gold_gain":0,"player_choice":"Offered Special","damage_taken":0,"max_hp_gain":0,"max_hp_loss":0,"event_name":"Bonfire Elementals","floor":41,"gold_loss":0},{"damage_healed":0,"gold_gain":0,"player_choice":"Embrace Madness","damage_taken":11,"max_hp_gain":0,"max_hp_loss":0,"event_name":"Winding Halls","floor":44,"gold_loss":0,"cards_obtained":["Madness","Madness"]}],"is_beta":false,"boss_relics":[{"not_picked":["Runic Dome","Cursed Key"],"picked":"Philosopher\u0027s Stone"},{"not_picked":["Astrolabe","Snecko Eye"],"picked":"Fusion Hammer"}],"items_purged_floors":[37],"is_endless":false,"potions_floor_spawned":[4,6,12,13,19,23,25,38,42,46,47],"killed_by":"The Heart","ascension_level":1}