{"gold_per_floor":[110,129,142,127,127,127,159,177,177,205,25,44,62,90,90,191,241,256,256,35,35,35,53,88,108,108,108,108],"floor_reached":28,"playtime":1944,"items_purged":["Strike_R"],"score":376,"play_id":"dffc9c01-e1e2-483c-96e9-b86d4eb21f7b","local_time":"20190406195730","is_ascension_mode":true,"campfire_choices":[{"data":"Dual Wield","floor":6,"key":"SMITH"},{"floor":15,"key":"DIG"},{"data":"Corruption","floor":27,"key":"SMITH"}],"neow_cost":"NONE","seed_source_timestamp":1290333932197925,"circlet_count":0,"master_deck":["Defend_R","Defend_R","Defend_R","Defend_R+1","Bash+1","Metallicize","Corruption+1","Shockwave","Dual Wield+1","Carnage","Spot Weakness","True Grit","Pommel Strike","Pommel Strike","Shrug It Off","Juggernaut","Shrug It Off","Metallicize","True Grit","Bite","Bite","Bite","Bite","Bite","Shockwave+1","Body Slam+1"],"relics":["Burning Blood","Oddly Smooth Stone","Turnip","Question Card","Shovel","Centennial Puzzle","Tiny House","Lantern","ClockworkSouvenir","PreservedInsect","Toxic Egg 2","The Courier"],"potions_floor_usage":[2,7,14,16,25,28],"damage_taken":[{"damage":11,"enemies":"Small Slimes","floor":1,"turns":5},{"damage":0,"enemies":"Cultist","floor":2,"turns":4},{"damage":4,"enemies":"2 Louse","floor":3,"turns":4},{"damage":10,"enemies":"Exordium Thugs","floor":4,"turns":4},{"damage":11,"enemies":"Lagavulin","floor":7,"turns":10},{"damage":5,"enemies":"3 Louse","floor":8,"turns":7},{"damage":27,"enemies":"3 Sentries","floor":10,"turns":13},{"damage":7,"enemies":"Blue Slaver","floor":12,"turns":6},{"damage":4,"enemies":"Red Slaver","floor":13,"turns":6},{"damage":13,"enemies":"Gremlin Nob","floor":14,"turns":3},{"damage":15,"enemies":"The Guardian","floor":16,"turns":17},{"damage":3,"enemies":"Spheric Guardian","floor":18,"turns":8},{"damage":11,"enemies":"3 Byrds","floor":23,"turns":7},{"damage":42,"enemies":"Gremlin Leader","floor":24,"turns":7},{"damage":18,"enemies":"Snake Plant","floor":25,"turns":5},{"damage":35,"enemies":"Slavers","floor":28,"turns":4}],"seed_played":"7327677164255918163","potions_obtained":[{"floor":1,"key":"BloodPotion"},{"floor":2,"key":"PowerPotion"},{"floor":4,"key":"Block Potion"},{"floor":8,"key":"Strength Potion"},{"floor":17,"key":"Strength Potion"},{"floor":18,"key":"PowerPotion"}],"is_trial":false,"path_per_floor":["M","M","M","M","?","R","E","M","T","E","$","M","M","E","R","B",null,"M","?","$","?","?","M","E","M","T","R","E"],"character_chosen":"IRONCLAD","items_purchased":["True Grit","Pommel Strike","True Grit","ClockworkSouvenir"],"campfire_rested":0,"item_purchase_floors":[11,11,20,20],"current_hp_per_floor":[67,80,80,76,76,76,71,72,72,51,51,50,52,45,45,36,74,77,77,77,59,59,59,37,31,31,31,0],"gold":108,"neow_bonus":"UPGRADE_CARD","is_prod":false,"is_daily":false,"chose_seed":false,"campfire_upgraded":2,"win_rate":0,"timestamp":1554605850,"path_taken":["M","M","M","M","?","R","E","M","T","E","$","M","?","E","R","BOSS","M","?","$","?","?","?","E","M","T","R","E"],"build_version":"2019-01-23","purchased_purges":1,"victory":false,"max_hp_per_floor":[80,80,80,80,80,80,80,80,80,80,80,80,80,80,80,80,85,85,85,85,59,59,59,59,59,59,59,59],"card_choices":[{"not_picked":["Hemokinesis","Burning Pact"],"picked":"Metallicize","floor":1},{"not_picked":["Headbutt","Sentinel"],"picked":"Corruption","floor":2},{"not_picked":["Anger","Iron Wave"],"picked":"Shockwave","floor":3},{"not_picked":["Power Through","Havoc","Infernal Blade"],"picked":"SKIP","floor":4},{"not_picked":["Heavy Blade","Anger","Fire Breathing"],"picked":"SKIP","floor":7},{"not_picked":["Bloodletting","Seeing Red"],"picked":"Carnage","floor":8},{"not_picked":["Body Slam","Bludgeon"],"picked":"Spot Weakness","floor":10},{"not_picked":["Havoc","Pummel","Seeing Red","Combust"],"picked":"SKIP","floor":12},{"not_picked":["Seeing Red","Twin Strike","Perfected Strike"],"picked":"Pommel Strike","floor":13},{"not_picked":["Pommel Strike","Impervious","Thunderclap"],"picked":"Shrug It Off","floor":14},{"not_picked":["Brutality","Berserk","Limit Break"],"picked":"Juggernaut","floor":16},{"not_picked":["Sentinel","Clash","Anger"],"picked":"Shrug It Off","floor":17},{"not_picked":["Cleave","Heavy Blade+1","Warcry+1"],"picked":"Metallicize","floor":18},{"not_picked":["Warcry","Bludgeon","Pommel Strike","Iron Wave"],"picked":"SKIP","floor":23},{"not_picked":["Headbutt","Havoc+1","Clothesline"],"picked":"Shockwave","floor":24},{"not_picked":["Perfected Strike","Wild Strike","Heavy Blade"],"picked":"Body Slam+1","floor":25}],"player_experience":284120,"relics_obtained":[{"floor":7,"key":"Oddly Smooth Stone"},{"floor":9,"key":"Turnip"},{"floor":10,"key":"Question Card"},{"floor":14,"key":"Shovel"},{"floor":15,"key":"Centennial Puzzle"},{"floor":22,"key":"PreservedInsect"},{"floor":24,"key":"Toxic Egg 2"},{"floor":26,"key":"The Courier"}],"event_choices":[{"damage_healed":0,"gold_gain":0,"player_choice":"1 cards matched","damage_taken":0,"max_hp_gain":0,"max_hp_loss":0,"event_name":"Match and Keep!","floor":5,"gold_loss":0,"cards_obtained":["Dual Wield"]},{"damage_healed":0,"gold_gain":0,"player_choice":"Opened","damage_taken":0,"relics_obtained":["Lantern"],"max_hp_gain":0,"max_hp_loss":0,"event_name":"The Mausoleum","floor":19,"gold_loss":0},{"damage_healed":0,"gold_gain":0,"player_choice":"Became a vampire","damage_taken":0,"max_hp_gain":0,"max_hp_loss":26,"event_name":"Vampires","floor":21,"gold_loss":0,"cards_obtained":["Bite","Bite","Bite","Bite","Bite"]},{"damage_healed":0,"gold_gain":0,"player_choice":"Relic","damage_taken":0,"max_hp_gain":0,"max_hp_loss":0,"event_name":"Wheel of Change","floor":22,"gold_loss":0}],"is_beta":false,"boss_relics":[{"not_picked":["Black Blood","Philosopher\u0027s Stone"],"picked":"Tiny House"}],"items_purged_floors":[11],"is_endless":false,"potions_floor_spawned":[1,2,4,8,18],"killed_by":"Slavers","ascension_level":7}