{"gold_per_floor":[117,135,150,150,26,61,61,77,77,77,112,112,112,125,125,197,197,207,207,224,224,235,235,335,367,367,367,383,383,383,383,383,456,456,471,487,587,603,621,621,639,639,639,659,679,691,691,159,159,159,159,159,18,47,47],"floor_reached":55,"playtime":2992,"items_purged":["Strike_B","Parasite"],"score":1096,"play_id":"e9dfd49a-d6d5-4e7d-8388-cc5b5aecf85f","local_time":"20190519174156","is_ascension_mode":true,"campfire_choices":[{"data":"Zap","floor":7.0,"key":"SMITH"},{"data":"Creative AI","floor":13.0,"key":"SMITH"},{"data":"Consume","floor":15.0,"key":"SMITH"},{"data":"Electrodynamics","floor":23.0,"key":"SMITH"},{"floor":27.0,"key":"REST"},{"floor":30.0,"key":"REST"},{"floor":32.0,"key":"REST"},{"floor":42.0,"key":"REST"},{"floor":49.0,"key":"RECALL"},{"data":"Buffer","floor":52.0,"key":"SMITH"}],"neow_cost":"NONE","seed_source_timestamp":0,"circlet_count":0,"master_deck":["AscendersBane","Strike_B","Strike_B","Defend_B","Defend_B","Defend_B","Zap+1","Dualcast","White Noise+1","Ball Lightning","Consume+1","Zap+1","Creative AI+1","Electrodynamics+1","Glacier","Glacier","Echo Form","Conserve Battery+1","Self Repair","BootSequence","Conserve Battery","Coolheaded","Ball Lightning","Cold Snap","Melter+1","Electrodynamics","Tempest+1","Buffer+1","Tempest+1","Stack+1","Loop","Leap+1","Conserve Battery+1","Capacitor+1","Glacier+1","Loop+1","Secret Technique+1","Capacitor","Force Field+1"],"special_seed":0,"relics":["FrozenCore","Pen Nib","Dream Catcher","Dodecahedron","Philosopher\u0027s Stone","Unceasing Top","Toxic Egg 2","Ancient Tea Set","Mummified Hand","Ice Cream","Potion Belt","Centennial Puzzle"],"potions_floor_usage":[],"damage_taken":[{"damage":0.0,"enemies":"Small Slimes","floor":1.0,"turns":3.0},{"damage":1.0,"enemies":"Cultist","floor":2.0,"turns":4.0},{"damage":0.0,"enemies":"2 Louse","floor":3.0,"turns":2.0},{"damage":10.0,"enemies":"Lagavulin","floor":6.0,"turns":7.0},{"damage":7.0,"enemies":"Looter","floor":8.0,"turns":3.0},{"damage":17.0,"enemies":"Gremlin Nob","floor":11.0,"turns":5.0},{"damage":2.0,"enemies":"2 Fungi Beasts","floor":14.0,"turns":2.0},{"damage":4.0,"enemies":"The Guardian","floor":16.0,"turns":8.0},{"damage":12.0,"enemies":"3 Byrds","floor":18.0,"turns":3.0},{"damage":0.0,"enemies":"Spheric Guardian","floor":20.0,"turns":5.0},{"damage":17.0,"enemies":"Snake Plant","floor":22.0,"turns":4.0},{"damage":12.0,"enemies":"Colosseum Slavers","floor":24.0,"turns":2.0},{"damage":13.0,"enemies":"Colosseum Nobs","floor":24.0,"turns":4.0},{"damage":23.0,"enemies":"Gremlin Leader","floor":25.0,"turns":5.0},{"damage":25.0,"enemies":"Sentry and Sphere","floor":28.0,"turns":5.0},{"damage":47.0,"enemies":"Collector","floor":33.0,"turns":10.0},{"damage":0.0,"enemies":"3 Shapes","floor":35.0,"turns":2.0},{"damage":0.0,"enemies":"Orb Walker","floor":36.0,"turns":3.0},{"damage":34.0,"enemies":"Mind Bloom Boss Battle","floor":37.0,"turns":7.0},{"damage":11.0,"enemies":"Transient","floor":38.0,"turns":5.0},{"damage":0.0,"enemies":"Sphere and 2 Shapes","floor":39.0,"turns":6.0},{"damage":23.0,"enemies":"4 Shapes","floor":41.0,"turns":4.0},{"damage":21.0,"enemies":"Jaw Worm Horde","floor":44.0,"turns":2.0},{"damage":16.0,"enemies":"Writhing Mass","floor":45.0,"turns":5.0},{"damage":10.0,"enemies":"Transient","floor":46.0,"turns":5.0},{"damage":44.0,"enemies":"Donu and Deca","floor":50.0,"turns":8.0},{"damage":29.0,"enemies":"Shield and Spear","floor":54.0,"turns":6.0},{"damage":46,"enemies":"The Heart","floor":55,"turns":2}],"seed_played":"5128827034586064366","potions_obtained":[{"floor":2.0,"key":"GamblersBrew"},{"floor":3.0,"key":"Energy Potion"},{"floor":14.0,"key":"Poison Potion"},{"floor":16.0,"key":"FocusPotion"},{"floor":18.0,"key":"Strength Potion"},{"floor":24.0,"key":"Strength Potion"},{"floor":33.0,"key":"SpeedPotion"},{"floor":35.0,"key":"Dexterity Potion"},{"floor":40.0,"key":"PowerPotion"},{"floor":45.0,"key":"PowerPotion"}],"is_trial":false,"path_per_floor":["M","M","M","?","$","E","R","M","T","?","E","?","R","M","R","B",null,"M","?","M","?","M","R","?","E","T","R","M","?","R","?","R","B",null,"M","M","?","M","M","?","M","R","T","M","M","M","?","$","R","B",null,"R","$","E","B"],"character_chosen":"DEFECT","items_purchased":["AttackPotion","Potion Belt","AttackPotion","FearPotion","Secret Technique+1","Fruit Juice","Capacitor"],"campfire_rested":4,"item_purchase_floors":[5,48,48,48,48,53,53],"current_hp_per_floor":[75,74,74,74,74,64,64,57,57,57,40,40,40,38,38,34,70,58,58,65,65,55,55,37,14,14,38,20,20,44,44,68,28,69,69,76,49,45,45,45,36,60,60,39,30,27,72,69,69,39,62,62,67,45,0],"gold":47,"neow_bonus":"TEN_PERCENT_HP_BONUS","is_prod":false,"is_daily":false,"chose_seed":false,"campfire_upgraded":5,"win_rate":0,"timestamp":1558312916,"path_taken":["M","M","M","?","$","E","R","?","T","?","E","?","R","M","R","BOSS","M","?","M","?","M","R","?","E","T","R","M","?","R","?","R","BOSS","M","?","?","M","M","?","M","R","T","?","M","M","?","$","R","BOSS","R","$","E","BOSS"],"build_version":"2019-01-23","purchased_purges":2,"victory":false,"max_hp_per_floor":[82,82,82,82,82,82,82,82,82,82,82,82,82,82,82,82,82,82,82,82,82,82,82,82,82,82,82,82,82,82,82,82,82,82,82,82,82,82,82,82,82,82,82,82,82,82,72,69,69,69,69,69,74,74,74],"card_choices":[{"not_picked":["Barrage","Compile Driver"],"picked":"White Noise","floor":1.0},{"not_picked":["Steam","Hologram"],"picked":"Ball Lightning","floor":2.0},{"not_picked":["Steam Power","Rebound"],"picked":"Consume","floor":3.0},{"not_picked":["Hello World","Compile Driver"],"picked":"Electrodynamics","floor":6.0},{"not_picked":["Recycle","Skim"],"picked":"Glacier","floor":8.0},{"not_picked":["Reprogram","Barrage","Stack"],"picked":"SKIP","floor":11.0},{"not_picked":["Skim","Scrape"],"picked":"Glacier","floor":14.0},{"not_picked":["Hyperbeam","Meteor Strike"],"picked":"Echo Form","floor":16.0},{"not_picked":["Rip and Tear","Reinforced Body"],"picked":"Conserve Battery+1","floor":18.0},{"not_picked":["Compile Driver","Genetic Algorithm"],"picked":"Conserve Battery","floor":20.0},{"not_picked":["Barrage","Steam"],"picked":"Coolheaded","floor":22.0},{"not_picked":["Gash","Compile Driver"],"picked":"Ball Lightning","floor":24.0},{"not_picked":["Coolheaded+1","Glacier+1"],"picked":"Cold Snap","floor":25.0},{"not_picked":["Chaos+1","Skim+1"],"picked":"Melter+1","floor":27.0},{"not_picked":["Rebound","Streamline"],"picked":"Electrodynamics","floor":28.0},{"not_picked":["Hologram+1","Stack+1"],"picked":"Tempest+1","floor":32.0},{"not_picked":["Amplify+1","Reboot+1"],"picked":"Buffer","floor":33.0},{"not_picked":["Barrage","Rip and Tear"],"picked":"Tempest+1","floor":35.0},{"not_picked":["Steam Power+1","Gash"],"picked":"Stack+1","floor":36.0},{"not_picked":["Gash","Barrage"],"picked":"Loop","floor":37.0},{"not_picked":["Barrage","Hologram+1","Darkness+1"],"picked":"SKIP","floor":38.0},{"not_picked":["Cold Snap","Sunder"],"picked":"Leap+1","floor":39.0},{"not_picked":["BootSequence+1","Hologram+1"],"picked":"Conserve Battery+1","floor":41.0},{"not_picked":["Steam+1","Sunder+1"],"picked":"Capacitor+1","floor":42.0},{"not_picked":["Conserve Battery+1","Reinforced Body+1"],"picked":"Glacier+1","floor":44.0},{"not_picked":["Skim+1","All For One","Rebound"],"picked":"SKIP","floor":45.0},{"not_picked":["Sweeping Beam","Storm+1"],"picked":"Loop+1","floor":46.0},{"not_picked":["Reinforced Body+1","Electrodynamics"],"picked":"Force Field+1","floor":54.0}],"player_experience":393457,"relics_obtained":[{"floor":6.0,"key":"Pen Nib"},{"floor":9.0,"key":"Dream Catcher"},{"floor":11.0,"key":"Dodecahedron"},{"floor":24.0,"key":"Unceasing Top"},{"floor":24.0,"key":"Toxic Egg 2"},{"floor":25.0,"key":"Ancient Tea Set"},{"floor":26.0,"key":"Mummified Hand"},{"floor":37.0,"key":"Ice Cream"},{"floor":54.0,"key":"Centennial Puzzle"}],"event_choices":[{"damage_healed":0.0,"max_hp_gain":0.0,"max_hp_loss":0.0,"gold_gain":0.0,"event_name":"Match and Keep!","player_choice":"2 cards matched","floor":4.0,"gold_loss":0.0,"damage_taken":0.0,"cards_obtained":["Zap","Creative AI"]},{"damage_healed":0.0,"max_hp_gain":0.0,"max_hp_loss":0.0,"gold_gain":0.0,"event_name":"Liars Game","player_choice":"Ignored","floor":10.0,"gold_loss":0.0,"damage_taken":0.0},{"damage_healed":0.0,"max_hp_gain":0.0,"max_hp_loss":0.0,"gold_gain":0.0,"event_name":"Living Wall","player_choice":"Grow","floor":12.0,"gold_loss":0.0,"damage_taken":0.0,"cards_upgraded":["Zap"]},{"damage_healed":0.0,"max_hp_gain":0.0,"max_hp_loss":0.0,"gold_gain":0.0,"cards_transformed":["Strike_B","Defend_B"],"event_name":"Drug Dealer","player_choice":"Became Test Subject","floor":19.0,"gold_loss":0.0,"damage_taken":0.0,"cards_obtained":["Self Repair","BootSequence"]},{"damage_healed":0.0,"max_hp_gain":0.0,"max_hp_loss":0.0,"gold_gain":0.0,"event_name":"Vampires","player_choice":"Ignored","floor":21.0,"gold_loss":0.0,"damage_taken":0.0},{"damage_healed":0.0,"max_hp_gain":0.0,"max_hp_loss":0.0,"gold_gain":0.0,"event_name":"Colosseum","player_choice":"Fight","floor":24.0,"gold_loss":0.0,"damage_taken":0.0},{"damage_healed":0.0,"max_hp_gain":0.0,"max_hp_loss":0.0,"gold_gain":0.0,"event_name":"Colosseum","player_choice":"Fought Nobs","floor":24.0,"gold_loss":0.0,"damage_taken":0.0},{"damage_healed":0.0,"max_hp_gain":0.0,"max_hp_loss":0.0,"gold_gain":0.0,"event_name":"Cursed Tome","player_choice":"Ignored","floor":29.0,"gold_loss":0.0,"damage_taken":0.0},{"damage_healed":0.0,"max_hp_gain":0.0,"max_hp_loss":0.0,"gold_gain":0.0,"event_name":"Upgrade Shrine","player_choice":"Upgraded","floor":31.0,"gold_loss":0.0,"damage_taken":0.0,"cards_upgraded":["White Noise"]},{"damage_healed":0.0,"max_hp_gain":0.0,"max_hp_loss":0.0,"gold_gain":0.0,"event_name":"MindBloom","player_choice":"Fight","floor":37.0,"gold_loss":0.0,"damage_taken":0.0},{"damage_healed":0.0,"max_hp_gain":0.0,"max_hp_loss":0.0,"gold_gain":0.0,"event_name":"Lab","player_choice":"Got Potions","floor":40.0,"gold_loss":0.0,"damage_taken":0.0},{"damage_healed":72.0,"max_hp_gain":0.0,"max_hp_loss":10.0,"gold_gain":0.0,"event_name":"The Moai Head","player_choice":"Heal","floor":47.0,"gold_loss":0.0,"damage_taken":0.0}],"is_beta":false,"boss_relics":[{"not_picked":["Eternal Feather","Astrolabe"],"picked":"Philosopher\u0027s Stone"},{"not_picked":["Coffee Dripper","Calling Bell"],"picked":"FrozenCore"}],"items_purged_floors":[5,48],"is_endless":false,"potions_floor_spawned":[2,3,14,16,18,24,33,35,38,39,45],"killed_by":"The Heart","ascension_level":13}