{"gold_per_floor":[113,113,129,147,164,164,194,210,210,210,285,296,296,64,64,165,165,175,191,290,70,70,96,21,38,62,62,89,101,126,13,13,111,111,123,140,189,189,200,200,217,217,217,232,244,244,244,258,258,258],"floor_reached":51,"playtime":6130,"items_purged":["Strike_R","Strike_R","Strike_R"],"score":664,"play_id":"bf951dc0-ce63-4e24-8274-1c9189ddfef8","local_time":"20190526212924","is_ascension_mode":false,"campfire_choices":[{"data":"Flame Barrier","floor":6,"key":"SMITH"},{"data":"Armaments","floor":10,"key":"SMITH"},{"data":"Battle Trance","floor":15,"key":"SMITH"},{"data":"Juggernaut","floor":27,"key":"SMITH"},{"data":"Rupture","floor":32,"key":"SMITH"},{"data":"Trip","floor":40,"key":"SMITH"},{"data":"Bloodletting","floor":42,"key":"SMITH"},{"data":"Shockwave","floor":47,"key":"SMITH"},{"data":"Metallicize","floor":49,"key":"SMITH"}],"neow_cost":"NONE","seed_source_timestamp":256660166072670,"circlet_count":0,"master_deck":["Strike_R","Strike_R","Defend_R","Defend_R","Defend_R","Bash","Flame Barrier+1","Trip+1","Battle Trance+1","Pommel Strike","Armaments+1","Thunderclap","Bloodletting+1","Juggernaut+1","Second Wind+1","Metallicize+1","Metallicize","Ghostly Armor","Shockwave+1","Inflame","Iron Wave+1","Ghostly","Ghostly","Ghostly","Ghostly","Ghostly","Rupture+1","Brutality","Shrug It Off+1","Flame Barrier+1"],"relics":["Burning Blood","Dream Catcher","Matryoshka","Blood Vial","Vajra","Busted Crown","Meat on the Bone","Centennial Puzzle","Bag of Preparation","MawBank","Coffee Dripper","Unceasing Top","Toxic Egg 2","FossilizedHelix"],"potions_floor_usage":[23,33,44,45,50,50],"damage_taken":[{"damage":7,"enemies":"2 Louse","floor":1,"turns":3},{"damage":0,"enemies":"Cultist","floor":3,"turns":2},{"damage":0,"enemies":"Small Slimes","floor":4,"turns":2},{"damage":8,"enemies":"2 Fungi Beasts","floor":5,"turns":4},{"damage":19,"enemies":"3 Sentries","floor":7,"turns":11},{"damage":6,"enemies":"Red Slaver","floor":8,"turns":6},{"damage":12,"enemies":"3 Louse","floor":12,"turns":3},{"damage":15,"enemies":"Slime Boss","floor":16,"turns":10},{"damage":23,"enemies":"3 Byrds","floor":18,"turns":5},{"damage":5,"enemies":"Shell Parasite","floor":19,"turns":5},{"damage":48,"enemies":"Slavers","floor":23,"turns":5},{"damage":0,"enemies":"Centurion and Healer","floor":25,"turns":7},{"damage":44,"enemies":"Gremlin Leader","floor":28,"turns":6},{"damage":4,"enemies":"Chosen and Byrds","floor":30,"turns":7},{"damage":24,"enemies":"Champ","floor":33,"turns":12},{"damage":21,"enemies":"3 Shapes","floor":35,"turns":6},{"damage":7,"enemies":"3 Darklings","floor":36,"turns":5},{"damage":31,"enemies":"2 Orb Walkers","floor":37,"turns":6},{"damage":1,"enemies":"Jaw Worm Horde","floor":39,"turns":5},{"damage":10,"enemies":"Sphere and 2 Shapes","floor":41,"turns":6},{"damage":9,"enemies":"4 Shapes","floor":44,"turns":8},{"damage":3,"enemies":"Spire Growth","floor":45,"turns":5},{"damage":16,"enemies":"Jaw Worm Horde","floor":48,"turns":6},{"damage":32,"enemies":"Awakened One","floor":50,"turns":10}],"seed_played":"1148830815628374895","potions_obtained":[{"floor":1,"key":"PowerPotion"},{"floor":3,"key":"EssenceOfSteel"},{"floor":8,"key":"BloodPotion"},{"floor":23,"key":"SkillPotion"},{"floor":25,"key":"Dexterity Potion"},{"floor":36,"key":"LiquidBronze"},{"floor":37,"key":"GamblersBrew"},{"floor":44,"key":"Fruit Juice"},{"floor":45,"key":"Explosive Potion"}],"is_trial":false,"path_per_floor":["M","?","M","M","M","R","E","M","T","R","?","M","?","$","R","B",null,"M","M","?","$","?","E","?","M","T","R","E","?","M","$","R","B",null,"M","M","?","?","M","R","M","R","T","M","M","?","R","M","R","B",null],"character_chosen":"IRONCLAD","items_purchased":["Vajra","Metallicize","Ghostly Armor"],"campfire_rested":0,"item_purchase_floors":[14,21,21],"current_hp_per_floor":[82,82,86,89,91,91,82,86,86,86,75,73,73,73,73,69,108,95,101,101,101,101,61,61,73,73,73,49,49,56,56,56,40,62,50,51,43,43,50,50,51,51,51,53,63,63,63,55,55,43],"gold":258,"neow_bonus":"ONE_RANDOM_RARE_CARD","is_prod":false,"is_daily":false,"chose_seed":false,"campfire_upgraded":9,"win_rate":0.0,"timestamp":1558898964,"path_taken":["M","?","?","M","M","R","E","M","T","R","?","M","?","$","R","BOSS","M","M","?","$","?","E","?","M","T","R","E","?","M","?","R","BOSS","M","M","?","?","M","R","M","R","T","M","M","?","R","M","R","BOSS"],"build_version":"2019-01-23","purchased_purges":3,"victory":true,"max_hp_per_floor":[83,83,86,89,93,93,97,101,101,101,101,105,105,105,105,108,108,112,115,115,115,115,115,115,119,119,119,119,59,62,62,62,62,62,65,65,68,68,68,68,71,71,71,74,79,79,79,79,79,79],"card_choices":[{"not_picked":["Blood for Blood","Pommel Strike"],"picked":"Flame Barrier","floor":1},{"not_picked":["True Grit","Rage"],"picked":"Pommel Strike","floor":3},{"not_picked":["True Grit","Body Slam"],"picked":"Armaments","floor":4},{"not_picked":["Warcry","Clash","Clothesline"],"picked":"SKIP","floor":5},{"not_picked":["Hemokinesis","Fire Breathing"],"picked":"Thunderclap","floor":7},{"not_picked":["Perfected Strike","Limit Break"],"picked":"Bloodletting","floor":8},{"not_picked":["Sever Soul","Clothesline","Twin Strike"],"picked":"SKIP","floor":12},{"not_picked":["Reaper","Berserk"],"picked":"Juggernaut","floor":16},{"not_picked":[],"picked":"Second Wind+1","floor":18},{"not_picked":[],"picked":"Metallicize","floor":19},{"not_picked":[],"picked":"Shockwave","floor":23},{"not_picked":[],"picked":"Inflame","floor":25},{"not_picked":[],"picked":"Iron Wave+1","floor":28},{"not_picked":[],"picked":"Rupture","floor":30},{"not_picked":[],"picked":"Brutality","floor":33},{"not_picked":["Reckless Charge+1"],"picked":"SKIP","floor":35},{"not_picked":[],"picked":"Shrug It Off+1","floor":36},{"not_picked":[],"picked":"Flame Barrier+1","floor":37},{"not_picked":["Warcry"],"picked":"SKIP","floor":39},{"not_picked":["Twin Strike"],"picked":"SKIP","floor":41},{"not_picked":["Twin Strike"],"picked":"SKIP","floor":44},{"not_picked":["Corruption"],"picked":"SKIP","floor":45},{"not_picked":["Flex+1"],"picked":"SKIP","floor":48}],"player_experience":9171,"relics_obtained":[{"floor":7,"key":"Dream Catcher"},{"floor":9,"key":"Matryoshka"},{"floor":23,"key":"Meat on the Bone"},{"floor":26,"key":"Centennial Puzzle"},{"floor":26,"key":"Bag of Preparation"},{"floor":28,"key":"MawBank"},{"floor":37,"key":"Unceasing Top"},{"floor":43,"key":"Toxic Egg 2"},{"floor":43,"key":"FossilizedHelix"}],"event_choices":[{"damage_healed":0,"gold_gain":0,"player_choice":"2 cards matched","damage_taken":0,"max_hp_gain":0,"max_hp_loss":0,"event_name":"Match and Keep!","floor":2,"gold_loss":0,"cards_obtained":["Trip","Battle Trance"]},{"damage_healed":0,"gold_gain":75,"player_choice":"Gather Gold","damage_taken":11,"max_hp_gain":0,"max_hp_loss":0,"event_name":"World of Goop","floor":11,"gold_loss":0},{"damage_healed":0,"gold_gain":0,"player_choice":"Gave Potion","damage_taken":0,"relics_obtained":["Blood Vial"],"max_hp_gain":0,"max_hp_loss":0,"event_name":"WeMeetAgain","floor":13,"gold_loss":0},{"damage_healed":0,"gold_gain":99,"player_choice":"Stole From Cult","damage_taken":0,"max_hp_gain":0,"max_hp_loss":0,"event_name":"Nest","floor":20,"gold_loss":0},{"cards_removed":["Defend_R"],"damage_healed":0,"gold_gain":0,"player_choice":"Gave Gold","damage_taken":0,"max_hp_gain":0,"max_hp_loss":0,"event_name":"Beggar","floor":24,"gold_loss":75},{"damage_healed":0,"gold_gain":0,"player_choice":"Became a Ghost","damage_taken":0,"max_hp_gain":0,"max_hp_loss":60,"event_name":"Ghosts","floor":29,"gold_loss":0,"cards_obtained":["Ghostly","Ghostly","Ghostly","Ghostly","Ghostly"]},{"damage_healed":0,"gold_gain":0,"player_choice":"Fight","damage_taken":0,"max_hp_gain":0,"max_hp_loss":0,"event_name":"Mysterious Sphere","floor":37,"gold_loss":0},{"damage_healed":0,"gold_gain":0,"player_choice":"Memory 1","damage_taken":0,"max_hp_gain":0,"max_hp_loss":0,"event_name":"SensoryStone","floor":38,"gold_loss":0},{"cards_removed":["Feed"],"damage_healed":0,"gold_gain":0,"player_choice":"Removed Attack","damage_taken":0,"max_hp_gain":0,"max_hp_loss":0,"event_name":"Falling","floor":46,"gold_loss":0}],"is_beta":false,"boss_relics":[{"not_picked":["Black Blood","Tiny House"],"picked":"Busted Crown"},{"not_picked":["White Beast Statue","Sozu"],"picked":"Coffee Dripper"}],"items_purged_floors":[14,21,31],"is_endless":false,"potions_floor_spawned":[1,3,8,23,25,36,37,44,45],"ascension_level":0}