{"gold_per_floor":[118,218,229,42,62,62,81,116,166,166,183,197,209,219,219,315,315,327,87,77,77],"floor_reached":21,"playtime":875,"items_purged":[],"score":194,"play_id":"4eeeba06-a850-41e9-8ddd-ffc865d8826e","local_time":"20190522233244","is_ascension_mode":true,"campfire_choices":[{"data":"Apotheosis","floor":6,"key":"SMITH"},{"floor":10,"key":"REST"},{"data":"Rampage","floor":15,"key":"SMITH"}],"neow_cost":"TEN_PERCENT_HP_LOSS","seed_source_timestamp":18125447382600,"circlet_count":0,"master_deck":["Strike_R","Strike_R","Strike_R","Strike_R","Strike_R","Defend_R","Defend_R","Defend_R","Defend_R","Bash","Headbutt","Rampage+1","Apotheosis+1","Clothesline","Cleave","Brutality","Heavy Blade+1"],"relics":["Burning Blood","Peace Pipe","Meat on the Bone","Red Skull","Black Star","Bottled Flame"],"potions_floor_usage":[8,11,16,16,16],"damage_taken":[{"damage":13,"enemies":"Jaw Worm","floor":1,"turns":4},{"damage":10,"enemies":"Cultist","floor":3,"turns":4},{"damage":5,"enemies":"2 Louse","floor":5,"turns":4},{"damage":9,"enemies":"Looter","floor":7,"turns":4},{"damage":47,"enemies":"3 Sentries","floor":8,"turns":8},{"damage":8,"enemies":"Large Slime","floor":11,"turns":4},{"damage":21,"enemies":"Blue Slaver","floor":12,"turns":4},{"damage":13,"enemies":"2 Fungi Beasts","floor":13,"turns":3},{"damage":13,"enemies":"Lots of Slimes","floor":14,"turns":3},{"damage":11,"enemies":"Slime Boss","floor":16,"turns":6},{"damage":41,"enemies":"3 Byrds","floor":18,"turns":6},{"damage":34,"enemies":"2 Thieves","floor":20,"turns":4},{"damage":33,"enemies":"Centurion and Healer","floor":21,"turns":6}],"seed_played":"-5848514896949816329","potions_obtained":[{"floor":3,"key":"Dexterity Potion"},{"floor":7,"key":"Energy Potion"},{"floor":11,"key":"FearPotion"},{"floor":13,"key":"Ancient Potion"},{"floor":14,"key":"Poison Potion"},{"floor":18,"key":"Ancient Potion"}],"is_trial":false,"path_per_floor":["M","?","M","$","M","R","M","E","T","R","M","M","M","M","R","B",null,"M","$","M","M"],"character_chosen":"IRONCLAD","items_purchased":["Apotheosis","Bottled Flame"],"campfire_rested":1,"item_purchase_floors":[4,19],"current_hp_per_floor":[65,65,61,61,62,62,59,18,18,39,49,46,51,44,44,51,72,49,49,33,0],"gold":77,"neow_bonus":"ONE_RARE_RELIC","is_prod":false,"is_daily":false,"chose_seed":false,"campfire_upgraded":2,"win_rate":0,"timestamp":1558560764,"path_taken":["M","?","M","$","M","R","M","E","T","R","M","M","?","M","R","BOSS","M","?","M","?"],"build_version":"2019-01-23","purchased_purges":0,"victory":false,"max_hp_per_floor":[72,72,72,72,72,72,72,72,72,72,72,72,72,72,72,72,72,72,72,72,72],"card_choices":[{"not_picked":["Battle Trance","Anger"],"picked":"Headbutt","floor":1},{"not_picked":["Heavy Blade","Evolve"],"picked":"Rampage","floor":3},{"not_picked":["Reckless Charge","Havoc"],"picked":"Clothesline","floor":5},{"not_picked":["Flex","Disarm","Sword Boomerang"],"picked":"SKIP","floor":7},{"not_picked":["Pummel","True Grit"],"picked":"Cleave","floor":8},{"not_picked":["Havoc","True Grit","Burning Pact"],"picked":"SKIP","floor":11},{"not_picked":["Wild Strike","Blood for Blood","Body Slam"],"picked":"SKIP","floor":12},{"not_picked":["Clash","Body Slam","Pommel Strike"],"picked":"SKIP","floor":13},{"not_picked":["Body Slam","Clothesline","True Grit"],"picked":"SKIP","floor":14},{"not_picked":["Offering","Fiend Fire"],"picked":"Brutality","floor":16},{"not_picked":["Pummel","Sentinel","Clothesline+1"],"picked":"SKIP","floor":18},{"not_picked":["Perfected Strike","Disarm"],"picked":"Heavy Blade+1","floor":20}],"player_experience":334691,"relics_obtained":[{"floor":8,"key":"Meat on the Bone"},{"floor":9,"key":"Red Skull"}],"event_choices":[{"damage_healed":0,"gold_gain":100,"player_choice":"Gold","damage_taken":0,"max_hp_gain":0,"max_hp_loss":0,"event_name":"Wheel of Change","floor":2,"gold_loss":0}],"is_beta":false,"boss_relics":[{"not_picked":["Astrolabe","Lizard Tail"],"picked":"Black Star"}],"items_purged_floors":[],"is_endless":false,"potions_floor_spawned":[3,7,11,13,14,18],"killed_by":"Centurion and Healer","ascension_level":1}