{"gold_per_floor":[368,368,15,31,48,80,80,94,94,94,94,94,110,130,130,259,259,277,277,137,150,173,216,228],"floor_reached":24,"playtime":1466,"items_purged":["Strike_B","Regret"],"score":218,"play_id":"41bbe56f-cf9a-4f95-ad08-a27df5ec6465","local_time":"20181026211332","is_ascension_mode":false,"campfire_choices":[{"data":"White Noise","floor":7,"key":"SMITH"},{"data":"Fusion","floor":10,"key":"SMITH"},{"data":"Loop","floor":15,"key":"SMITH"}],"neow_cost":"CURSE","seed_source_timestamp":179194817371824,"circlet_count":0,"master_deck":["Strike_B","Strike_B","Strike_B","Defend_B","Defend_B+1","Defend_B+1","Defend_B","Zap","Dualcast","Go for the Eyes","Stack","FTL","Fusion+1","Conserve Battery","White Noise+1","Ball Lightning","Hologram","Loop+1","Echo Form","Rebound","White Noise","Defragment","Doom and Gloom+1","Compile Driver","Rainbow"],"relics":["Cracked Core","War Paint","Pantograph","Sundial","StoneCalendar","Golden Idol","Coffee Dripper","MawBank"],"potions_floor_usage":[16,16,18,22,24],"damage_taken":[{"damage":0,"enemies":"Small Slimes","floor":1,"turns":3},{"damage":0,"enemies":"Jaw Worm","floor":4,"turns":3},{"damage":0,"enemies":"2 Louse","floor":5,"turns":2},{"damage":2,"enemies":"Lagavulin","floor":6,"turns":9},{"damage":4,"enemies":"Exordium Wildlife","floor":8,"turns":5},{"damage":2,"enemies":"Blue Slaver","floor":13,"turns":4},{"damage":7,"enemies":"2 Fungi Beasts","floor":14,"turns":4},{"damage":27,"enemies":"Hexaghost","floor":16,"turns":9},{"damage":13,"enemies":"2 Thieves","floor":18,"turns":3},{"damage":2,"enemies":"Shell Parasite","floor":21,"turns":5},{"damage":23,"enemies":"Snecko","floor":22,"turns":5},{"damage":36,"enemies":"Slavers","floor":23,"turns":6},{"damage":1,"enemies":"3 Cultists","floor":24,"turns":2}],"seed_played":"6885836518591428688","potions_obtained":[{"floor":4,"key":"EssenceOfSteel"},{"floor":6,"key":"EssenceOfSteel"},{"floor":8,"key":"Block Potion"},{"floor":14,"key":"Fire Potion"},{"floor":21,"key":"Poison Potion"},{"floor":22,"key":"Swift Potion"}],"is_trial":false,"path_per_floor":["M","?","$","M","M","E","R","M","T","R","?","?","M","M","R","B",null,"M","?","$","M","M","E"],"character_chosen":"DEFECT","items_purchased":["War Paint","Stack","FTL","Defragment"],"campfire_rested":0,"item_purchase_floors":[3,3,3,20],"current_hp_per_floor":[75,75,75,75,75,73,73,69,69,69,69,51,49,42,42,40,75,62,62,62,60,37,1,0],"gold":228,"neow_bonus":"TWO_FIFTY_GOLD","is_prod":false,"is_daily":false,"chose_seed":false,"campfire_upgraded":3,"win_rate":0,"timestamp":1540613612,"path_taken":["M","?","$","M","M","E","R","M","T","R","?","?","M","M","R","BOSS","M","?","?","M","?","E","M"],"build_version":"2018-10-25v2","purchased_purges":2,"victory":false,"max_hp_per_floor":[75,75,75,75,75,75,75,75,75,75,75,75,75,75,75,75,75,75,75,75,75,75,75,75],"card_choices":[{"not_picked":["Stack","Redo"],"picked":"Go for the Eyes","floor":1},{"not_picked":["Undo","Streamline"],"picked":"Fusion","floor":4},{"not_picked":["Coolheaded","Consume"],"picked":"Conserve Battery","floor":5},{"not_picked":["Leap","Consume"],"picked":"White Noise","floor":6},{"not_picked":["Compile Driver","Conserve Battery"],"picked":"Ball Lightning","floor":8},{"not_picked":["Conserve Battery","Ball Lightning"],"picked":"Hologram","floor":13},{"not_picked":["Beam Cell","Leap"],"picked":"Loop","floor":14},{"not_picked":["Biased Cognition","Buffer"],"picked":"Echo Form","floor":16},{"not_picked":["FTL","Blizzard+1"],"picked":"Rebound","floor":18},{"not_picked":["Rebound","Barrage"],"picked":"Doom and Gloom+1","floor":21},{"not_picked":["Chaos","Rebound+1"],"picked":"Compile Driver","floor":22},{"not_picked":["Heatsinks","Blizzard"],"picked":"Rainbow","floor":23}],"player_experience":99503,"relics_obtained":[{"floor":6,"key":"Pantograph"},{"floor":9,"key":"Sundial"},{"floor":23,"key":"MawBank"}],"event_choices":[{"cards_removed":["Writhe"],"damage_healed":0,"gold_gain":0,"player_choice":"Forget","damage_taken":0,"max_hp_gain":0,"max_hp_loss":0,"event_name":"Living Wall","floor":2,"gold_loss":0},{"damage_healed":0,"gold_gain":0,"player_choice":"Box","damage_taken":0,"relics_obtained":["StoneCalendar"],"max_hp_gain":0,"max_hp_loss":0,"event_name":"Big Fish","floor":11,"gold_loss":0,"cards_obtained":["Regret"]},{"damage_healed":0,"gold_gain":0,"player_choice":"Take Damage","damage_taken":18,"relics_obtained":["Golden Idol"],"max_hp_gain":0,"max_hp_loss":0,"event_name":"Golden Idol","floor":12,"gold_loss":0},{"damage_healed":0,"gold_gain":0,"player_choice":"Read","damage_taken":0,"max_hp_gain":0,"max_hp_loss":0,"event_name":"The Library","floor":19,"gold_loss":0,"cards_obtained":["White Noise"]}],"is_beta":false,"boss_relics":[{"not_picked":["Cursed Key","Runic Pyramid"],"picked":"Coffee Dripper"}],"items_purged_floors":[3,20],"is_endless":false,"potions_floor_spawned":[4,6,8,14,21,22],"killed_by":"3 Cultists","ascension_level":0}