{"gold_per_floor":[119,134,134,134,153,153,18,18,18,18,18,54,54,73,73,197,197,211,232,187,187,113,113,154,154,231,141,166,166,183,193,193,289,289,305,315,315,315,315,315,333,364,394,394],"floor_reached":44,"playtime":4071,"items_purged":[],"score":556,"play_id":"57800fe0-3e5a-4329-b62b-4e214e9a0172","local_time":"20181009231142","is_ascension_mode":true,"campfire_choices":[{"floor":8,"key":"REST"},{"data":"Infinite Blades","floor":10,"key":"SMITH"},{"floor":13,"key":"REST"},{"data":"Discovery","floor":15,"key":"SMITH"},{"floor":23,"key":"REST"},{"floor":29,"key":"REST"},{"floor":32,"key":"REST"},{"data":"Malaise","floor":40,"key":"SMITH"}],"neow_cost":"","seed_source_timestamp":784894206300,"circlet_count":0,"master_deck":["Survivor","Neutralize","PiercingWail","Cloak And Dagger+1","Injury","Glass Knife","Discovery+1","Infinite Blades+1","Tactician","Outmaneuver","Malaise+1","Bane","Backflip","Prepared","Dodge and Roll","Slice","Heel Hook","Slice","Prepared","Prepared","Slice","Blade Dance+1","Blade Dance","Footwork+1","Cloak And Dagger+1","PiercingWail","Caltrops+1","Cloak And Dagger","Well Laid Plans+1","Deflect","Burst","Cloak And Dagger","Well Laid Plans+1","Burst","Flying Knee+1","Concentrate+1","Outmaneuver+1","Dagger Spray+1","Enlightenment","Bandage Up","Chrysalis","Underhanded Strike+1","Writhe","PiercingWail","All Out Attack+1"],"relics":["Ring of the Snake","Bloody Idol","Frozen Egg 2","Mercury Hourglass","Pandora\u0027s Box","Mummified Hand","Molten Egg 2","Paper Crane","Orrery","Tingsha","Boot","Tiny Chest"],"potions_floor_usage":[12,16,19,24,33,42],"damage_taken":[{"damage":5,"enemies":"Jaw Worm","floor":1,"turns":4},{"damage":0,"enemies":"Small Slimes","floor":2,"turns":3},{"damage":0,"enemies":"2 Louse","floor":5,"turns":3},{"damage":33,"enemies":"Gremlin Nob","floor":6,"turns":5},{"damage":14,"enemies":"Lagavulin","floor":12,"turns":6},{"damage":0,"enemies":"2 Fungi Beasts","floor":14,"turns":2},{"damage":53,"enemies":"Slime Boss","floor":16,"turns":8},{"damage":12,"enemies":"3 Byrds","floor":18,"turns":6},{"damage":10,"enemies":"Shell Parasite","floor":19,"turns":3},{"damage":61,"enemies":"Gremlin Leader","floor":24,"turns":7},{"damage":2,"enemies":"Book of Stabbing","floor":28,"turns":6},{"damage":0,"enemies":"Snake Plant","floor":30,"turns":4},{"damage":13,"enemies":"Snecko","floor":31,"turns":6},{"damage":30,"enemies":"Automaton","floor":33,"turns":14},{"damage":9,"enemies":"3 Shapes","floor":35,"turns":4},{"damage":9,"enemies":"3 Darklings","floor":36,"turns":8},{"damage":16,"enemies":"Mind Bloom Boss Battle","floor":38,"turns":8},{"damage":8,"enemies":"Reptomancer","floor":41,"turns":10},{"damage":27,"enemies":"Nemesis","floor":42,"turns":7},{"damage":69,"enemies":"Transient","floor":44,"turns":4}],"seed_played":"6513811574093192203","potions_obtained":[{"floor":2,"key":"FearPotion"},{"floor":12,"key":"LiquidBronze"},{"floor":14,"key":"GamblersBrew"},{"floor":18,"key":"Strength Potion"},{"floor":30,"key":"GhostInAJar"},{"floor":41,"key":"Swift Potion"}],"is_trial":false,"path_per_floor":["M","M","?","?","M","E","$","R","T","R","?","E","R","M","R","B",null,"M","M","$","?","$","R","E","?","T","$","E","R","M","M","R","B",null,"M","M","?","?","?","R","M","E","T"],"character_chosen":"THE_SILENT","items_purchased":["Discovery","Infinite Blades","Blade Dance","Footwork+1","PiercingWail","Caltrops+1"],"campfire_rested":5,"item_purchase_floors":[7,7,20,22,27,27],"current_hp_per_floor":[65,65,65,65,65,32,32,53,53,53,53,39,60,60,60,7,70,58,48,48,48,48,69,8,8,13,13,16,37,42,34,55,30,70,66,62,52,40,58,58,59,41,46,0],"gold":394,"neow_bonus":"","is_prod":false,"is_daily":false,"chose_seed":false,"campfire_upgraded":3,"win_rate":0,"timestamp":1539119502,"path_taken":["M","M","?","?","M","E","$","R","T","R","?","E","R","M","R","BOSS","M","M","$","?","?","R","E","?","T","?","E","R","?","M","R","BOSS","M","?","?","?","?","R","M","E","T","?"],"build_version":"2018-10-04v2","purchased_purges":0,"victory":false,"max_hp_per_floor":[70,70,70,70,70,70,70,70,70,70,70,70,70,70,70,70,70,70,70,70,70,70,70,70,70,70,70,70,70,70,70,70,70,70,70,70,70,70,70,70,70,70,70,70],"card_choices":[{"not_picked":["Deflect","Dash"],"picked":"PiercingWail","floor":1},{"not_picked":["Setup","Outmaneuver"],"picked":"Cloak And Dagger","floor":2},{"not_picked":["Dodge and Roll","Calculated Gamble"],"picked":"Glass Knife","floor":5},{"not_picked":["Prepared","Setup","Skewer"],"picked":"SKIP","floor":6},{"not_picked":["Quick Slash","Bouncing Flask"],"picked":"Tactician","floor":12},{"not_picked":["Poisoned Stab","Deadly Poison"],"picked":"Outmaneuver","floor":14},{"not_picked":["Venomology","Grand Finale"],"picked":"Malaise","floor":16},{"not_picked":["Deflect+1","Underhanded Strike"],"picked":"Blade Dance+1","floor":18},{"not_picked":["Skewer","Poisoned Stab","Dagger Spray"],"picked":"SKIP","floor":19},{"not_picked":["Poisoned Stab+1","Flying Knee"],"picked":"Cloak And Dagger+1","floor":24},{"not_picked":["Outmaneuver","All Out Attack+1"],"picked":"Cloak And Dagger","floor":28},{"not_picked":["Catalyst","Dagger Spray+1"],"picked":"Well Laid Plans+1","floor":30},{"not_picked":["Storm of Steel","Bane+1"],"picked":"Deflect","floor":31},{"not_picked":["Malaise","Adrenaline"],"picked":"Burst","floor":33},{"not_picked":["Dagger Throw+1","Quick Slash+1"],"picked":"Cloak And Dagger","floor":34},{"not_picked":["Prepared","Bane+1"],"picked":"Well Laid Plans+1","floor":34},{"not_picked":["Expertise","Bane+1"],"picked":"Burst","floor":34},{"not_picked":["Bane+1","Quick Slash+1"],"picked":"Flying Knee+1","floor":34},{"not_picked":["Riddle With Holes+1","Acrobatics"],"picked":"Concentrate+1","floor":34},{"not_picked":["Deadly Poison","Setup"],"picked":"Outmaneuver+1","floor":35},{"not_picked":["Bane+1","Well Laid Plans+1"],"picked":"Dagger Spray+1","floor":36},{"not_picked":["Impatience","Madness"],"picked":"Enlightenment","floor":37},{"not_picked":["Swift Strike+1","Forethought"],"picked":"Bandage Up","floor":37},{"not_picked":["Impatience","Violence"],"picked":"Chrysalis","floor":37},{"not_picked":["Bouncing Flask","Poisoned Stab+1"],"picked":"Underhanded Strike+1","floor":38},{"not_picked":["Bouncing Flask","Slice+1"],"picked":"PiercingWail","floor":41},{"not_picked":["Skewer+1","Backflip"],"picked":"All Out Attack+1","floor":42}],"player_experience":247930,"relics_obtained":[{"floor":9,"key":"Frozen Egg 2"},{"floor":12,"key":"Mercury Hourglass"},{"floor":24,"key":"Mummified Hand"},{"floor":26,"key":"Molten Egg 2"},{"floor":28,"key":"Paper Crane"},{"floor":38,"key":"Tingsha"},{"floor":42,"key":"Boot"},{"floor":43,"key":"Tiny Chest"}],"event_choices":[{"event_name":"Golden Idol","player_choice":"Take Wound","floor":3,"damage_taken":0},{"event_name":"Living Wall","player_choice":"Grow","floor":4,"damage_taken":0},{"event_name":"The Cleric","player_choice":"Leave","floor":11,"damage_taken":0},{"event_name":"Ghosts","player_choice":"Ignored","floor":21,"damage_taken":0},{"event_name":"Forgotten Altar","player_choice":"Gave Idol","floor":25,"damage_taken":0},{"event_name":"SensoryStone","player_choice":"Memory 3","floor":37,"damage_taken":0},{"event_name":"MindBloom","player_choice":"Fight","floor":38,"damage_taken":0},{"event_name":"Winding Halls","player_choice":"Writhe","floor":39,"damage_taken":0}],"is_beta":false,"boss_relics":[{"not_picked":["Snecko Eye","Astrolabe"],"picked":"Pandora\u0027s Box"},{"not_picked":["Runic Dome","Lizard Tail"],"picked":"Orrery"}],"items_purged_floors":[],"is_endless":false,"potions_floor_spawned":[2,12,14,18,30,41],"killed_by":"Transient","ascension_level":1}