{"gold_per_floor":[216,229,229,48,64,64,83,99,99,130,143,143,143,170,170,170],"floor_reached":16,"playtime":854,"items_purged":[],"score":129,"play_id":"598665cd-6c69-4454-9afe-578b60cd26cc","local_time":"20190524235323","is_ascension_mode":true,"campfire_choices":[{"data":"Magnetism","floor":6,"key":"SMITH"},{"floor":12,"key":"REST"},{"floor":15,"key":"REST"}],"neow_cost":"NONE","seed_source_timestamp":1862424613800,"circlet_count":0,"master_deck":["Strike_R","Strike_R","Strike_R","Strike_R","Strike_R","Defend_R","Defend_R","Defend_R","Defend_R","Bash","Twin Strike","Havoc","Magnetism+1","Uppercut","Havoc","Rage","Body Slam","Cleave","True Grit"],"relics":["Burning Blood","CultistMask","Gremlin Horn","Bottled Lightning","Kunai"],"potions_floor_usage":[8,14,16],"damage_taken":[{"damage":9,"enemies":"2 Louse","floor":1,"turns":4},{"damage":6,"enemies":"Cultist","floor":2,"turns":3},{"damage":4,"enemies":"Jaw Worm","floor":5,"turns":5},{"damage":12,"enemies":"Looter","floor":7,"turns":4},{"damage":15,"enemies":"2 Fungi Beasts","floor":8,"turns":4},{"damage":36,"enemies":"Lagavulin","floor":10,"turns":9},{"damage":33,"enemies":"Exordium Wildlife","floor":11,"turns":6},{"damage":30,"enemies":"Gremlin Nob","floor":14,"turns":4},{"damage":40,"enemies":"Hexaghost","floor":16,"turns":9}],"seed_played":"8152219513933270052","potions_obtained":[{"floor":1,"key":"Fruit Juice"},{"floor":11,"key":"SteroidPotion"},{"floor":14,"key":"Strength Potion"}],"is_trial":false,"path_per_floor":["M","M","?","$","M","R","M","M","T","E","M","R","$","E","R","B"],"character_chosen":"IRONCLAD","items_purchased":["Magnetism"],"campfire_rested":2,"item_purchase_floors":[4],"current_hp_per_floor":[77,77,77,77,79,79,73,69,69,39,12,37,37,13,38,0],"gold":170,"neow_bonus":"HUNDRED_GOLD","is_prod":false,"is_daily":false,"chose_seed":false,"campfire_upgraded":1,"win_rate":0,"timestamp":1558734803,"path_taken":["M","M","?","$","M","R","?","M","T","E","M","R","$","E","R","BOSS"],"build_version":"2019-01-23","purchased_purges":0,"victory":false,"max_hp_per_floor":[80,80,80,80,80,80,80,85,85,85,85,85,85,85,85,85],"card_choices":[{"not_picked":["Sever Soul","Perfected Strike"],"picked":"Twin Strike","floor":1},{"not_picked":["Clothesline","Iron Wave"],"picked":"Havoc","floor":2},{"not_picked":["Flame Barrier","Flex"],"picked":"Uppercut","floor":5},{"not_picked":["Body Slam","Twin Strike"],"picked":"Havoc","floor":7},{"not_picked":["Thunderclap","Burning Pact"],"picked":"Rage","floor":8},{"not_picked":["Flex","Bloodletting"],"picked":"Body Slam","floor":10},{"not_picked":["Searing Blow","Clash"],"picked":"Cleave","floor":11},{"not_picked":["Havoc","Warcry"],"picked":"True Grit","floor":14}],"player_experience":337718,"relics_obtained":[{"floor":9,"key":"Gremlin Horn"},{"floor":10,"key":"Bottled Lightning"},{"floor":14,"key":"Kunai"}],"event_choices":[{"damage_healed":0,"gold_gain":0,"player_choice":"Trade","damage_taken":0,"relics_obtained":["CultistMask"],"max_hp_gain":0,"max_hp_loss":0,"event_name":"FaceTrader","floor":3,"gold_loss":0}],"is_beta":false,"boss_relics":[],"items_purged_floors":[],"is_endless":false,"potions_floor_spawned":[1,11,14],"killed_by":"Hexaghost","ascension_level":3}