{"path_per_floor":["M","M","M","?","M","E","R","M","T","M","$","E","$","M","R","B",null,"M","$","?","?","M","E","M"],"character_chosen":"IRONCLAD","items_purchased":["Exhume","Metallicize","Metallicize","Pommel Strike"],"gold_per_floor":[214,232,248,248,260,289,289,300,300,313,87,112,42,60,60,163,163,177,50,50,50,68,101,121,121],"floor_reached":25,"campfire_rested":1,"playtime":1539,"current_hp_per_floor":[80,80,80,85,85,37,62,66,66,69,69,76,76,74,74,48,85,78,78,78,78,73,51,53,0],"items_purged":["Strike_R"],"gold":121,"score":235,"play_id":"3595fe02-663c-4cad-b34b-5254cfb8e248","local_time":"20180325190134","is_prod":false,"is_daily":false,"is_ascension_mode":false,"campfire_upgraded":1,"timestamp":1522029694,"path_taken":["M","M","M","?","M","E","R","M","T","M","$","E","$","M","R","BOSS","M","$","?","?","M","E","M","E"],"build_version":"2018-03-22v2","purchased_purges":2,"victory":false,"master_deck":["Strike_R+1","Strike_R+1","Strike_R+1","Strike_R+1","Defend_R+1","Defend_R+1","Defend_R+1","Defend_R+1","Bash","Shrug It Off","Sentinel","Headbutt","Offering","Warcry","Iron Wave","Burning Pact","Exhume+1","Metallicize","Warcry","Metallicize","Shockwave","Juggernaut","Pommel Strike","Sentinel"],"max_hp_per_floor":[80,80,80,85,85,85,85,85,85,85,85,85,85,85,85,85,85,85,85,85,85,85,85,85,85],"relics":["Burning Blood","Dream Catcher","Sundial","Meat on the Bone","Cursed Key","Lantern"],"card_choices":[{"not_picked":["Second Wind","Heavy Blade"],"picked":"Shrug It Off","floor":1},{"not_picked":["Clash","Fire Breathing"],"picked":"Sentinel","floor":2},{"not_picked":["Corruption","Iron Wave"],"picked":"Headbutt","floor":3},{"not_picked":["Heavy Blade","Armaments"],"picked":"Offering","floor":6},{"not_picked":["Entrench","Iron Wave"],"picked":"Warcry","floor":7},{"not_picked":["Whirlwind","Spot Weakness"],"picked":"Iron Wave","floor":8},{"not_picked":["Dual Wield","Sentinel"],"picked":"Burning Pact","floor":10},{"not_picked":["True Grit","Clash"],"picked":"Warcry","floor":12},{"not_picked":["Sword Boomerang","Second Wind"],"picked":"Shockwave","floor":14},{"not_picked":["Brutality","Reaper"],"picked":"Juggernaut","floor":16},{"not_picked":["Rupture","Perfected Strike"],"picked":"Sentinel","floor":22}],"player_experience":52992,"potions_floor_usage":[10,12,16,16,18],"damage_taken":[{"damage":2,"enemies":"Small Slimes","floor":1,"turns":3},{"damage":6,"enemies":"Jaw Worm","floor":2,"turns":3},{"damage":0,"enemies":"2 Louse","floor":3,"turns":3},{"damage":6,"enemies":"2 Fungi Beasts","floor":5,"turns":4},{"damage":54,"enemies":"Gremlin Nob","floor":6,"turns":6},{"damage":2,"enemies":"Looter","floor":8,"turns":4},{"damage":3,"enemies":"Red Slaver","floor":10,"turns":4},{"damage":14,"enemies":"3 Sentries","floor":12,"turns":12},{"damage":8,"enemies":"Exordium Thugs","floor":14,"turns":5},{"damage":44,"enemies":"Slime Boss","floor":16,"turns":13},{"damage":13,"enemies":"Chosen","floor":18,"turns":7},{"damage":11,"enemies":"Spheric Guardian","floor":22,"turns":7},{"damage":28,"enemies":"Book of Stabbing","floor":23,"turns":8},{"damage":16,"enemies":"Snecko","floor":24,"turns":5},{"damage":56,"enemies":"Gremlin Leader","floor":25,"turns":6}],"event_choices":[{"event_name":"Big Fish","player_choice":"Donut","floor":4,"damage_taken":0},{"event_name":"Addict","player_choice":"Ignored","floor":20,"damage_taken":0},{"event_name":"Back to Basics","player_choice":"Simplicity","floor":21,"damage_taken":0}],"boss_relics":[{"not_picked":["Black Star","Snecko Eye"],"picked":"Cursed Key"}],"potions_floor_spawned":[1,6,8,12,14,23],"seed_played":"4826827354193088882","killed_by":"Gremlin Leader","ascension_level":0,"is_trial":false}