{"gold_per_floor":[111,186,186,186,82,120,120,153,153,177,193,193,193,212,212,306,306,322,362,350,370,370,370,370],"floor_reached":24,"playtime":1426,"items_purged":[],"score":357,"play_id":"30772e36-3391-43fe-aba7-f46a10ddb8e9","local_time":"20190202131729","is_ascension_mode":true,"campfire_choices":[{"floor":7,"key":"REST"},{"floor":13,"key":"REST"},{"floor":15,"key":"REST"},{"floor":23,"key":"REST"}],"neow_cost":"NONE","seed_source_timestamp":988358373419770,"circlet_count":0,"master_deck":["AscendersBane","Strike_R","Strike_R","Strike_R","Strike_R","Strike_R","Defend_R","Defend_R","Defend_R","Defend_R","Bash","Uppercut+1","Uppercut","Sever Soul","Flame Barrier","Pommel Strike","Carnage","Reaper","Headbutt","True Grit"],"relics":["Burning Blood","Golden Idol","Happy Flower","Champion Belt","Black Star","Red Mask","Nloth\u0027s Gift"],"potions_floor_usage":[6,10,10,20,21],"damage_taken":[{"damage":4,"enemies":"2 Louse","floor":1,"turns":5},{"damage":33,"enemies":"Gremlin Nob","floor":6,"turns":5},{"damage":20,"enemies":"Lagavulin","floor":8,"turns":7},{"damage":2,"enemies":"Small Slimes","floor":10,"turns":2},{"damage":1,"enemies":"Cultist","floor":11,"turns":3},{"damage":20,"enemies":"Lots of Slimes","floor":14,"turns":5},{"damage":31,"enemies":"Slime Boss","floor":16,"turns":12},{"damage":8,"enemies":"Spheric Guardian","floor":18,"turns":3},{"damage":70,"enemies":"Masked Bandits","floor":19,"turns":7},{"damage":12,"enemies":"2 Thieves","floor":20,"turns":4},{"damage":33,"enemies":"Cultist and Chosen","floor":21,"turns":10},{"damage":22,"enemies":"Snake Plant","floor":24,"turns":4}],"seed_played":"6106394979508550347","potions_obtained":[{"floor":1,"key":"Weak Potion"},{"floor":8,"key":"SkillPotion"},{"floor":14,"key":"Block Potion"},{"floor":19,"key":"Ancient Potion"},{"floor":20,"key":"Strength Potion"}],"is_trial":false,"path_per_floor":["M","?","?","?","$","E","R","E","T","M","M","?","R","M","R","B",null,"M","?","M","M","?","R","M"],"character_chosen":"IRONCLAD","items_purchased":["Fruit Juice"],"campfire_rested":4,"item_purchase_floors":[5],"current_hp_per_floor":[77,66,66,38,38,16,42,28,28,32,37,37,63,49,75,50,78,76,17,19,7,7,33,12],"gold":370,"neow_bonus":"TEN_PERCENT_HP_BONUS","is_prod":false,"is_daily":false,"chose_seed":false,"campfire_upgraded":0,"win_rate":0,"timestamp":1549106249,"path_taken":["M","?","?","?","?","E","R","E","T","M","M","?","R","M","R","BOSS","M","?","M","M","?","R","M"],"build_version":"2019-01-23","purchased_purges":0,"victory":false,"max_hp_per_floor":[82,82,82,82,82,87,87,87,87,87,87,87,87,87,87,87,87,87,87,87,87,87,87,87],"card_choices":[{"not_picked":["Heavy Blade","Anger"],"picked":"Uppercut","floor":1},{"not_picked":["Anger","Thunderclap"],"picked":"Uppercut","floor":6},{"not_picked":["Warcry","Whirlwind"],"picked":"Sever Soul","floor":8},{"not_picked":["Searing Blow","Bloodletting"],"picked":"Flame Barrier","floor":10},{"not_picked":["Heavy Blade","Reckless Charge"],"picked":"Pommel Strike","floor":11},{"not_picked":["Berserk","Perfected Strike"],"picked":"Carnage","floor":14},{"not_picked":["Fiend Fire","Offering"],"picked":"Reaper","floor":16},{"not_picked":["Second Wind","Sword Boomerang"],"picked":"Headbutt","floor":18},{"not_picked":["Anger","Headbutt"],"picked":"True Grit","floor":20},{"not_picked":["Spot Weakness","Body Slam","Shockwave+1"],"picked":"SKIP","floor":21}],"player_experience":404991,"relics_obtained":[{"floor":6,"key":"Happy Flower"},{"floor":8,"key":"Shuriken"},{"floor":9,"key":"Champion Belt"},{"floor":19,"key":"Red Mask"}],"event_choices":[{"damage_healed":0,"gold_gain":75,"player_choice":"Gather Gold","damage_taken":11,"max_hp_gain":0,"max_hp_loss":0,"event_name":"World of Goop","floor":2,"gold_loss":0},{"damage_healed":0,"gold_gain":0,"player_choice":"Grow","damage_taken":0,"max_hp_gain":0,"max_hp_loss":0,"event_name":"Living Wall","floor":3,"gold_loss":0,"cards_upgraded":["Uppercut"]},{"damage_healed":0,"gold_gain":0,"player_choice":"Take Damage","damage_taken":28,"relics_obtained":["Golden Idol"],"max_hp_gain":0,"max_hp_loss":0,"event_name":"Golden Idol","floor":4,"gold_loss":0},{"damage_healed":0,"gold_gain":0,"player_choice":"Ignored","damage_taken":0,"max_hp_gain":0,"max_hp_loss":0,"event_name":"Liars Game","floor":12,"gold_loss":0},{"damage_healed":0,"gold_gain":0,"player_choice":"Fought Bandits","damage_taken":0,"max_hp_gain":0,"max_hp_loss":0,"event_name":"Masked Bandits","floor":19,"gold_loss":0},{"damage_healed":0,"gold_gain":0,"player_choice":"Traded Relic","damage_taken":0,"relics_obtained":["Nloth\u0027s Gift"],"max_hp_gain":0,"max_hp_loss":0,"event_name":"N\u0027loth","floor":22,"relics_lost":["Shuriken"],"gold_loss":0}],"is_beta":true,"boss_relics":[{"not_picked":["Empty Cage","Orrery"],"picked":"Black Star"}],"items_purged_floors":[],"is_endless":false,"potions_floor_spawned":[1,8,14,19,20],"killed_by":"Snake Plant","ascension_level":15}