{"gold_per_floor":[110,128,128,182,182,210,224,81,132,142,173,173,198,209,209,312,312,323,323,238,249,249,249,275,275,302,302,331,331,351,105,105,207,207,224,224,238,289,5,33,33,67,90,110,139,158,177,206,206,206],"floor_reached":51,"playtime":2976,"items_purged":[],"score":1090,"play_id":"5d5cef91-5fc3-4a59-bc67-0f674aaaaf95","local_time":"20181107194054","is_ascension_mode":true,"campfire_choices":[{"data":"Uppercut","floor":12.0,"key":"SMITH"},{"data":"Double Tap","floor":15.0,"key":"SMITH"},{"data":"Perfected Strike","floor":23,"key":"SMITH"},{"data":"Armaments","floor":25,"key":"SMITH"},{"floor":29,"key":"REST"},{"data":"Dark Embrace","floor":32,"key":"SMITH"},{"data":"Immolate","floor":41,"key":"SMITH"},{"data":"Perfected Strike","floor":49,"key":"SMITH"}],"neow_cost":"NONE","seed_source_timestamp":0,"circlet_count":0,"master_deck":["Strike_R+1","Strike_R+1","Strike_R+1","Strike_R+1","Strike_R+1","Defend_R+1","Defend_R+1","Defend_R+1","Defend_R+1","Trip","Perfected Strike","Uppercut+1","Flex","Reckless Charge","Anger+1","Flame Barrier","Warcry","Twin Strike","Double Tap+1","Dark Embrace+1","Twin Strike","Perfected Strike+1","Armaments+1","Shrug It Off+1","Shrug It Off+1","Violence","Immolate+1","Havoc+1","Anger+1","Reckless Charge+1","Perfected Strike+1","Perfected Strike","Warcry+1","Flex+1","Heavy Blade+1","Heavy Blade+1","Dropkick+1","Reckless Charge+1"],"special_seed":0,"relics":["Burning Blood","Letter Opener","Bag of Marbles","Regal Pillow","Oddly Smooth Stone","The Courier","Blood Vial","Runic Pyramid","Frozen Egg 2","Lantern","Orichalcum","Bag of Preparation","Bronze Scales","Mark of Pain","Torii","Whetstone","Potion Belt","Vajra","Anchor","Red Skull","Kunai","StoneCalendar"],"potions_floor_usage":[21,24,24,33,33,46,50,50,50,50,50],"damage_taken":[{"damage":6.0,"enemies":"Cultist","floor":1.0,"turns":4.0},{"damage":11.0,"enemies":"2 Louse","floor":2.0,"turns":3.0},{"damage":20.0,"enemies":"Lagavulin","floor":6.0,"turns":5.0},{"damage":1.0,"enemies":"Small Slimes","floor":7.0,"turns":2.0},{"damage":0.0,"enemies":"Gremlin Gang","floor":10.0,"turns":3.0},{"damage":18.0,"enemies":"3 Sentries","floor":11.0,"turns":6.0},{"damage":12.0,"enemies":"Gremlin Nob","floor":13.0,"turns":3.0},{"damage":0.0,"enemies":"2 Fungi Beasts","floor":14.0,"turns":2.0},{"damage":12.0,"enemies":"Slime Boss","floor":16.0,"turns":6.0},{"damage":5,"enemies":"Spheric Guardian","floor":18,"turns":3},{"damage":0,"enemies":"3 Byrds","floor":21,"turns":3},{"damage":30,"enemies":"Slavers","floor":24,"turns":4},{"damage":15,"enemies":"Gremlin Leader","floor":28,"turns":3},{"damage":0,"enemies":"Snake Plant","floor":30,"turns":1},{"damage":41,"enemies":"Automaton","floor":33,"turns":12},{"damage":0,"enemies":"3 Darklings","floor":35,"turns":4},{"damage":5,"enemies":"3 Shapes","floor":37,"turns":3},{"damage":5,"enemies":"2 Orb Walkers","floor":38,"turns":2},{"damage":0,"enemies":"Nemesis","floor":40,"turns":1},{"damage":2,"enemies":"Giant Head","floor":42,"turns":5},{"damage":0,"enemies":"Sphere and 2 Shapes","floor":44,"turns":2},{"damage":0,"enemies":"Reptomancer","floor":45,"turns":1},{"damage":8,"enemies":"Spire Growth","floor":46,"turns":2},{"damage":0,"enemies":"3 Darklings","floor":47,"turns":2},{"damage":0,"enemies":"Nemesis","floor":48,"turns":3},{"damage":40,"enemies":"Donu and Deca","floor":50,"turns":7}],"seed_played":"-5582230195251399571","potions_obtained":[{"floor":6.0,"key":"Fire Potion"},{"floor":7.0,"key":"Strength Potion"},{"floor":11.0,"key":"Weak Potion"},{"floor":14.0,"key":"Fire Potion"},{"floor":24,"key":"Fire Potion"},{"floor":30,"key":"PowerPotion"},{"floor":33,"key":"SpeedPotion"},{"floor":35,"key":"AttackPotion"},{"floor":38,"key":"Regen Potion"},{"floor":40,"key":"Fire Potion"},{"floor":45,"key":"Poison Potion"},{"floor":46,"key":"SkillPotion"}],"is_trial":false,"path_per_floor":["M","M","T","?","?","E","M","$","T","M","E","R","E","M","R","B",null,"M","?","?","M","?","R","E","R","T","?","E","R","M","$","R","B",null,"M","?","M","?","$","E","R","E","T","M","E","M","M","E","R","B",null],"character_chosen":"IRONCLAD","items_purchased":["Regal Pillow","Violence","Bronze Scales","Perfected Strike","Whetstone","Potion Belt"],"campfire_rested":1,"item_purchase_floors":[8,31,31,39,39,39],"current_hp_per_floor":[80,75,75,75,75,61,66,66,66,72,60,60,54,62,62,58,80,80,65,65,73,73,73,51,51,51,51,44,84,85,85,85,50,85,85,85,85,85,85,85,85,85,85,85,85,83,85,85,85,65],"gold":206,"neow_bonus":"RANDOM_COLORLESS","is_prod":false,"is_daily":false,"chose_seed":false,"campfire_upgraded":7,"win_rate":0,"timestamp":1541612454,"path_taken":["M","?","?","?","?","E","?","$","T","M","E","R","E","M","R","BOSS","M","?","?","M","?","R","E","R","T","?","E","R","M","?","R","BOSS","M","?","?","?","$","E","R","E","T","M","E","M","M","E","R","BOSS"],"build_version":"2018-11-06","purchased_purges":0,"victory":true,"max_hp_per_floor":[80,80,80,80,80,80,80,80,80,80,80,80,80,80,80,80,80,80,85,85,85,85,85,85,85,85,85,85,85,85,85,85,85,85,85,85,85,85,85,85,85,85,85,85,85,85,85,85,85,85],"card_choices":[{"not_picked":["Shrug It Off","Rampage"],"picked":"Perfected Strike","floor":1.0},{"not_picked":["Fire Breathing","Heavy Blade"],"picked":"Uppercut","floor":2.0},{"not_picked":["Sentinel","Barricade"],"picked":"Reckless Charge","floor":6.0},{"not_picked":["Body Slam","True Grit"],"picked":"Anger","floor":7.0},{"not_picked":["Iron Wave","Pummel"],"picked":"Flame Barrier","floor":10.0},{"not_picked":["Entrench","Blood for Blood"],"picked":"Warcry","floor":11.0},{"not_picked":["Thunderclap","Flex"],"picked":"Twin Strike","floor":13.0},{"not_picked":["Clash","Second Wind"],"picked":"Double Tap","floor":14.0},{"not_picked":["Juggernaut","Berserk"],"picked":"Dark Embrace","floor":16.0},{"not_picked":["Clothesline","Headbutt"],"picked":"Twin Strike","floor":18},{"not_picked":["Sword Boomerang","Corruption+1"],"picked":"Perfected Strike","floor":21},{"not_picked":["Flex","True Grit"],"picked":"Armaments","floor":24},{"not_picked":["Thunderclap","Sword Boomerang"],"picked":"Shrug It Off+1","floor":28},{"not_picked":["Brutality+1","Headbutt+1"],"picked":"Shrug It Off+1","floor":30},{"not_picked":["Exhume","Brutality+1"],"picked":"Immolate","floor":33},{"not_picked":["Dropkick+1","Headbutt"],"picked":"Havoc+1","floor":35},{"not_picked":["Sword Boomerang+1","Heavy Blade"],"picked":"Reckless Charge+1","floor":37},{"not_picked":["Thunderclap+1","Second Wind+1"],"picked":"Perfected Strike","floor":38},{"not_picked":["Power Through","Dark Embrace+1"],"picked":"Warcry+1","floor":40},{"not_picked":["Headbutt+1","Feed"],"picked":"Flex+1","floor":42},{"not_picked":["Armaments+1","Rampage"],"picked":"Heavy Blade+1","floor":44},{"not_picked":["Uppercut+1","Evolve+1"],"picked":"Heavy Blade+1","floor":45},{"not_picked":["Wild Strike+1","Seeing Red+1"],"picked":"Dropkick+1","floor":46},{"not_picked":["True Grit+1","Rupture+1"],"picked":"Reckless Charge+1","floor":47},{"not_picked":["True Grit","Entrench+1","Thunderclap"],"picked":"SKIP","floor":48}],"player_experience":273261,"relics_obtained":[{"floor":3.0,"key":"Letter Opener"},{"floor":6.0,"key":"Bag of Marbles"},{"floor":9.0,"key":"Oddly Smooth Stone"},{"floor":11.0,"key":"The Courier"},{"floor":13.0,"key":"Blood Vial"},{"floor":24,"key":"Lantern"},{"floor":26,"key":"Orichalcum"},{"floor":28,"key":"Bag of Preparation"},{"floor":38,"key":"Torii"},{"floor":40,"key":"Vajra"},{"floor":42,"key":"Anchor"},{"floor":43,"key":"Red Skull"},{"floor":45,"key":"Kunai"},{"floor":48,"key":"StoneCalendar"}],"event_choices":[{"damage_healed":0.0,"max_hp_gain":0.0,"max_hp_loss":0.0,"gold_gain":54.0,"event_name":"Golden Wing","player_choice":"Gained Gold","floor":4.0,"gold_loss":0.0,"damage_taken":0.0},{"damage_healed":0.0,"max_hp_gain":0.0,"max_hp_loss":0.0,"gold_gain":0.0,"event_name":"Match and Keep!","player_choice":"1 cards matched","floor":5.0,"gold_loss":0.0,"damage_taken":0.0,"cards_obtained":["Flex"]},{"damage_healed":0,"gold_gain":0,"player_choice":"Shed Blood","damage_taken":20,"max_hp_gain":5,"max_hp_loss":0,"event_name":"Forgotten Altar","floor":19,"gold_loss":0},{"damage_healed":0,"gold_gain":0,"player_choice":"Obtained Relic","damage_taken":0,"relics_obtained":["Frozen Egg 2"],"max_hp_gain":0,"max_hp_loss":0,"event_name":"Addict","floor":20,"gold_loss":85},{"damage_healed":0,"gold_gain":0,"player_choice":"Simplicity","damage_taken":0,"max_hp_gain":0,"max_hp_loss":0,"event_name":"Back to Basics","floor":22,"gold_loss":0,"cards_upgraded":["Strike_R","Strike_R","Strike_R","Strike_R","Strike_R","Defend_R","Defend_R","Defend_R","Defend_R"]},{"damage_healed":0,"gold_gain":0,"player_choice":"Ignored","damage_taken":0,"max_hp_gain":0,"max_hp_loss":0,"event_name":"Ghosts","floor":27,"gold_loss":0},{"damage_healed":0,"gold_gain":0,"cards_transformed":["Bash"],"player_choice":"Transformed","damage_taken":0,"max_hp_gain":0,"max_hp_loss":0,"event_name":"Transmorgrifier","floor":36,"gold_loss":0,"cards_obtained":["Anger"]},{"damage_healed":0,"gold_gain":0,"player_choice":"Fight","damage_taken":0,"max_hp_gain":0,"max_hp_loss":0,"event_name":"Mysterious Sphere","floor":38,"gold_loss":0}],"is_beta":true,"boss_relics":[{"not_picked":["Sozu","Astrolabe"],"picked":"Runic Pyramid"},{"not_picked":["White Beast Statue","Black Star"],"picked":"Mark of Pain"}],"items_purged_floors":[],"is_endless":false,"potions_floor_spawned":[6,7,11,14,18,24,30,33,35,38,40,45,46],"ascension_level":4}