{"gold_per_floor":[217,236,1,19,29,61,61,61,87,126,151,198,44,74,74,145,145,165,165,185,44,44],"floor_reached":22,"playtime":8289,"items_purged":["Strike_G"],"score":478,"play_id":"ec697d29-ab3c-4792-af03-8289cf13fc93","local_time":"20190520203604","is_ascension_mode":true,"campfire_choices":[{"data":"Predator","floor":7,"key":"SMITH"},{"floor":15,"key":"REST"}],"neow_cost":"NONE","seed_source_timestamp":6056644689000,"circlet_count":0,"master_deck":["AscendersBane","Defend_G","Defend_G","Defend_G","Defend_G","Defend_G","Strike_G","Strike_G","Strike_G","Strike_G","Survivor","Neutralize","Skewer","Predator+1","Noxious Fumes","PiercingWail","Dagger Spray","Well Laid Plans","Blur","Parasite","Backstab","Footwork","Well Laid Plans","Night Terror","Footwork+1","Decay","Dodge and Roll"],"special_seed":0,"relics":["Ring of the Snake","Regal Pillow","MawBank","Juzu Bracelet","Tingsha","Ice Cream","HoveringKite"],"potions_floor_usage":[11,12,12,14,16,18],"damage_taken":[{"damage":1.0,"enemies":"Small Slimes","floor":1.0,"turns":3.0},{"damage":0.0,"enemies":"2 Louse","floor":2.0,"turns":3.0},{"damage":4.0,"enemies":"Cultist","floor":4.0,"turns":5.0},{"damage":1.0,"enemies":"Looter","floor":5.0,"turns":3.0},{"damage":12,"enemies":"3 Sentries","floor":6,"turns":7},{"damage":39,"enemies":"Lagavulin","floor":10,"turns":10},{"damage":7,"enemies":"Large Slime","floor":11,"turns":5},{"damage":9,"enemies":"3 Sentries","floor":12,"turns":8},{"damage":0,"enemies":"Lagavulin","floor":14,"turns":8},{"damage":14,"enemies":"Slime Boss","floor":16,"turns":10},{"damage":27,"enemies":"Spheric Guardian","floor":18,"turns":6},{"damage":2,"enemies":"3 Byrds","floor":20,"turns":6},{"damage":31,"enemies":"3 Cultists","floor":22,"turns":5}],"seed_played":"709706102653188599","potions_obtained":[{"floor":1.0,"key":"LiquidBronze"},{"floor":10,"key":"AttackPotion"},{"floor":11,"key":"Poison Potion"},{"floor":12,"key":"Block Potion"},{"floor":14,"key":"Swift Potion"}],"is_trial":false,"path_per_floor":["M","M","$","M","M","E","R","?","T","E","M","E","$","E","R","B",null,"M","?","M","$","M"],"character_chosen":"THE_SILENT","items_purchased":["Noxious Fumes","PiercingWail","Dagger Spray","Footwork","EssenceOfSteel","LiquidBronze","Dodge and Roll"],"campfire_rested":1,"item_purchase_floors":[3,3,3,13,13,21,21],"current_hp_per_floor":[58,58,58,54,53,41,41,57,57,18,11,2,2,2,36,22,55,28,28,26,26,0],"gold":44,"neow_bonus":"HUNDRED_GOLD","is_prod":false,"is_daily":false,"chose_seed":false,"campfire_upgraded":1,"win_rate":0,"timestamp":1558409764,"path_taken":["M","M","$","M","M","E","R","?","T","E","M","E","$","E","R","BOSS","M","?","M","$","M"],"build_version":"2019-01-23","purchased_purges":1,"victory":false,"max_hp_per_floor":[66,66,66,66,66,66,66,66,66,66,66,66,66,66,66,66,66,66,66,66,66,66],"card_choices":[{"not_picked":["Reflex","Dagger Spray"],"picked":"Skewer","floor":1.0},{"not_picked":["Eviscerate","Endless Agony"],"picked":"Predator","floor":2.0},{"not_picked":["Acrobatics","Dagger Spray"],"picked":"Well Laid Plans","floor":4.0},{"not_picked":["Prepared","Venomology"],"picked":"Blur","floor":5.0},{"not_picked":["Quick Slash","Reflex","Cloak And Dagger"],"picked":"SKIP","floor":6},{"not_picked":["Dagger Spray","Skewer","Distraction"],"picked":"SKIP","floor":10},{"not_picked":["Blade Dance","Deflect"],"picked":"Backstab","floor":11},{"not_picked":["Distraction","Dagger Spray","Blade Dance"],"picked":"SKIP","floor":12},{"not_picked":["Blade Dance","Eviscerate"],"picked":"Well Laid Plans","floor":14},{"not_picked":["Tools of the Trade","Doppelganger"],"picked":"Night Terror","floor":16},{"not_picked":["Cloak And Dagger","Sucker Punch"],"picked":"Footwork+1","floor":18},{"not_picked":["Heel Hook+1","Flechettes","Flying Knee"],"picked":"SKIP","floor":20}],"player_experience":1407344,"relics_obtained":[{"floor":6,"key":"Regal Pillow"},{"floor":9,"key":"MawBank"},{"floor":10,"key":"Juzu Bracelet"},{"floor":12,"key":"Tingsha"},{"floor":14,"key":"Ice Cream"}],"event_choices":[{"damage_healed":16,"gold_gain":0,"player_choice":"Healed and dodged fight","damage_taken":0,"max_hp_gain":0,"max_hp_loss":0,"event_name":"Mushrooms","floor":8,"gold_loss":0,"cards_obtained":["Parasite"]},{"damage_healed":0,"gold_gain":0,"player_choice":"Smashed Altar","damage_taken":0,"max_hp_gain":0,"max_hp_loss":0,"event_name":"Forgotten Altar","floor":19,"gold_loss":0,"cards_obtained":["Decay"]}],"is_beta":false,"boss_relics":[{"not_picked":["Pandora\u0027s Box","Empty Cage"],"picked":"HoveringKite"}],"items_purged_floors":[3],"is_endless":false,"potions_floor_spawned":[1,10,11,12,14],"killed_by":"3 Cultists","ascension_level":20}