{"path_per_floor":["M","?","M","?","?","E","M","E","T","?","$","R","E","M","R","B",null,"M","?","?","T","T","R","E","$","T","M","E","R","E","M","R","B",null,"M","?","$","M","?","E","R","M","T","$","?","R","E","M","R","B"],"character_chosen":"THE_SILENT","items_purchased":["Torii","Tough Bandages","Vajra","Gambling Chip","Footwork","Lantern","Footwork"],"gold_per_floor":[118,118,131,199,199,232,251,313,313,313,4,4,34,54,54,153,153,172,97,367,394,420,420,451,206,253,272,302,302,331,345,345,447,447,458,708,175,194,194,222,222,235,235,45,93,93,127,146,146,146],"floor_reached":51,"campfire_rested":2,"playtime":4505,"current_hp_per_floor":[68,68,68,68,61,45,41,25,25,25,25,46,44,44,44,40,70,70,70,14,14,14,35,34,34,41,34,32,32,37,45,45,15,77,77,77,77,73,63,63,63,63,63,63,63,63,63,63,63,27],"items_purged":["Defend_G"],"gold":146,"score":785,"play_id":"2f02754a-e144-45ef-a56f-0dd62e08834c","is_prod":false,"is_daily":false,"is_ascension_mode":true,"campfire_upgraded":3,"path_taken":["M","?","M","?","?","E","M","E","T","?","$","R","E","?","R","BOSS","M","?","?","?","?","R","E","?","T","M","E","R","E","M","R","BOSS","M","?","$","M","?","E","R","?","T","$","?","R","E","M","R","BOSS"],"build_version":"2018-02-08-BETA1","purchased_purges":1,"victory":true,"master_deck":["Defend_G","Defend_G","Defend_G","Strike_G","Strike_G+1","Strike_G","Strike_G","Strike_G","Survivor","Neutralize+1","Dash+1","Predator","Slice","Footwork+1","Well Laid Plans","Backflip","Prepared+1","Venomology","Distraction","Flash of Steel","Flash of Steel","Good Instincts","Terror+1","Prepared","Malaise+1","Endless Agony","Footwork+1","Well Laid Plans","Tactician","Dagger Throw","Footwork","Endless Agony","Madness","Madness","Sucker Punch+1","Blade Dance+1","Footwork","Prepared","Prepared","Skewer+1"],"max_hp_per_floor":[70,70,70,70,70,70,70,70,70,70,70,70,70,70,70,70,70,70,70,70,70,70,70,70,70,77,77,77,77,77,77,77,77,77,77,77,77,77,77,77,77,77,77,77,77,77,77,77,77,77],"relics":["Ring of the Snake","Dream Catcher","Dodecahedron","Tiny Chest","Shuriken","Happy Flower","Torii","Peace Pipe","Black Star","Anchor","Orichalcum","Girya","Thread and Needle","Tough Bandages","Strawberry","Mummified Hand","Smiling Mask","Omamori","Bag of Marbles","Cursed Key","Vajra","Gambling Chip","Bronze Scales","Whetstone","Sundial","Lantern","Tingsha","Ornamental Fan","Bottled Lightning"],"card_choices":[{"not_picked":["Dodge and Roll","Malaise"],"picked":"Dash"},{"not_picked":["Slice","Acrobatics"],"picked":"Predator"},{"not_picked":["Masterful Stab","PiercingWail"],"picked":"Slice"},{"not_picked":["Catalyst","Outmaneuver"],"picked":"Footwork"},{"not_picked":["Accuracy","Deflect"],"picked":"Well Laid Plans"},{"not_picked":["Skewer","PiercingWail"],"picked":"Backflip"},{"not_picked":["Deadly Poison","Flechettes"],"picked":"Prepared"},{"not_picked":["Burst","Night Terror"],"picked":"Venomology"},{"not_picked":["Flying Knee","Heel Hook"],"picked":"Distraction"},{"not_picked":["Slice","Poisoned Stab"],"picked":"Terror"},{"not_picked":["Masterful Stab","Dodge and Roll"],"picked":"Prepared"},{"not_picked":["Deadly Poison","Dodge and Roll"],"picked":"Malaise"},{"not_picked":["Skewer","Catalyst"],"picked":"Endless Agony"},{"not_picked":["Sucker Punch","Night Terror"],"picked":"Footwork"},{"not_picked":["Catalyst","Sucker Punch"],"picked":"Well Laid Plans"},{"not_picked":["Bullet Time","Corpse Explosion"],"picked":"Tactician"},{"not_picked":["Backflip","Catalyst"],"picked":"Dagger Throw"},{"not_picked":["Deadly Poison","Predator"],"picked":"Endless Agony"},{"not_picked":["All Out Attack","Deadly Poison"],"picked":"Sucker Punch"},{"not_picked":["Slice","Die Die Die"],"picked":"Blade Dance"},{"not_picked":["Caltrops","Malaise"],"picked":"Prepared"},{"not_picked":["Dagger Throw","Dagger Spray"],"picked":"Prepared"},{"not_picked":["Eviscerate","Prepared"],"picked":"Skewer"}],"player_experience":67994,"potions_floor_usage":[8,18,24,24,27,28,28,30,30,31,33,33,40,45,47,50,50],"damage_taken":[{"damage":2,"enemies":"Jaw Worm","floor":1,"turns":6},{"damage":0,"enemies":"2 Louse","floor":3,"turns":3},{"damage":16,"enemies":"3 Sentries","floor":6,"turns":8},{"damage":4,"enemies":"Blue Slaver","floor":7,"turns":4},{"damage":16,"enemies":"Gremlin Nob","floor":8,"turns":4},{"damage":2,"enemies":"Lagavulin","floor":13,"turns":7},{"damage":0,"enemies":"Looter","floor":14,"turns":2},{"damage":4,"enemies":"The Guardian","floor":16,"turns":12},{"damage":0,"enemies":"Shell Parasite","floor":18,"turns":5},{"damage":1,"enemies":"Book of Stabbing","floor":24,"turns":5},{"damage":7,"enemies":"Spheric Guardian","floor":27,"turns":6},{"damage":2,"enemies":"Gremlin Leader","floor":28,"turns":9},{"damage":1,"enemies":"Book of Stabbing","floor":30,"turns":5},{"damage":1,"enemies":"Snake Plant","floor":31,"turns":4},{"damage":30,"enemies":"Automaton","floor":33,"turns":9},{"damage":0,"enemies":"3 Darklings","floor":35,"turns":6},{"damage":4,"enemies":"3 Shapes","floor":38,"turns":6},{"damage":0,"enemies":"Giant Head","floor":40,"turns":6},{"damage":0,"enemies":"3 Darklings","floor":42,"turns":3},{"damage":0,"enemies":"Mysterious Sphere","floor":45,"turns":4},{"damage":0,"enemies":"2 Orb Walkers","floor":47,"turns":3},{"damage":0,"enemies":"Flame Bruiser 2 Orb","floor":48,"turns":2},{"damage":36,"enemies":"Awakened One","floor":50,"turns":9}],"event_choices":[{"event_name":"Living Wall","player_choice":"Grow","floor":2,"damage_taken":0},{"event_name":"Golden Wing","player_choice":"Gained Gold","floor":4,"damage_taken":0},{"event_name":"Scrap Ooze","player_choice":"success","floor":5,"damage_taken":7},{"event_name":"Accursed Blacksmith","player_choice":"Rummage","floor":10,"damage_taken":0},{"event_name":"Beggar","player_choice":"Gave Gold","floor":19,"damage_taken":0},{"event_name":"Knowing Skull","player_choice":"CARD CARD CARD GOLD GOLD GOLD ","floor":20,"damage_taken":0},{"event_name":"Golden Shrine","player_choice":"Desecrate","floor":36,"damage_taken":0},{"event_name":"Winding Halls","player_choice":"Embrace Madness","floor":39,"damage_taken":0},{"event_name":"Mysterious Sphere","player_choice":"Fight","floor":45,"damage_taken":0}],"boss_relics":[{"not_picked":["Sozu","Tiny House"],"picked":"Black Star"},{"not_picked":["Runic Dome","Velvet Choker"],"picked":"Cursed Key"}],"potions_floor_spawned":[6,7,14,16,24,30,33,35,47,48],"seed_played":"-5930496466517901259","ascension_level":1,"is_trial":false}