{"gold_per_floor":[109,184,198,198,198,228,228,9,9,41,41,74,90,124,124,195,195,205,224,224,0,54,74,74],"floor_reached":24,"playtime":1577,"items_purged":[],"score":494,"play_id":"ab94afc9-b67b-4252-8c00-fec5377aada8","local_time":"20190526002545","is_ascension_mode":true,"campfire_choices":[{"floor":11,"key":"REST"},{"floor":15,"key":"REST"}],"neow_cost":"NONE","seed_source_timestamp":288804077156058,"circlet_count":0,"master_deck":["AscendersBane","Strike_R","Strike_R","Strike_R","Strike_R","Strike_R","Defend_R","Defend_R","Defend_R","Defend_R","Bash","Wild Strike","Sever Soul","True Grit","Clash","Disarm","Power Through","Immolate","Pummel","Evolve","Armaments","True Grit","Cleave","Reaper","Uppercut+1","Shrug It Off"],"relics":["Burning Blood","NeowsBlessing","Oddly Smooth Stone","Bottled Flame","Toolbox","Ancient Tea Set","Sundial","Nunchaku","PreservedInsect","Orrery","Medical Kit","Boot"],"potions_floor_usage":[10,12,14,18,23,23],"damage_taken":[{"damage":0,"enemies":"2 Louse","floor":1,"turns":1},{"damage":0,"enemies":"Jaw Worm","floor":3,"turns":1},{"damage":0,"enemies":"Gremlin Nob","floor":6,"turns":1},{"damage":48,"enemies":"3 Sentries","floor":10,"turns":11},{"damage":28,"enemies":"Gremlin Nob","floor":12,"turns":4},{"damage":8,"enemies":"Cultist","floor":13,"turns":5},{"damage":10,"enemies":"Lagavulin","floor":14,"turns":7},{"damage":54,"enemies":"The Guardian","floor":16,"turns":17},{"damage":6,"enemies":"3 Byrds","floor":18,"turns":2},{"damage":34,"enemies":"Shell Parasite","floor":19,"turns":5},{"damage":39,"enemies":"Shelled Parasite and Fungi","floor":23,"turns":5},{"damage":20,"enemies":"Snake Plant","floor":24,"turns":3}],"seed_played":"-3634205289059531160","potions_obtained":[{"floor":6,"key":"Fruit Juice"},{"floor":10,"key":"SkillPotion"},{"floor":13,"key":"PowerPotion"},{"floor":14,"key":"Fire Potion"},{"floor":18,"key":"SteroidPotion"},{"floor":19,"key":"LiquidBronze"},{"floor":20,"key":"Regen Potion"}],"is_trial":false,"path_per_floor":["M","?","M","T","?","E","?","$","T","E","R","E","M","E","R","B",null,"M","M","?","$","T","M","M"],"character_chosen":"IRONCLAD","items_purchased":["Toolbox","Medical Kit"],"campfire_rested":2,"item_purchase_floors":[8,21],"current_hp_per_floor":[74,63,69,69,51,57,75,75,75,38,62,40,38,34,58,10,63,63,35,35,35,35,16,0],"gold":74,"neow_bonus":"THREE_ENEMY_KILL","is_prod":false,"is_daily":false,"chose_seed":false,"campfire_upgraded":0,"win_rate":0,"timestamp":1558819545,"path_taken":["M","?","M","?","?","E","?","$","T","E","R","E","?","E","R","BOSS","M","M","?","$","?","M","M"],"build_version":"2019-01-23","purchased_purges":0,"victory":false,"max_hp_per_floor":[75,75,75,75,75,75,75,75,75,80,80,80,80,80,80,80,80,80,80,80,80,80,80,80],"card_choices":[{"not_picked":["Clash","Sword Boomerang"],"picked":"Wild Strike","floor":1},{"not_picked":["Heavy Blade","Flex"],"picked":"Sever Soul","floor":3},{"not_picked":["Second Wind","Havoc"],"picked":"Combust","floor":6},{"not_picked":["Iron Wave","Clash"],"picked":"True Grit","floor":10},{"not_picked":["Headbutt","Heavy Blade"],"picked":"Clash","floor":12},{"not_picked":["Double Tap","Headbutt"],"picked":"Disarm","floor":13},{"not_picked":["Uppercut","Battle Trance"],"picked":"Power Through","floor":14},{"not_picked":["Reaper","Berserk"],"picked":"Immolate","floor":16},{"not_picked":["Warcry","Inflame"],"picked":"Pummel","floor":17},{"not_picked":["Havoc","Thunderclap"],"picked":"Evolve","floor":17},{"not_picked":["Fire Breathing","Warcry"],"picked":"Armaments","floor":17},{"not_picked":["Iron Wave","Dual Wield"],"picked":"True Grit","floor":17},{"not_picked":["Body Slam","Sword Boomerang"],"picked":"Cleave","floor":17},{"not_picked":["Armaments","Iron Wave"],"picked":"Reaper","floor":18},{"not_picked":["Wild Strike","Evolve"],"picked":"Uppercut+1","floor":19},{"not_picked":["Sword Boomerang","Heavy Blade+1"],"picked":"Shrug It Off","floor":23}],"player_experience":513283,"relics_obtained":[{"floor":6,"key":"Bottled Flame"},{"floor":9,"key":"Ancient Tea Set"},{"floor":10,"key":"Sundial"},{"floor":12,"key":"Nunchaku"},{"floor":14,"key":"PreservedInsect"},{"floor":22,"key":"Boot"}],"event_choices":[{"damage_healed":0,"gold_gain":75,"player_choice":"Gather Gold","damage_taken":11,"max_hp_gain":0,"max_hp_loss":0,"event_name":"World of Goop","floor":2,"gold_loss":0},{"damage_healed":0,"gold_gain":0,"player_choice":"Success","damage_taken":18,"relics_obtained":["Oddly Smooth Stone"],"max_hp_gain":0,"max_hp_loss":0,"event_name":"Scrap Ooze","floor":5,"gold_loss":0},{"cards_removed":["Combust"],"damage_healed":18,"gold_gain":0,"player_choice":"Offered Uncommon","damage_taken":0,"max_hp_gain":0,"max_hp_loss":0,"event_name":"Bonfire Elementals","floor":7,"gold_loss":0},{"damage_healed":0,"gold_gain":0,"player_choice":"Got Potions","damage_taken":0,"max_hp_gain":0,"max_hp_loss":0,"event_name":"Lab","floor":20,"gold_loss":0}],"is_beta":false,"boss_relics":[{"not_picked":["Runic Pyramid","Busted Crown"],"picked":"Orrery"}],"items_purged_floors":[],"is_endless":false,"potions_floor_spawned":[6,10,13,14,18,19],"killed_by":"Snake Plant","ascension_level":20}