{"gold_per_floor":[116,116,41,1,1,28,28,39,39,39,69,88,106,124,124,198,198,210,210,125,125,144,156,156,176,202,202,218,143,143,157,157,157],"floor_reached":33,"playtime":1728,"items_purged":["Scrape"],"score":445,"play_id":"c8e9d6ae-aa73-4f3f-97da-b3f7b2a22246","local_time":"20190526035638","is_ascension_mode":true,"campfire_choices":[{"floor":7.0,"key":"REST"},{"data":"Sunder","floor":10.0,"key":"SMITH"},{"floor":15.0,"key":"REST"},{"data":"Loop","floor":27,"key":"SMITH"},{"data":"Buffer","floor":30,"key":"SMITH"},{"floor":32,"key":"REST"}],"neow_cost":"NONE","seed_source_timestamp":830902003164985,"circlet_count":0,"master_deck":["AscendersBane","Zap","Dualcast+1","Genetic Algorithm+1","Chill","Sunder+1","Buffer+1","Loop+1","Double Energy+1","Chill+1","Consume+1","Sweeping Beam","Hologram+1","BootSequence+1","Genetic Algorithm+1","Self Repair","Chill+1"],"special_seed":0,"relics":["Cracked Core","Toxic Egg 2","Anchor","Lantern","Pandora\u0027s Box","Meat on the Bone","PreservedInsect"],"potions_floor_usage":[33],"damage_taken":[{"damage":2.0,"enemies":"Jaw Worm","floor":1.0,"turns":3.0},{"damage":27.0,"enemies":"Lagavulin","floor":6.0,"turns":6.0},{"damage":0.0,"enemies":"2 Louse","floor":8.0,"turns":3.0},{"damage":0.0,"enemies":"Small Slimes","floor":12.0,"turns":1.0},{"damage":0.0,"enemies":"3 Louse","floor":13.0,"turns":3.0},{"damage":0.0,"enemies":"Large Slime","floor":14.0,"turns":3.0},{"damage":50.0,"enemies":"The Guardian","floor":16.0,"turns":13.0},{"damage":0.0,"enemies":"Chosen","floor":18.0,"turns":6.0},{"damage":0.0,"enemies":"Shell Parasite","floor":22.0,"turns":7.0},{"damage":0,"enemies":"Snake Plant","floor":23,"turns":6},{"damage":6,"enemies":"Colosseum Slavers","floor":24,"turns":5},{"damage":13,"enemies":"Snecko","floor":25,"turns":5},{"damage":13,"enemies":"Shelled Parasite and Fungi","floor":28,"turns":9},{"damage":30,"enemies":"Chosen and Byrds","floor":31,"turns":11},{"damage":96,"enemies":"Collector","floor":33,"turns":17}],"seed_played":"-5491285019335083271","potions_obtained":[{"floor":1.0,"key":"FocusPotion"},{"floor":14.0,"key":"Swift Potion"},{"floor":25,"key":"Strength Potion"}],"is_trial":false,"path_per_floor":["M","?","?","$","T","E","R","M","T","R","?","M","M","M","R","B",null,"M","?","?","$","M","M","?","M","T","R","M","$","R","M","R","B"],"character_chosen":"DEFECT","items_purchased":["Chill"],"campfire_rested":3,"item_purchase_floors":[4],"current_hp_per_floor":[69,46,46,46,46,19,42,42,42,42,42,42,42,42,65,15,62,62,78,78,78,78,78,72,59,59,59,53,53,53,42,65,0],"gold":157,"neow_bonus":"TEN_PERCENT_HP_BONUS","is_prod":false,"is_daily":false,"chose_seed":false,"campfire_upgraded":3,"win_rate":0,"timestamp":1558814198,"path_taken":["M","?","?","?","?","E","R","?","T","R","?","M","M","M","R","BOSS","M","?","?","$","M","M","?","M","T","R","M","$","R","M","R","BOSS"],"build_version":"2019-01-23","purchased_purges":1,"victory":false,"max_hp_per_floor":[78,78,78,78,78,78,78,78,78,78,78,78,78,78,78,78,78,78,78,78,78,78,78,78,78,78,78,78,78,78,78,78,78],"card_choices":[{"not_picked":["Coolheaded","Barrage"],"picked":"Genetic Algorithm","floor":1.0},{"not_picked":["Fusion+1","Turbo+1"],"picked":"Sunder","floor":6.0},{"not_picked":["Force Field+1","Ball Lightning","Stack+1"],"picked":"SKIP","floor":8.0},{"not_picked":["Ball Lightning","Hologram+1","Beam Cell"],"picked":"SKIP","floor":12.0},{"not_picked":["Rebound","Tempest+1","Sunder"],"picked":"SKIP","floor":13.0},{"not_picked":["Sweeping Beam","Rebound","Barrage"],"picked":"SKIP","floor":14.0},{"not_picked":["Core Surge","Multi-Cast+1"],"picked":"Buffer","floor":16.0},{"not_picked":["Static Discharge","Sweeping Beam","Steam+1"],"picked":"SKIP","floor":18.0},{"not_picked":["Beam Cell+1","Ball Lightning"],"picked":"BootSequence+1","floor":22.0},{"not_picked":["Steam+1","White Noise+1"],"picked":"Genetic Algorithm+1","floor":23},{"not_picked":["Force Field+1","Rebound"],"picked":"Self Repair","floor":25},{"not_picked":["Hologram+1","Heatsinks"],"picked":"Chill+1","floor":28},{"not_picked":["Sweeping Beam","Stack+1","Ball Lightning"],"picked":"SKIP","floor":31}],"player_experience":600165,"relics_obtained":[{"floor":5.0,"key":"Toxic Egg 2"},{"floor":6.0,"key":"Anchor"},{"floor":9.0,"key":"Lantern"},{"floor":26,"key":"PreservedInsect"}],"event_choices":[{"damage_healed":0.0,"max_hp_gain":0.0,"max_hp_loss":0.0,"gold_gain":0.0,"event_name":"Shining Light","player_choice":"Entered Light","floor":2.0,"gold_loss":0.0,"damage_taken":23.0,"cards_upgraded":["Dualcast","Genetic Algorithm"]},{"cards_removed":["Defend_B"],"damage_healed":0.0,"max_hp_gain":0.0,"max_hp_loss":0.0,"gold_gain":0.0,"event_name":"The Cleric","player_choice":"Card Removal","floor":3.0,"gold_loss":75.0,"damage_taken":0.0},{"damage_healed":0.0,"max_hp_gain":0.0,"max_hp_loss":0.0,"gold_gain":30.0,"event_name":"Dead Adventurer","player_choice":"Searched \u00272\u0027 times","floor":11.0,"gold_loss":0.0,"damage_taken":0.0},{"damage_healed":16.0,"max_hp_gain":0.0,"max_hp_loss":0.0,"gold_gain":0.0,"event_name":"The Library","player_choice":"Heal","floor":19.0,"gold_loss":0.0,"damage_taken":0.0},{"damage_healed":0.0,"max_hp_gain":0.0,"max_hp_loss":0.0,"gold_gain":0.0,"event_name":"Addict","player_choice":"Obtained Relic","floor":20.0,"gold_loss":85.0,"damage_taken":0.0,"relics_obtained":["Meat on the Bone"]},{"damage_healed":0,"gold_gain":0,"player_choice":"Fight","damage_taken":0,"max_hp_gain":0,"max_hp_loss":0,"event_name":"Colosseum","floor":24,"gold_loss":0},{"damage_healed":0,"gold_gain":0,"player_choice":"Fled From Nobs","damage_taken":0,"max_hp_gain":0,"max_hp_loss":0,"event_name":"Colosseum","floor":24,"gold_loss":0}],"is_beta":false,"boss_relics":[{"not_picked":["FrozenCore","Black Star"],"picked":"Pandora\u0027s Box"}],"items_purged_floors":[29],"is_endless":false,"potions_floor_spawned":[1,14,24,25],"killed_by":"Collector","ascension_level":16}