{"path_per_floor":["M","M","M","?","?","E","M","T","T","R","E","R","M","M","R","B",null,"M","M","$","?","M","R","E","R","T","R","?","E","M","E","R","B",null,"M","?","M","?","?","E","R","?","T","M","M","?","?","$","R","B"],"character_chosen":"THE_SILENT","items_purchased":["Letter Opener","Bullet Time","Blood Vial","Happy Flower"],"gold_per_floor":[111,122,138,138,213,243,253,332,357,357,389,389,403,418,418,514,514,524,536,70,70,85,85,116,116,140,140,140,165,175,204,204,308,308,320,320,334,0,47,78,78,78,78,94,110,110,410,18,18,18],"floor_reached":51,"campfire_rested":6,"playtime":5833,"current_hp_per_floor":[69,69,69,70,59,28,28,28,28,49,43,43,43,29,50,31,70,65,53,53,53,52,52,31,52,52,52,24,28,36,29,50,31,70,70,60,44,44,49,29,50,50,50,42,45,45,45,45,66,34],"items_purged":["Strike_G","Normality"],"gold":18,"play_id":"a32ae27a-3357-4c59-8c70-cb63d57a28f4","is_prod":false,"is_daily":false,"is_ascension_mode":false,"campfire_upgraded":3,"path_taken":["M","M","M","?","?","E","M","?","T","R","E","R","M","M","R","BOSS","M","M","$","?","M","R","E","R","T","R","?","E","M","E","R","BOSS","M","?","M","?","?","E","R","?","T","M","M","?","?","$","R","BOSS"],"build_version":"2018-01-25-PROD3","purchased_purges":2,"victory":true,"master_deck":["Defend_G","Defend_G","Defend_G","Defend_G","Defend_G","Strike_G","Strike_G","Strike_G","Strike_G+1","Survivor","Neutralize","Bane+1","Deadly Poison+1","Leg Sweep","Eviscerate+1","Riddle With Holes","Malaise","Catalyst","Burst","Deadly Poison+1","Bullet Time","Catalyst","Caltrops","Jack Of All Trades","Bandage Up+1","Predator","Predator+1","Caltrops","A Thousand Cuts","Injury","Doubt","Deadly Poison+1","Madness","Madness","Poisoned Stab+1","Poisoned Stab+1","Crippling Poison+1","Terror+1","Crippling Poison+1"],"max_hp_per_floor":[70,70,70,70,70,70,70,70,70,70,70,70,70,70,70,70,70,70,70,70,70,70,70,70,70,70,70,70,70,70,70,70,70,70,70,70,70,70,70,70,70,70,70,70,70,70,70,70,70,70],"relics":["Snecko Eye","Vajra","Paper Crane","Orichalcum","Mercury Hourglass","Black Star","Letter Opener","Bottled Lightning","Mummified Hand","Juzu Bracelet","Ancient Tea Set","Whetstone","Prayer Wheel","War Paint","Calling Bell","Dream Catcher","Peace Pipe","Omamori","Red Mask","Ice Cream","Bag of Marbles","Bag of Preparation","Shovel","Blood Vial","Happy Flower"],"card_choices":[{"not_picked":["Flying Knee","Blur"],"picked":"Bane"},{"not_picked":["Outmaneuver","Blade Dance"],"picked":"Deadly Poison"},{"not_picked":["Blade Dance","PiercingWail"],"picked":"Malaise"},{"not_picked":["Slice","Glass Knife"],"picked":"Leg Sweep"},{"not_picked":["Dodge and Roll","PiercingWail"],"picked":"Eviscerate"},{"not_picked":["Venomology","Slice"],"picked":"Riddle With Holes"},{"not_picked":["PiercingWail","Footwork"],"picked":"Malaise"},{"not_picked":["Sucker Punch","Caltrops"],"picked":"Catalyst"},{"not_picked":["Night Terror","Adrenaline"],"picked":"Burst"},{"not_picked":["Dagger Spray","Outmaneuver"],"picked":"Deadly Poison"},{"not_picked":["Prepared","Blur"],"picked":"Catalyst"},{"not_picked":["Crippling Poison","Acrobatics"],"picked":"Caltrops"},{"not_picked":["Dodge and Roll","Bane"],"picked":"Predator"},{"not_picked":["Deflect","Footwork"],"picked":"Predator"},{"not_picked":["Bane","PiercingWail"],"picked":"Caltrops"},{"not_picked":["Night Terror","Venomology"],"picked":"A Thousand Cuts"},{"not_picked":["Dagger Throw","Outmaneuver"],"picked":"Deadly Poison"},{"not_picked":["Prepared","Dagger Throw"],"picked":"Poisoned Stab"},{"not_picked":["Glass Knife","Deadly Poison"],"picked":"Poisoned Stab"},{"not_picked":["Backstab","Footwork"],"picked":"Crippling Poison"},{"not_picked":["PiercingWail","Crippling Poison"],"picked":"Terror"},{"not_picked":["Poisoned Stab","Deflect"],"picked":"Crippling Poison"}],"player_experience":22047,"potions_floor_usage":[6,35,40,40,50],"damage_taken":[{"damage":1,"enemies":"2 Louse","floor":1,"turns":2},{"damage":0,"enemies":"Blue Slaver","floor":2,"turns":5},{"damage":0,"enemies":"Cultist","floor":3,"turns":4},{"damage":31,"enemies":"Lagavulin","floor":6,"turns":7},{"damage":0,"enemies":"Looter","floor":7,"turns":2},{"damage":6,"enemies":"3 Sentries","floor":11,"turns":7},{"damage":0,"enemies":"Large Slime","floor":13,"turns":4},{"damage":14,"enemies":"Gremlin Gang","floor":14,"turns":4},{"damage":19,"enemies":"The Guardian","floor":16,"turns":10},{"damage":5,"enemies":"Chosen","floor":18,"turns":4},{"damage":12,"enemies":"2 Thieves","floor":19,"turns":3},{"damage":1,"enemies":"Snecko","floor":22,"turns":3},{"damage":21,"enemies":"Slavers","floor":24,"turns":4},{"damage":0,"enemies":"Book of Stabbing","floor":29,"turns":6},{"damage":0,"enemies":"Chosen and Byrds","floor":30,"turns":4},{"damage":11,"enemies":"Gremlin Leader","floor":31,"turns":5},{"damage":25,"enemies":"Automaton","floor":33,"turns":8},{"damage":3,"enemies":"3 Darklings","floor":35,"turns":4},{"damage":16,"enemies":"3 Shapes","floor":37,"turns":3},{"damage":7,"enemies":"Mysterious Sphere","floor":39,"turns":4},{"damage":20,"enemies":"Giant Head","floor":40,"turns":9},{"damage":14,"enemies":"Sphere and 2 Shapes","floor":44,"turns":4},{"damage":3,"enemies":"Maw","floor":45,"turns":6},{"damage":39,"enemies":"Time Eater","floor":50,"turns":8}],"event_choices":[{"event_name":"Bonfire Elementals","player_choice":"UNCOMMON","floor":4,"damage_taken":0},{"event_name":"World of Goop","player_choice":"Gather Gold","floor":5,"damage_taken":0},{"event_name":"Beggar","player_choice":"Ignored","floor":21,"damage_taken":0},{"event_name":"Knowing Skull","player_choice":"CARD CARD CARD ","floor":28,"damage_taken":0},{"event_name":"Winding Halls","player_choice":"Embrace Madness","floor":36,"damage_taken":0},{"event_name":"Tomb of Lord Red Mask","player_choice":"Paid","floor":38,"damage_taken":0},{"event_name":"Mysterious Sphere","player_choice":"Fight","floor":39,"damage_taken":0},{"event_name":"Accursed Blacksmith","player_choice":"Ignore","floor":42,"damage_taken":0},{"event_name":"Wheel of Change","player_choice":"Gold","floor":47,"damage_taken":0}],"boss_relics":[{"not_picked":["Astrolabe","Tiny House"],"picked":"Black Star"},{"not_picked":["Sozu","Runic Pyramid"],"picked":"Calling Bell"}],"potions_floor_spawned":[2,3,6,13,16,18,29,31,37,39],"seed_played":"2760431972532206284","ascension_level":0,"is_trial":false}