{"gold_per_floor":[110,110,110,125,125,125,140,181,205,230,230,253,276,316,316,440,440,458,458,458,476,490,490,509,509,563,563,563],"floor_reached":28,"playtime":1543,"items_purged":[],"score":336,"play_id":"221d1791-7d33-43f8-b06b-beafdade6455","local_time":"20190131070238","is_ascension_mode":true,"campfire_choices":[{"floor":6.0,"key":"REST"},{"floor":11.0,"key":"REST"},{"floor":15.0,"key":"REST"},{"floor":25,"key":"REST"},{"floor":27,"key":"REST"}],"neow_cost":"NONE","seed_source_timestamp":0,"circlet_count":0,"master_deck":["Defend_B","Defend_B","Defend_B","Zap","Dualcast","Storm+1","Storm","Coolheaded","Static Discharge","Ball Lightning","Leap","Force Field","Amplify","White Noise","Conserve Battery","Echo Form","White Noise","Bite","Bite","Bite","Bite","Bite","Storm","Go for the Eyes","Heatsinks"],"special_seed":0,"relics":["Cracked Core","Potion Belt","Golden Idol","Strawberry","Dream Catcher","Smiling Mask","Lizard Tail","Bronze Scales"],"potions_floor_usage":[],"damage_taken":[{"damage":13.0,"enemies":"Small Slimes","floor":1.0,"turns":4.0},{"damage":14.0,"enemies":"Jaw Worm","floor":4.0,"turns":3.0},{"damage":1.0,"enemies":"Cultist","floor":7.0,"turns":4.0},{"damage":34.0,"enemies":"Gremlin Nob","floor":8.0,"turns":4.0},{"damage":5.0,"enemies":"Exordium Thugs","floor":10.0,"turns":4.0},{"damage":8.0,"enemies":"Blue Slaver","floor":12.0,"turns":3.0},{"damage":0.0,"enemies":"Large Slime","floor":13.0,"turns":5.0},{"damage":20.0,"enemies":"3 Sentries","floor":14.0,"turns":5.0},{"damage":4.0,"enemies":"Slime Boss","floor":16.0,"turns":9.0},{"damage":31.0,"enemies":"2 Thieves","floor":18.0,"turns":4.0},{"damage":24.0,"enemies":"Colosseum Slavers","floor":20.0,"turns":5.0},{"damage":0.0,"enemies":"Spheric Guardian","floor":21.0,"turns":3.0},{"damage":29.0,"enemies":"Snake Plant","floor":22.0,"turns":4.0},{"damage":36,"enemies":"Centurion and Healer","floor":24,"turns":5},{"damage":48,"enemies":"Book of Stabbing","floor":28,"turns":4}],"seed_played":"8309369744807578923","potions_obtained":[{"floor":1.0,"key":"Poison Potion"},{"floor":7.0,"key":"Energy Potion"},{"floor":8.0,"key":"Poison Potion"},{"floor":13.0,"key":"Energy Potion"},{"floor":14.0,"key":"SpeedPotion"},{"floor":18.0,"key":"Dexterity Potion"},{"floor":22.0,"key":"GamblersBrew"}],"is_trial":false,"path_per_floor":["M","?","?","M","?","R","M","E","T","M","R","M","M","E","R","B",null,"M","?","?","M","M","?","M","R","T","R","E"],"character_chosen":"DEFECT","items_purchased":[],"campfire_rested":5,"item_purchase_floors":[],"current_hp_per_floor":[55,37,37,23,23,45,44,17,17,12,36,28,28,8,32,28,69,38,38,20,24,1,1,6,23,23,40,0],"gold":563,"neow_bonus":"RANDOM_COMMON_RELIC","is_prod":false,"is_daily":false,"chose_seed":false,"campfire_upgraded":0,"win_rate":0,"timestamp":1548910958,"path_taken":["M","?","?","M","?","R","M","E","T","M","R","M","M","E","R","BOSS","M","?","?","M","M","?","M","R","T","R","E"],"build_version":"2019-01-23","purchased_purges":0,"victory":false,"max_hp_per_floor":[75,75,75,75,75,75,75,82,82,82,82,82,82,82,82,82,82,82,57,57,57,57,57,57,57,57,57,57],"card_choices":[{"not_picked":["Redo","Hello World"],"picked":"Storm","floor":1.0},{"not_picked":["Loop","Steam"],"picked":"Storm","floor":4.0},{"not_picked":["Skim","Aggregate"],"picked":"Coolheaded","floor":7.0},{"not_picked":["Lockon","Conserve Battery"],"picked":"Static Discharge","floor":8.0},{"not_picked":["Gash","Barrage"],"picked":"Ball Lightning","floor":10.0},{"not_picked":["Cold Snap","Melter"],"picked":"Leap","floor":11.0},{"not_picked":["Melter","Consume"],"picked":"Force Field","floor":12.0},{"not_picked":["Barrage","Compile Driver"],"picked":"Amplify","floor":13.0},{"not_picked":["Sweeping Beam","Hologram"],"picked":"White Noise","floor":14.0},{"not_picked":["Fusion","Reinforced Body"],"picked":"Conserve Battery","floor":15.0},{"not_picked":["Amplify","Meteor Strike"],"picked":"Echo Form","floor":16.0},{"not_picked":["Turbo","Glacier"],"picked":"White Noise","floor":18.0},{"not_picked":["Conserve Battery","Blizzard"],"picked":"Storm","floor":21.0},{"not_picked":["Sweeping Beam+1","Hologram"],"picked":"Go for the Eyes","floor":22.0},{"not_picked":["Doom and Gloom+1","Redo"],"picked":"Heatsinks","floor":24}],"player_experience":399175,"relics_obtained":[{"floor":8.0,"key":"Strawberry"},{"floor":9.0,"key":"Dream Catcher"},{"floor":14.0,"key":"Smiling Mask"},{"floor":26,"key":"Bronze Scales"}],"event_choices":[{"damage_healed":0.0,"max_hp_gain":0.0,"max_hp_loss":0.0,"gold_gain":0.0,"event_name":"Golden Idol","player_choice":"Take Damage","floor":2.0,"gold_loss":0.0,"damage_taken":18.0,"relics_obtained":["Golden Idol"]},{"damage_healed":0.0,"max_hp_gain":0.0,"max_hp_loss":0.0,"gold_gain":0.0,"event_name":"Living Wall","player_choice":"Grow","floor":3.0,"gold_loss":0.0,"damage_taken":0.0,"cards_upgraded":["Storm"]},{"damage_healed":0.0,"max_hp_gain":0.0,"max_hp_loss":0.0,"gold_gain":0.0,"event_name":"Golden Wing","player_choice":"Ignored","floor":5.0,"gold_loss":0.0,"damage_taken":0.0},{"damage_healed":0.0,"max_hp_gain":0.0,"max_hp_loss":25.0,"gold_gain":0.0,"event_name":"Vampires","player_choice":"Became a vampire","floor":19.0,"gold_loss":0.0,"damage_taken":0.0,"cards_obtained":["Bite","Bite","Bite","Bite","Bite"]},{"damage_healed":0.0,"max_hp_gain":0.0,"max_hp_loss":0.0,"gold_gain":0.0,"event_name":"Colosseum","player_choice":"Fight","floor":20.0,"gold_loss":0.0,"damage_taken":0.0},{"damage_healed":0.0,"max_hp_gain":0.0,"max_hp_loss":0.0,"gold_gain":0.0,"event_name":"Colosseum","player_choice":"Fled From Nobs","floor":20.0,"gold_loss":0.0,"damage_taken":0.0},{"cards_removed":["Defend_B"],"damage_healed":0.0,"max_hp_gain":0.0,"max_hp_loss":0.0,"gold_gain":0.0,"event_name":"Purifier","player_choice":"Purged","floor":23.0,"gold_loss":0.0,"damage_taken":0.0}],"is_beta":true,"boss_relics":[{"not_picked":["Empty Cage","Snecko Eye"],"picked":"Lizard Tail"}],"items_purged_floors":[],"is_endless":false,"potions_floor_spawned":[1,7,8,13,14,18,20,22],"killed_by":"Book of Stabbing","ascension_level":7}