{"gold_per_floor":[367,317,392,150,169,504,504,533,533,564,577,602,624,667,679,796,808,830,842,954,981,1018,1063,1075,237,264,264,281,281,306,306,306,409,409,424,424,435,535,554,582,595,622,669,669,682,712,763,779,779,779],"floor_reached":50,"playtime":5059,"items_purged":[],"score":1053,"play_id":"19b95751-f0b8-48cf-9c56-ae4c179f462f","local_time":"20190114040647","is_ascension_mode":true,"campfire_choices":[{"floor":7,"key":"REST"},{"floor":15,"key":"REST"},{"floor":24,"key":"REST"},{"floor":27,"key":"REST"},{"floor":32,"key":"REST"},{"floor":44,"key":"RECALL"},{"data":"Double Tap","floor":49,"key":"SMITH"}],"neow_cost":"CURSE","seed_source_timestamp":2162318983791529,"circlet_count":0,"master_deck":["AscendersBane","Defend_R","Defend_R","Defend_R","Defend_R","Bash","Clash","Sever Soul","Power Through","Iron Wave","Iron Wave","Sword Boomerang+1","Second Wind","Wild Strike+1","Double Tap+1","Rampage+1","Clothesline+1","Armaments+1","Thunderclap+1","Armaments+1","Sever Soul+1","Bite+1","Bite+1","Bite+1","Bite+1","Bite+1","Flex","Feed+1","Whirlwind+1","Violence","Thunderclap+1","Whirlwind+1","Evolve+1","Uppercut+1","Bludgeon+1","Shrug It Off+1"],"relics":["Burning Blood","Toy Ornithopter","Old Coin","Red Skull","Self Forming Clay","Pocketwatch","MawBank","Molten Egg 2","Philosopher\u0027s Stone","Peace Pipe","Shuriken","Red Mask","Whetstone","Meat on the Bone","Magic Flower","Strange Spoon","Centennial Puzzle","Question Card","Mark of Pain","Turnip","Sundial","Blue Candle","Dream Catcher","Bird Faced Urn"],"potions_floor_usage":[8,8,14,14,20,20,33,33,39,40,42,47,50,50],"damage_taken":[{"damage":1,"enemies":"2 Louse","floor":1,"turns":4},{"damage":7,"enemies":"Small Slimes","floor":5,"turns":3},{"damage":36,"enemies":"Gremlin Nob","floor":6,"turns":4},{"damage":39,"enemies":"3 Sentries","floor":8,"turns":13},{"damage":15,"enemies":"Lagavulin","floor":10,"turns":5},{"damage":2,"enemies":"Jaw Worm","floor":11,"turns":3},{"damage":20,"enemies":"3 Sentries","floor":12,"turns":5},{"damage":3,"enemies":"Blue Slaver","floor":13,"turns":3},{"damage":0,"enemies":"Lagavulin","floor":14,"turns":3},{"damage":29,"enemies":"Hexaghost","floor":16,"turns":9},{"damage":13,"enemies":"Chosen","floor":18,"turns":4},{"damage":6,"enemies":"Colosseum Slavers","floor":20,"turns":4},{"damage":36,"enemies":"Colosseum Nobs","floor":20,"turns":5},{"damage":0,"enemies":"Spheric Guardian","floor":21,"turns":2},{"damage":13,"enemies":"Masked Bandits","floor":22,"turns":4},{"damage":19,"enemies":"Book of Stabbing","floor":23,"turns":4},{"damage":21,"enemies":"Centurion and Healer","floor":28,"turns":5},{"damage":40,"enemies":"Gremlin Leader","floor":30,"turns":5},{"damage":53,"enemies":"Champ","floor":33,"turns":8},{"damage":35,"enemies":"3 Darklings","floor":35,"turns":5},{"damage":1,"enemies":"3 Shapes","floor":37,"turns":3},{"damage":0,"enemies":"Mind Bloom Boss Battle","floor":38,"turns":3},{"damage":46,"enemies":"Maw","floor":39,"turns":6},{"damage":63,"enemies":"Nemesis","floor":40,"turns":7},{"damage":9,"enemies":"Spire Growth","floor":41,"turns":4},{"damage":30,"enemies":"Reptomancer","floor":42,"turns":5},{"damage":26,"enemies":"Transient","floor":45,"turns":5},{"damage":46,"enemies":"Giant Head","floor":46,"turns":7},{"damage":43,"enemies":"2 Orb Walkers","floor":47,"turns":4},{"damage":18,"enemies":"Maw","floor":48,"turns":5},{"damage":86,"enemies":"Awakened One","floor":50,"turns":6}],"seed_played":"-6139789918849416043","potions_obtained":[{"floor":6,"key":"Weak Potion"},{"floor":12,"key":"SteroidPotion"},{"floor":13,"key":"FearPotion"},{"floor":16,"key":"Strength Potion"},{"floor":18,"key":"EssenceOfSteel"},{"floor":33,"key":"SteroidPotion"},{"floor":38,"key":"Block Potion"},{"floor":39,"key":"SmokeBomb"},{"floor":41,"key":"Explosive Potion"},{"floor":42,"key":"Dexterity Potion"},{"floor":45,"key":"BloodPotion"},{"floor":47,"key":"Strength Potion"}],"is_trial":false,"path_per_floor":["M","?","?","$","M","E","R","E","T","E","M","E","M","E","R","B",null,"M","?","?","M","?","E","R","$","T","R","M","?","E","?","R","B",null,"M","?","M","?","M","E","M","E","T","R","M","E","?","M","R","B"],"character_chosen":"IRONCLAD","items_purchased":["Toy Ornithopter","Strength Potion","Meat on the Bone","Magic Flower","Strength Potion","Regen Potion","Strange Spoon"],"campfire_rested":5,"item_purchase_floors":[4,4,25,25,25,25,25],"current_hp_per_floor":[77,77,66,66,65,35,59,36,36,27,31,17,20,36,60,37,69,62,47,27,33,26,13,38,38,38,63,69,59,43,43,59,55,58,56,56,59,59,50,42,57,48,48,48,42,53,55,59,59,0],"gold":779,"neow_bonus":"TWO_FIFTY_GOLD","is_prod":false,"is_daily":false,"chose_seed":false,"campfire_upgraded":1,"win_rate":0,"timestamp":1547431607,"path_taken":["M","?","?","$","M","E","R","E","T","E","M","E","M","E","R","BOSS","M","?","?","M","?","E","R","$","T","R","?","?","E","?","R","BOSS","M","?","M","?","M","E","M","E","T","R","M","E","?","M","R","BOSS"],"build_version":"2019-01-10","purchased_purges":0,"victory":false,"max_hp_per_floor":[80,80,80,80,80,80,80,80,80,80,80,80,80,80,80,80,80,80,85,85,85,85,85,85,85,85,85,85,59,59,59,59,59,59,59,59,59,59,59,59,59,59,59,59,59,59,59,59,59,63],"card_choices":[{"not_picked":["Warcry","Hemokinesis"],"picked":"Clash","floor":1},{"not_picked":["Armaments","Warcry"],"picked":"Sever Soul","floor":5},{"not_picked":["Cleave","Sentinel"],"picked":"Power Through","floor":6},{"not_picked":["Shrug It Off","Thunderclap"],"picked":"Iron Wave","floor":8},{"not_picked":["Twin Strike","Entrench"],"picked":"Iron Wave","floor":10},{"not_picked":["Entrench","Headbutt"],"picked":"Sword Boomerang","floor":11},{"not_picked":["Juggernaut","Bloodletting","Cleave"],"picked":"SKIP","floor":12},{"not_picked":["Uppercut","Shrug It Off"],"picked":"Second Wind","floor":13},{"not_picked":["Rupture","Searing Blow"],"picked":"Wild Strike","floor":14},{"not_picked":["Brutality","Barricade"],"picked":"Double Tap","floor":16},{"not_picked":["True Grit","Warcry"],"picked":"Rampage+1","floor":18},{"not_picked":["Burning Pact","Warcry"],"picked":"Clothesline+1","floor":20},{"not_picked":["Clash+1","Twin Strike+1"],"picked":"Armaments+1","floor":21},{"not_picked":["Cleave+1","Rupture"],"picked":"Thunderclap+1","floor":22},{"not_picked":["Twin Strike+1","Rupture"],"picked":"Armaments+1","floor":23},{"not_picked":["Whirlwind+1","Shrug It Off+1"],"picked":"Sever Soul+1","floor":28},{"not_picked":["Uppercut+1","Cleave+1"],"picked":"Flex","floor":30},{"not_picked":["Reaper+1","Brutality","Offering"],"picked":"Feed+1","floor":33},{"not_picked":["Headbutt+1","Clothesline+1","Havoc"],"picked":"Whirlwind+1","floor":35},{"not_picked":["Jack Of All Trades","Madness","Blind"],"picked":"Violence","floor":36},{"not_picked":["Cleave+1","Armaments+1","Spot Weakness+1"],"picked":"Thunderclap+1","floor":37},{"not_picked":["Disarm+1","Rampage+1","Wild Strike+1"],"picked":"Whirlwind+1","floor":38},{"not_picked":["Feel No Pain+1","Flex+1","Carnage+1"],"picked":"Evolve+1","floor":39},{"not_picked":["Headbutt+1","Entrench","Body Slam+1","Spot Weakness+1"],"picked":"SKIP","floor":40},{"not_picked":["Wild Strike+1","Body Slam+1","Sword Boomerang+1"],"picked":"Uppercut+1","floor":41},{"not_picked":["Sentinel","Rupture","Second Wind"],"picked":"Bludgeon+1","floor":42},{"not_picked":["Infernal Blade","Bloodletting","Seeing Red+1","Hemokinesis+1"],"picked":"SKIP","floor":45},{"not_picked":["Perfected Strike+1","Exhume","Corruption+1","Cleave+1"],"picked":"SKIP","floor":46},{"not_picked":["Reckless Charge+1","Bloodletting","Intimidate"],"picked":"Shrug It Off+1","floor":47},{"not_picked":["Body Slam+1","Thunderclap+1","Dual Wield","Warcry+1"],"picked":"SKIP","floor":48}],"player_experience":365259,"relics_obtained":[{"floor":6,"key":"Old Coin"},{"floor":8,"key":"Red Skull"},{"floor":9,"key":"Self Forming Clay"},{"floor":10,"key":"Pocketwatch"},{"floor":12,"key":"MawBank"},{"floor":14,"key":"Molten Egg 2"},{"floor":20,"key":"Peace Pipe"},{"floor":20,"key":"Shuriken"},{"floor":22,"key":"Red Mask"},{"floor":23,"key":"Whetstone"},{"floor":26,"key":"Centennial Puzzle"},{"floor":30,"key":"Question Card"},{"floor":38,"key":"Turnip"},{"floor":40,"key":"Sundial"},{"floor":42,"key":"Blue Candle"},{"floor":46,"key":"Dream Catcher"},{"floor":47,"key":"Bird Faced Urn"}],"event_choices":[{"cards_removed":["Clumsy"],"damage_healed":0,"gold_gain":0,"player_choice":"Card Removal","damage_taken":0,"max_hp_gain":0,"max_hp_loss":0,"event_name":"The Cleric","floor":2,"gold_loss":50},{"damage_healed":0,"gold_gain":75,"player_choice":"Gather Gold","damage_taken":11,"max_hp_gain":0,"max_hp_loss":0,"event_name":"World of Goop","floor":3,"gold_loss":0},{"damage_healed":0,"gold_gain":0,"player_choice":"Shed Blood","damage_taken":20,"max_hp_gain":5,"max_hp_loss":0,"event_name":"Forgotten Altar","floor":19,"gold_loss":0},{"damage_healed":0,"gold_gain":0,"player_choice":"Fight","damage_taken":0,"max_hp_gain":0,"max_hp_loss":0,"event_name":"Colosseum","floor":20,"gold_loss":0},{"damage_healed":0,"gold_gain":0,"player_choice":"Fought Nobs","damage_taken":0,"max_hp_gain":0,"max_hp_loss":0,"event_name":"Colosseum","floor":20,"gold_loss":0},{"damage_healed":0,"gold_gain":0,"player_choice":"Fought Bandits","damage_taken":0,"max_hp_gain":0,"max_hp_loss":0,"event_name":"Masked Bandits","floor":22,"gold_loss":0},{"damage_healed":0,"gold_gain":0,"player_choice":"Became a vampire","damage_taken":0,"max_hp_gain":0,"max_hp_loss":26,"event_name":"Vampires","floor":29,"gold_loss":0,"cards_obtained":["Bite","Bite","Bite","Bite","Bite"]},{"damage_healed":0,"gold_gain":0,"player_choice":"Ignored","damage_taken":0,"max_hp_gain":0,"max_hp_loss":0,"event_name":"Ghosts","floor":31,"gold_loss":0},{"damage_healed":0,"gold_gain":0,"player_choice":"Memory 1","damage_taken":0,"max_hp_gain":0,"max_hp_loss":0,"event_name":"SensoryStone","floor":36,"gold_loss":0},{"damage_healed":0,"gold_gain":0,"player_choice":"Fight","damage_taken":0,"max_hp_gain":0,"max_hp_loss":0,"event_name":"MindBloom","floor":38,"gold_loss":0},{"damage_healed":0,"gold_gain":0,"player_choice":"Fight","damage_taken":0,"max_hp_gain":0,"max_hp_loss":0,"event_name":"Mysterious Sphere","floor":47,"gold_loss":0}],"is_beta":true,"boss_relics":[{"not_picked":["Orrery","Empty Cage"],"picked":"Philosopher\u0027s Stone"},{"not_picked":["Cursed Key","Runic Pyramid"],"picked":"Mark of Pain"}],"items_purged_floors":[],"is_endless":false,"potions_floor_spawned":[6,12,13,16,18,20,33,38,39,41,42,45,47,48],"killed_by":"Awakened One","ascension_level":11}