{"path_per_floor":["M","M","$","M","M","E","R","E","T","$","R","?","E","M","R","B",null,"M","?","M","M","?","E","R","$","T","M","?","M","$"],"character_chosen":"THE_SILENT","items_purchased":["Deflect","Dagger Spray","Terror","Backflip","Well Laid Plans","Anchor","Catalyst"],"gold_per_floor":[110,129,82,101,120,149,149,181,208,58,58,58,85,105,105,200,200,220,190,207,221,221,256,256,39,111,129,129,142,70],"floor_reached":31,"campfire_rested":2,"playtime":1922,"current_hp_per_floor":[70,70,70,70,64,45,66,48,48,48,48,48,40,32,55,41,77,73,73,69,60,60,44,44,44,44,31,31,16,16],"items_purged":[],"gold":70,"score":275,"play_id":"d97a3ac7-d1a4-4c81-bef6-16ade408b68b","is_prod":false,"is_daily":false,"is_ascension_mode":false,"campfire_upgraded":2,"path_taken":["M","M","$","M","M","E","R","E","T","$","R","?","E","M","R","BOSS","M","?","M","M","?","E","R","$","T","M","?","M","$","M"],"build_version":"2018-02-22-PROD2","purchased_purges":0,"victory":false,"master_deck":["Defend_G","Defend_G","Defend_G","Defend_G","Strike_G","Strike_G","Strike_G","Survivor","Neutralize","Noxious Fumes+1","Bullet Time+1","Deflect","Quick Slash","Deadly Poison","Night Terror","Backflip","Dagger Spray","Terror","Backflip","Blur","Adrenaline+1","Phantasmal Killer+1","Wraith Form+1","Riddle With Holes+1","Deadly Poison","Infinite Blades+1","Backflip","Deflect","Well Laid Plans","Flying Knee+1","Accuracy","Catalyst"],"max_hp_per_floor":[70,70,70,70,70,70,70,77,77,77,77,77,77,77,77,77,77,77,77,77,77,77,77,77,77,77,77,77,77,77],"relics":["Ring of the Snake","Matryoshka","Strawberry","Ancient Tea Set","Oddly Smooth Stone","Ice Cream","Astrolabe","Nloth\u0027s Gift","Mercury Hourglass","Anchor","Pen Nib","Bottled Flame","Art of War"],"card_choices":[{"not_picked":["Slice","Deflect"],"picked":"Noxious Fumes"},{"not_picked":["Quick Slash","Dodge and Roll"],"picked":"Bullet Time"},{"not_picked":["Accuracy","Bane"],"picked":"Quick Slash"},{"not_picked":["Cloak And Dagger","Deflect"],"picked":"Deadly Poison"},{"not_picked":["Choke","Outmaneuver"],"picked":"Night Terror"},{"not_picked":["Infinite Blades","Expertise"],"picked":"Backflip"},{"not_picked":["Underhanded Strike","Flechettes"],"picked":"Blur"},{"not_picked":["Tools of the Trade","After Image"],"picked":"Adrenaline"},{"not_picked":["Dash","Backflip"],"picked":"Deadly Poison"},{"not_picked":["Quick Slash","Expertise"],"picked":"Infinite Blades"},{"not_picked":["PiercingWail","Accuracy"],"picked":"Backflip"},{"not_picked":["Deadly Poison","Flying Knee"],"picked":"Deflect"},{"not_picked":["Tactician","Dodge and Roll"],"picked":"Flying Knee"},{"not_picked":["Blade Dance","Expertise"],"picked":"Accuracy"}],"player_experience":117623,"potions_floor_usage":[],"damage_taken":[{"damage":0.0,"enemies":"Small Slimes","floor":1.0,"turns":1.0},{"damage":0.0,"enemies":"2 Louse","floor":2.0,"turns":1.0},{"damage":0.0,"enemies":"Jaw Worm","floor":4.0,"turns":1.0},{"damage":6.0,"enemies":"3 Louse","floor":5.0,"turns":4.0},{"damage":19.0,"enemies":"Gremlin Nob","floor":6.0,"turns":4.0},{"damage":25.0,"enemies":"Lagavulin","floor":8.0,"turns":6.0},{"damage":8.0,"enemies":"3 Sentries","floor":13.0,"turns":6.0},{"damage":8.0,"enemies":"Exordium Thugs","floor":14.0,"turns":5.0},{"damage":14.0,"enemies":"Hexaghost","floor":16.0,"turns":9.0},{"damage":4.0,"enemies":"Shell Parasite","floor":18.0,"turns":5.0},{"damage":4.0,"enemies":"3 Byrds","floor":20.0,"turns":4.0},{"damage":9.0,"enemies":"Snecko","floor":21.0,"turns":5.0},{"damage":16.0,"enemies":"Book of Stabbing","floor":23.0,"turns":6.0},{"damage":13.0,"enemies":"3 Cultists","floor":27.0,"turns":5.0},{"damage":15.0,"enemies":"Chosen and Byrds","floor":29.0,"turns":5.0},{"damage":19,"enemies":"Centurion and Healer","floor":31,"turns":3}],"event_choices":[{"event_name":"Living Wall","player_choice":"Grow","floor":12.0,"damage_taken":0.0},{"event_name":"The Woman in Blue","player_choice":"Bought 2 Potions","floor":19.0,"damage_taken":0.0},{"event_name":"N\u0027loth","player_choice":"Traded a NeowsBlessing","floor":22.0,"damage_taken":0.0},{"event_name":"The Mausoleum","player_choice":"Yes","floor":28.0,"damage_taken":0.0}],"boss_relics":[],"potions_floor_spawned":[1,4,6,13,14,18,20,23],"seed_played":"7606198744453176184","killed_by":"Centurion and Healer","ascension_level":0,"is_trial":false}