{"gold_per_floor":[114,127,137,21,39,39,67,14,14,27,55,55,55,83,83,181,181,106,126,126,142,119,119,144,158,158,158],"floor_reached":27,"playtime":1679,"items_purged":[],"score":283,"play_id":"d06cddf4-f831-4b51-b3bd-7979bc33c7bd","local_time":"20181209021657","is_ascension_mode":true,"campfire_choices":[{"floor":6,"key":"REST"},{"floor":12,"key":"REST"},{"data":"Loop","floor":15,"key":"SMITH"},{"floor":23,"key":"REST"}],"neow_cost":"NONE","seed_source_timestamp":311228992500,"circlet_count":0,"master_deck":["Strike_B","Strike_B","Strike_B","Strike_B","Defend_B","Defend_B","Defend_B","Defend_B","Zap","Dualcast","Glacier","Genetic Algorithm","Coolheaded","Defragment","Glacier","White Noise","Core Surge","Cold Snap","Beam Cell","Loop+1","Beam Cell","Leap","Amplify","Ball Lightning+1","Ball Lightning","Turbo","Gash","Chill","Beam Cell"],"relics":["Cracked Core","Odd Mushroom","Blue Candle","Kunai","Omamori","Eternal Feather","Red Mask","Incense Burner"],"potions_floor_usage":[5,5,7,11,16,25],"damage_taken":[{"damage":1,"enemies":"Cultist","floor":1,"turns":3},{"damage":5,"enemies":"Small Slimes","floor":2,"turns":4},{"damage":4,"enemies":"2 Louse","floor":3,"turns":3},{"damage":30,"enemies":"Gremlin Gang","floor":5,"turns":6},{"damage":15,"enemies":"The Mushroom Lair","floor":7,"turns":8},{"damage":0,"enemies":"Large Slime","floor":10,"turns":4},{"damage":13,"enemies":"Lagavulin","floor":11,"turns":6},{"damage":0,"enemies":"3 Sentries","floor":14,"turns":10},{"damage":18,"enemies":"Slime Boss","floor":16,"turns":11},{"damage":25,"enemies":"2 Thieves","floor":18,"turns":5},{"damage":14,"enemies":"Shell Parasite","floor":19,"turns":9},{"damage":25,"enemies":"Shelled Parasite and Fungi","floor":21,"turns":7},{"damage":41,"enemies":"Masked Bandits","floor":24,"turns":7},{"damage":9,"enemies":"Centurion and Healer","floor":25,"turns":10},{"damage":13,"enemies":"Slavers","floor":27,"turns":5}],"seed_played":"6723217498621020725","potions_obtained":[{"floor":0,"key":"FocusPotion"},{"floor":0,"key":"Ancient Potion"},{"floor":0,"key":"Weak Potion"},{"floor":5,"key":"SpeedPotion"},{"floor":14,"key":"Weak Potion"},{"floor":16,"key":"Swift Potion"},{"floor":24,"key":"Regen Potion"}],"is_trial":false,"path_per_floor":["M","M","M","$","M","R","?","$","T","M","E","R","?","E","R","B",null,"M","M","$","M","$","R","?","M","T","E"],"character_chosen":"DEFECT","items_purchased":["Defragment","Glacier","Cold Snap","Gash"],"campfire_rested":3,"item_purchase_floors":[4,4,8,22],"current_hp_per_floor":[74,69,65,65,35,57,42,42,42,42,29,51,51,51,51,33,75,50,36,36,11,11,48,7,13,13,0],"gold":158,"neow_bonus":"THREE_SMALL_POTIONS","is_prod":false,"is_daily":false,"chose_seed":false,"campfire_upgraded":1,"win_rate":0,"timestamp":1544318217,"path_taken":["M","M","?","$","M","R","?","$","T","M","E","R","?","E","R","BOSS","M","?","$","M","$","R","?","M","T","E"],"build_version":"2018-12-06","purchased_purges":0,"victory":false,"max_hp_per_floor":[75,75,75,75,75,75,75,75,75,75,75,75,75,75,75,75,75,75,75,75,75,75,75,75,75,75,75],"card_choices":[{"not_picked":["Blizzard","Conserve Battery"],"picked":"Glacier","floor":1},{"not_picked":["Scrape","Barrage"],"picked":"Genetic Algorithm","floor":2},{"not_picked":["Rebound","Turbo"],"picked":"Coolheaded","floor":3},{"not_picked":["Rebound","Heatsinks"],"picked":"White Noise","floor":5},{"not_picked":["Streamline","Redo"],"picked":"Core Surge","floor":7},{"not_picked":["Leap","Fusion"],"picked":"Beam Cell","floor":10},{"not_picked":["Leap","Sweeping Beam"],"picked":"Loop","floor":11},{"not_picked":["Steam","Hologram"],"picked":"Leap","floor":14},{"not_picked":["Biased Cognition","Core Surge"],"picked":"Amplify","floor":16},{"not_picked":["Sweeping Beam","Darkness"],"picked":"Ball Lightning+1","floor":18},{"not_picked":["Leap","Barrage"],"picked":"Ball Lightning","floor":19},{"not_picked":["Steam+1","Genetic Algorithm"],"picked":"Turbo","floor":21},{"not_picked":["Compile Driver","Doom and Gloom"],"picked":"Chill","floor":24},{"not_picked":["Force Field","Scrape"],"picked":"Beam Cell","floor":25}],"player_experience":273741,"relics_obtained":[{"floor":7,"key":"Odd Mushroom"},{"floor":9,"key":"Blue Candle"},{"floor":11,"key":"Kunai"},{"floor":14,"key":"Omamori"},{"floor":24,"key":"Red Mask"},{"floor":26,"key":"Incense Burner"}],"event_choices":[{"damage_healed":0,"gold_gain":0,"player_choice":"Fought Mushrooms","damage_taken":0,"max_hp_gain":0,"max_hp_loss":0,"event_name":"Mushrooms","floor":7,"gold_loss":0},{"damage_healed":0,"gold_gain":0,"player_choice":"1 cards matched","damage_taken":0,"max_hp_gain":0,"max_hp_loss":0,"event_name":"Match and Keep!","floor":13,"gold_loss":0,"cards_obtained":["Beam Cell"]},{"damage_healed":0,"gold_gain":0,"player_choice":"Fought Bandits","damage_taken":0,"max_hp_gain":0,"max_hp_loss":0,"event_name":"Masked Bandits","floor":24,"gold_loss":0}],"is_beta":false,"boss_relics":[{"not_picked":["Busted Crown","Calling Bell"],"picked":"Eternal Feather"}],"items_purged_floors":[],"is_endless":false,"potions_floor_spawned":[2,5,14,16,24],"killed_by":"Slavers","ascension_level":3}