{"path_per_floor":["M","?","M","M","M","M","R","M","T","$","E","M","R","M","R","B",null,"M","$","?","M","M","R","E","M","T","?","R","M","R","?","R","B",null,"M","M","$","M","M","E","M","M","T","R","?","M","M","M","R","B"],"character_chosen":"DEFECT","items_purchased":["Molten Egg 2","Barrage","Genetic Algorithm","Beam Cell+1","Good Instincts","SkillPotion"],"gold_per_floor":[114,114,128,142,154,167,167,185,185,185,215,227,227,242,242,344,344,358,11,11,24,44,44,74,91,91,91,91,103,103,53,53,151,151,171,184,39,58,75,110,128,148,173,173,173,185,198,210,210,210],"floor_reached":51,"campfire_rested":3,"playtime":6930,"item_purchase_floors":[19,19,19,37,37,37],"current_hp_per_floor":[74,74,73,73,70,65,65,56,56,56,51,51,51,51,51,22,75,69,69,69,64,62,62,39,39,39,25,49,46,70,70,70,55,80,71,71,71,80,50,28,28,28,28,52,61,43,47,51,51,13],"items_purged":[],"gold":210,"score":759,"play_id":"aa1f44dc-b064-4a98-abd6-2c70a2c93206","local_time":"20180622230244","is_prod":false,"is_daily":false,"chose_seed":false,"is_ascension_mode":false,"campfire_upgraded":6,"win_rate":0,"timestamp":1529701364,"campfire_choices":[{"data":"Hello World","floor":7,"key":"SMITH"},{"data":"Chill","floor":13,"key":"SMITH"},{"data":"Gash","floor":15,"key":"SMITH"},{"data":"Genetic Algorithm","floor":23,"key":"SMITH"},{"floor":28,"key":"REST"},{"floor":30,"key":"REST"},{"data":"Turbo","floor":32,"key":"SMITH"},{"floor":44,"key":"REST"},{"data":"Loop","floor":49,"key":"SMITH"}],"path_taken":["M","?","M","M","M","?","R","M","T","?","E","M","R","M","R","BOSS","M","$","?","M","M","R","E","?","T","?","R","M","R","?","R","BOSS","M","M","$","M","M","E","M","M","T","R","?","M","M","M","R","BOSS"],"build_version":"2018-06-21","seed_source_timestamp":8794121825904,"purchased_purges":0,"circlet_count":0,"victory":true,"master_deck":["Zap","Chaos","Sunder","Sweeping Beam","Sunder","Hello World+1","Seek+1","Chill+1","Gash+1","Turbo","All For One","Gash","Chill","Tempest","Turbo+1","Undo","Lockon","Gash","Streamline","Go for the Eyes","Barrage+1","Genetic Algorithm+1","Turbo+1","Doom and Gloom+1","Chill","Redo+1","Self Repair+1","Electrodynamics","Sweeping Beam+1","Turbo","Beam Cell+1","Good Instincts","Go for the Eyes+1","Redo+1","Loop+1","Fission","Stack+1","Clumsy","Gash+1","Redo+1","Chill"],"max_hp_per_floor":[75,75,75,75,75,75,75,75,75,75,75,75,75,75,75,75,75,75,75,75,75,75,75,75,75,75,80,80,80,80,80,80,80,80,80,80,80,80,80,80,80,80,80,80,80,80,80,80,80,80],"relics":["Cracked Core","Boot","Kunai","War Paint","Pandora\u0027s Box","Molten Egg 2","The Courier","Bottled Lightning","Cursed Key","Ornamental Fan","Anchor","Bird Faced Urn"],"card_choices":[{"not_picked":["Rebound","Beam Cell"],"picked":"Chaos","floor":1},{"not_picked":["Auto Shields","Steam"],"picked":"Sunder","floor":3},{"not_picked":["Rebound","Beam Cell"],"picked":"Sweeping Beam","floor":4},{"not_picked":["Heatsinks","Redo"],"picked":"Sunder","floor":5},{"not_picked":["Turbo","Conserve Battery"],"picked":"Hello World","floor":6},{"not_picked":["Fusion","Ball Lightning"],"picked":"Seek","floor":8},{"not_picked":["Hologram","BootSequence"],"picked":"Chill","floor":11},{"not_picked":["Streamline","Hologram"],"picked":"Gash","floor":12},{"not_picked":["Heatsinks","Steam"],"picked":"Turbo","floor":14},{"not_picked":["Reboot","Buffer"],"picked":"All For One","floor":16},{"not_picked":["Stack","Hello World"],"picked":"Go for the Eyes","floor":18},{"not_picked":["Steam+1","Consume+1"],"picked":"Turbo+1","floor":21},{"not_picked":["Go for the Eyes+1","Storm"],"picked":"Doom and Gloom+1","floor":22},{"not_picked":["Redo","Stack"],"picked":"Chill","floor":24},{"not_picked":["Static Discharge","Electrodynamics"],"picked":"Redo+1","floor":25},{"not_picked":["Sweeping Beam+1","Steam"],"picked":"Self Repair+1","floor":29},{"not_picked":["Biased Cognition","Machine Learning"],"picked":"Electrodynamics","floor":33},{"not_picked":["Conserve Battery","Glacier"],"picked":"Sweeping Beam+1","floor":35},{"not_picked":["Blizzard+1","Stack"],"picked":"Turbo","floor":36},{"not_picked":["Auto Shields+1","Self Repair"],"picked":"Go for the Eyes+1","floor":38},{"not_picked":["Reinforced Body","Sweeping Beam+1"],"picked":"Redo+1","floor":39},{"not_picked":["Steam Power","Stack+1"],"picked":"Loop","floor":40},{"not_picked":["Beam Cell+1","Cold Snap+1"],"picked":"Fission","floor":41},{"not_picked":["Hologram","Ball Lightning+1"],"picked":"Stack+1","floor":42},{"not_picked":["Go for the Eyes+1","Hologram"],"picked":"Gash+1","floor":45},{"not_picked":["Leap+1","BootSequence"],"picked":"Redo+1","floor":46},{"not_picked":["Sweeping Beam+1","Rebound+1"],"picked":"Chill","floor":47},{"not_picked":["Cold Snap+1","Go for the Eyes+1","Rebound+1"],"picked":"SKIP","floor":48}],"player_experience":119330,"potions_floor_usage":[8,12,14,16,16,24,29,29,33,38,40,41,46,48,50],"damage_taken":[{"damage":1,"enemies":"Jaw Worm","floor":1,"turns":3},{"damage":1,"enemies":"Cultist","floor":3,"turns":3},{"damage":0,"enemies":"2 Louse","floor":4,"turns":2},{"damage":3,"enemies":"Red Slaver","floor":5,"turns":4},{"damage":5,"enemies":"Exordium Wildlife","floor":6,"turns":2},{"damage":9,"enemies":"Blue Slaver","floor":8,"turns":3},{"damage":5,"enemies":"3 Sentries","floor":11,"turns":6},{"damage":0,"enemies":"Gremlin Gang","floor":12,"turns":3},{"damage":0,"enemies":"Large Slime","floor":14,"turns":2},{"damage":29,"enemies":"Hexaghost","floor":16,"turns":11},{"damage":6,"enemies":"Shell Parasite","floor":18,"turns":3},{"damage":5,"enemies":"2 Thieves","floor":21,"turns":4},{"damage":2,"enemies":"Centurion and Healer","floor":22,"turns":4},{"damage":23,"enemies":"Slavers","floor":24,"turns":4},{"damage":0,"enemies":"Cultist and Chosen","floor":25,"turns":5},{"damage":3,"enemies":"Slaver and Parasite","floor":29,"turns":5},{"damage":25,"enemies":"Champ","floor":33,"turns":8},{"damage":19,"enemies":"3 Shapes","floor":35,"turns":4},{"damage":0,"enemies":"3 Darklings","floor":36,"turns":3},{"damage":0,"enemies":"4 Shapes","floor":38,"turns":3},{"damage":40,"enemies":"Maw","floor":39,"turns":7},{"damage":32,"enemies":"Nemesis","floor":40,"turns":5},{"damage":0,"enemies":"3 Darklings","floor":41,"turns":4},{"damage":10,"enemies":"4 Shapes","floor":42,"turns":3},{"damage":1,"floor":45,"turns":5},{"damage":36,"enemies":"Maw","floor":46,"turns":7},{"damage":0,"enemies":"3 Darklings","floor":47,"turns":3},{"damage":12,"enemies":"4 Shapes","floor":48,"turns":4},{"damage":54,"enemies":"Awakened One","floor":50,"turns":17}],"relics_obtained":[{"floor":9,"key":"Kunai"},{"floor":11,"key":"War Paint"},{"floor":24,"key":"The Courier"},{"floor":26,"key":"Bottled Lightning"},{"floor":40,"key":"Ornamental Fan"},{"floor":43,"key":"Anchor"},{"floor":45,"key":"Bird Faced Urn"}],"event_choices":[{"event_name":"Bonfire Elementals","player_choice":"BASIC","floor":2,"damage_taken":0},{"event_name":"Beggar","player_choice":"Ignored","floor":20,"damage_taken":0},{"event_name":"Forgotten Altar","player_choice":"Shed Blood","floor":27,"damage_taken":0},{"event_name":"The Joust","player_choice":"Bet on Owner","floor":31,"damage_taken":0},{"event_name":"MindBloom","player_choice":"Fight","floor":45,"damage_taken":0}],"boss_relics":[{"not_picked":["Inserter","Velvet Choker"],"picked":"Pandora\u0027s Box"},{"not_picked":["Busted Crown","Tiny House"],"picked":"Cursed Key"}],"items_purged_floors":[],"is_endless":false,"potions_floor_spawned":[3,5,8,11,14,21,24,25,29,39,40,42,47,48],"seed_played":"-3168833721344458742","ascension_level":0,"potions_obtained":[{"floor":3,"key":"Swift Potion"},{"floor":5,"key":"Poison Potion"},{"floor":8,"key":"Fire Potion"},{"floor":11,"key":"SkillPotion"},{"floor":14,"key":"Explosive Potion"},{"floor":21,"key":"GamblersBrew"},{"floor":24,"key":"Energy Potion"},{"floor":25,"key":"EssenceOfSteel"},{"floor":29,"key":"FocusPotion"},{"floor":39,"key":"GamblersBrew"},{"floor":40,"key":"PowerPotion"},{"floor":42,"key":"SpeedPotion"},{"floor":47,"key":"SkillPotion"},{"floor":48,"key":"Block Potion"}],"is_trial":false}