{"gold_per_floor":[111,111,111,131,131,131,141,157,157,177,191,191,56,67,67,143,143,155,155,172,184,184,184,184],"floor_reached":24,"playtime":599,"items_purged":[],"score":342,"play_id":"6372b984-ca5b-4a68-b098-82ce65b80cc1","local_time":"20190525225129","is_ascension_mode":true,"campfire_choices":[{"floor":6.0,"key":"REST"},{"data":"White Noise","floor":12.0,"key":"SMITH"},{"data":"Consume","floor":15.0,"key":"SMITH"},{"floor":23,"key":"REST"}],"neow_cost":"NONE","seed_source_timestamp":813724723992804,"circlet_count":0,"master_deck":["AscendersBane","Strike_B+1","Strike_B","Strike_B","Strike_B","Defend_B","Defend_B","Defend_B","Defend_B","Zap","Dualcast+1","Ball Lightning","White Noise+1","Ball Lightning","Leap","Consume+1","Creative AI","Self Repair","Chill","Recycle"],"special_seed":0,"relics":["Cracked Core","Pear","Bag of Marbles","Tiny Chest","Inserter","FaceOfCleric"],"potions_floor_usage":[16,18,24],"damage_taken":[{"damage":1.0,"enemies":"Cultist","floor":1.0,"turns":3.0},{"damage":7.0,"enemies":"Jaw Worm","floor":4.0,"turns":2.0},{"damage":0.0,"enemies":"2 Louse","floor":7.0,"turns":2.0},{"damage":0.0,"enemies":"Red Slaver","floor":8.0,"turns":3.0},{"damage":6.0,"enemies":"Looter","floor":10.0,"turns":2.0},{"damage":1.0,"enemies":"2 Fungi Beasts","floor":11.0,"turns":2.0},{"damage":16.0,"enemies":"Gremlin Gang","floor":14.0,"turns":4.0},{"damage":35,"enemies":"Hexaghost","floor":16,"turns":6},{"damage":12,"enemies":"Chosen","floor":18,"turns":3},{"damage":18,"enemies":"Spheric Guardian","floor":20,"turns":4},{"damage":24,"enemies":"Centurion and Healer","floor":21,"turns":7},{"damage":71,"enemies":"Slavers","floor":24,"turns":4}],"seed_played":"-4111173480550798907","potions_obtained":[{"floor":10.0,"key":"Regen Potion"},{"floor":11.0,"key":"Ancient Potion"},{"floor":14.0,"key":"PowerPotion"},{"floor":20,"key":"Ancient Potion"}],"is_trial":false,"path_per_floor":["M","?","T","M","?","R","M","M","T","M","M","R","$","M","R","B",null,"M","?","M","M","?","R","E"],"character_chosen":"DEFECT","items_purchased":["Tiny Chest"],"campfire_rested":2,"item_purchase_floors":[13],"current_hp_per_floor":[70,47,57,50,37,63,63,63,63,57,61,61,61,45,45,10,69,57,57,46,29,29,55,0],"gold":184,"neow_bonus":"TEN_PERCENT_HP_BONUS","is_prod":false,"is_daily":false,"chose_seed":false,"campfire_upgraded":2,"win_rate":0,"timestamp":1558795889,"path_taken":["M","?","?","M","?","R","M","?","T","M","M","R","$","M","R","BOSS","M","?","M","M","?","R","E"],"build_version":"2019-01-23","purchased_purges":0,"victory":false,"max_hp_per_floor":[78,78,88,88,88,88,88,88,88,88,88,88,88,88,88,88,88,88,88,88,88,88,88,88],"card_choices":[{"not_picked":["Stack","Beam Cell"],"picked":"Ball Lightning","floor":1.0},{"not_picked":["Go for the Eyes","Steam","Barrage"],"picked":"SKIP","floor":4.0},{"not_picked":["Compile Driver","Storm","Reprogram"],"picked":"SKIP","floor":7.0},{"not_picked":["Beam Cell","Streamline"],"picked":"White Noise","floor":8.0},{"not_picked":["Hyperbeam","Skim"],"picked":"Ball Lightning","floor":10.0},{"not_picked":["Stack","Compile Driver"],"picked":"Leap","floor":11.0},{"not_picked":["Leap","Storm"],"picked":"Consume","floor":14.0},{"not_picked":["Multi-Cast","Rainbow"],"picked":"Creative AI","floor":16},{"not_picked":["BootSequence","Beam Cell"],"picked":"Self Repair","floor":18},{"not_picked":["Heatsinks","Redo"],"picked":"Chill","floor":20},{"not_picked":["Turbo","Compile Driver"],"picked":"Recycle","floor":21}],"player_experience":597857,"relics_obtained":[{"floor":3.0,"key":"Pear"},{"floor":9.0,"key":"Bag of Marbles"}],"event_choices":[{"damage_healed":0.0,"max_hp_gain":0.0,"max_hp_loss":0.0,"gold_gain":0.0,"event_name":"Shining Light","player_choice":"Entered Light","floor":2.0,"gold_loss":0.0,"damage_taken":23.0,"cards_upgraded":["Strike_B","Dualcast"]},{"damage_healed":0.0,"max_hp_gain":0.0,"max_hp_loss":0.0,"gold_gain":0.0,"event_name":"Wheel of Change","player_choice":"Damaged","floor":5.0,"gold_loss":0.0,"damage_taken":13.0},{"damage_healed":0,"gold_gain":0,"player_choice":"Ignored","damage_taken":0,"max_hp_gain":0,"max_hp_loss":0,"event_name":"Vampires","floor":19,"gold_loss":0},{"damage_healed":0,"gold_gain":0,"player_choice":"Trade","damage_taken":0,"relics_obtained":["FaceOfCleric"],"max_hp_gain":0,"max_hp_loss":0,"event_name":"FaceTrader","floor":22,"gold_loss":0}],"is_beta":false,"boss_relics":[{"not_picked":["Sozu","Empty Cage"],"picked":"Inserter"}],"items_purged_floors":[],"is_endless":false,"potions_floor_spawned":[10,11,14,20],"killed_by":"Slavers","ascension_level":16}