{"gold_per_floor":[117,131,131,131,142,142,162,162,242,317,348,362,387,401,401,501,501,520,520,539,552,572,572,582,602,602,602,620,638,650,660,660,761,761,781,781,794,814,814,844,856,871,871,885,139,139,45,45,45,45],"floor_reached":51,"playtime":4524,"items_purged":[],"score":1039,"play_id":"dcabdd2c-c128-4aaf-b305-184d24cac2a3","local_time":"20190504075530","is_ascension_mode":true,"campfire_choices":[{"floor":6.0,"key":"REST"},{"data":"Zap","floor":8.0,"key":"SMITH"},{"data":"White Noise","floor":15.0,"key":"SMITH"},{"data":"White Noise","floor":23.0,"key":"SMITH"},{"data":"Conserve Battery","floor":27.0,"key":"SMITH"},{"data":"Electrodynamics","floor":32.0,"key":"SMITH"},{"floor":49,"key":"REST"}],"neow_cost":"PERCENT_DAMAGE","seed_source_timestamp":0,"circlet_count":0,"master_deck":["Strike_B+1","Strike_B+1","Strike_B+1","Defend_B+1","Defend_B+1","Defend_B+1","Defend_B+1","Zap+1","Dualcast+1","Cold Snap","White Noise+1","Electrodynamics+1","White Noise+1","Chill","Capacitor+1","Ball Lightning+1","Core Surge+1","Coolheaded","Conserve Battery+1","Cold Snap+1","Coolheaded","Core Surge+1","Loop+1","Coolheaded+1","Conserve Battery+1","Seek","Conserve Battery","Zap","Sunder+1","Go for the Eyes+1","Cold Snap+1","Ball Lightning+1","Reinforced Body","Hologram+1","Biased Cognition+1","Good Instincts","Apotheosis","Go for the Eyes+1","White Noise","Finesse"],"special_seed":0,"relics":["Cracked Core","Bird Faced Urn","Molten Egg 2","Bronze Scales","Frozen Egg 2","Cursed Key","Lizard Tail","Omamori","The Courier","Runic Capacitor","Centennial Puzzle","Bag of Marbles","Ice Cream"],"potions_floor_usage":[40,50,50],"damage_taken":[{"damage":7.0,"enemies":"Jaw Worm","floor":1.0,"turns":4.0},{"damage":2.0,"enemies":"2 Louse","floor":2.0,"turns":4.0},{"damage":3.0,"enemies":"Small Slimes","floor":5.0,"turns":3.0},{"damage":11.0,"enemies":"3 Louse","floor":7.0,"turns":43.0},{"damage":14.0,"enemies":"Lagavulin","floor":11.0,"turns":6.0},{"damage":15.0,"enemies":"Exordium Thugs","floor":12.0,"turns":4.0},{"damage":16.0,"enemies":"Gremlin Nob","floor":13.0,"turns":4.0},{"damage":3.0,"enemies":"2 Fungi Beasts","floor":14.0,"turns":3.0},{"damage":0.0,"enemies":"Slime Boss","floor":16.0,"turns":7.0},{"damage":17.0,"enemies":"Spheric Guardian","floor":18.0,"turns":4.0},{"damage":23.0,"enemies":"3 Byrds","floor":20.0,"turns":4.0},{"damage":15.0,"enemies":"Snake Plant","floor":21.0,"turns":3.0},{"damage":0.0,"enemies":"Sentry and Sphere","floor":22.0,"turns":5.0},{"damage":7.0,"enemies":"Snecko","floor":24.0,"turns":5.0},{"damage":9.0,"enemies":"Centurion and Healer","floor":25.0,"turns":5.0},{"damage":0.0,"enemies":"3 Cultists","floor":28.0,"turns":3.0},{"damage":23.0,"enemies":"Shelled Parasite and Fungi","floor":29.0,"turns":4.0},{"damage":0.0,"enemies":"Snecko","floor":30.0,"turns":4.0},{"damage":0.0,"enemies":"3 Cultists","floor":31.0,"turns":5.0},{"damage":39.0,"enemies":"Automaton","floor":33.0,"turns":11.0},{"damage":10,"enemies":"Orb Walker","floor":35,"turns":4},{"damage":6,"enemies":"3 Shapes","floor":37,"turns":4},{"damage":25,"enemies":"Spire Growth","floor":38,"turns":5},{"damage":16,"enemies":"Giant Head","floor":40,"turns":8},{"damage":1,"enemies":"Maw","floor":41,"turns":8},{"damage":38,"enemies":"Writhing Mass","floor":42,"turns":6},{"damage":34,"enemies":"3 Darklings","floor":44,"turns":6},{"damage":46,"enemies":"Awakened One","floor":50,"turns":16}],"seed_played":"2091937325060533905","potions_obtained":[{"floor":2.0,"key":"FocusPotion"},{"floor":11.0,"key":"Dexterity Potion"},{"floor":12.0,"key":"FairyPotion"},{"floor":22.0,"key":"Fruit Juice"},{"floor":24.0,"key":"EssenceOfSteel"},{"floor":30.0,"key":"PowerPotion"},{"floor":41,"key":"FearPotion"}],"is_trial":false,"path_per_floor":["M","M","?","?","M","R","M","R","T","?","E","M","E","M","R","B",null,"M","?","M","M","M","R","M","M","T","R","M","M","M","M","R","B",null,"M","?","M","M","?","E","M","M","T","M","$","T","$","?","R","B",null],"character_chosen":"DEFECT","items_purchased":["Runic Capacitor","Biased Cognition+1","Good Instincts","Apotheosis","Centennial Puzzle","Bag of Marbles","Go for the Eyes+1","White Noise"],"campfire_rested":2,"item_purchase_floors":[45,45,45,45,45,45,47,47],"current_hp_per_floor":[43,41,34,19,18,40,75,75,75,64,64,51,39,44,44,52,69,58,58,43,34,47,47,46,45,45,45,51,38,46,56,56,27,67,65,65,69,52,80,64,73,45,45,21,21,21,21,21,45,11],"gold":45,"neow_bonus":"ONE_RARE_RELIC","is_prod":false,"is_daily":false,"chose_seed":false,"campfire_upgraded":5,"win_rate":0,"timestamp":1556981730,"path_taken":["M","M","?","?","M","R","M","R","T","?","E","M","E","M","R","BOSS","M","?","M","M","M","R","M","M","T","R","M","M","M","M","R","BOSS","M","?","?","M","?","E","M","M","T","M","$","?","$","?","R","BOSS"],"build_version":"2019-01-23","purchased_purges":0,"victory":true,"max_hp_per_floor":[75,75,75,75,75,75,75,75,75,75,75,75,75,75,75,75,75,75,75,75,75,80,80,80,80,80,80,80,80,80,80,80,80,80,80,80,80,80,80,80,80,80,80,80,80,80,80,80,80,80],"card_choices":[{"not_picked":["Ball Lightning","Rebound"],"picked":"Cold Snap","floor":1.0},{"not_picked":["Cold Snap","Gash"],"picked":"White Noise","floor":2.0},{"not_picked":["Storm","Streamline","Lockon"],"picked":"SKIP","floor":5.0},{"not_picked":["Barrage","Gash"],"picked":"Electrodynamics","floor":7.0},{"not_picked":["Streamline+1","Consume"],"picked":"White Noise","floor":11.0},{"not_picked":["Blizzard+1","Stack"],"picked":"Chill","floor":12.0},{"not_picked":["Gash+1","Skim"],"picked":"Capacitor","floor":13.0},{"not_picked":["Compile Driver+1","Leap"],"picked":"Ball Lightning+1","floor":14.0},{"not_picked":["All For One+1","Biased Cognition+1"],"picked":"Core Surge+1","floor":16.0},{"not_picked":["Melter+1","Scrape+1"],"picked":"Coolheaded","floor":18.0},{"not_picked":["Streamline+1","Rebound+1"],"picked":"Conserve Battery","floor":20.0},{"not_picked":["Barrage+1","Sweeping Beam+1","Gash+1"],"picked":"SKIP","floor":21.0},{"not_picked":["Darkness","Conserve Battery"],"picked":"Cold Snap+1","floor":22.0},{"not_picked":["Fusion+1","Gash+1"],"picked":"Coolheaded","floor":24.0},{"not_picked":["Storm+1","Gash+1"],"picked":"Core Surge+1","floor":25.0},{"not_picked":["Steam","Sweeping Beam+1"],"picked":"Loop+1","floor":28.0},{"not_picked":["Recycle","Doom and Gloom+1"],"picked":"Coolheaded+1","floor":29.0},{"not_picked":["Auto Shields","Aggregate+1"],"picked":"Conserve Battery+1","floor":30.0},{"not_picked":["Gash+1","Turbo","Force Field"],"picked":"SKIP","floor":31.0},{"not_picked":["Meteor Strike+1","Reboot"],"picked":"Seek","floor":33.0},{"not_picked":["Ball Lightning+1","Blizzard+1"],"picked":"Conserve Battery","floor":35},{"not_picked":["Leap+1","Fusion"],"picked":"Sunder+1","floor":37},{"not_picked":["Sweeping Beam+1","Reinforced Body"],"picked":"Go for the Eyes+1","floor":38},{"not_picked":["Aggregate","Hologram+1"],"picked":"Cold Snap+1","floor":40},{"not_picked":["Redo","Heatsinks+1"],"picked":"Ball Lightning+1","floor":41},{"not_picked":["Double Energy","Barrage+1"],"picked":"Reinforced Body","floor":42},{"not_picked":["Leap","Turbo+1"],"picked":"Hologram+1","floor":44},{"not_picked":["The Bomb","Discovery"],"picked":"Finesse","floor":48}],"player_experience":311308,"relics_obtained":[{"floor":9.0,"key":"Molten Egg 2"},{"floor":11.0,"key":"Bronze Scales"},{"floor":13.0,"key":"Frozen Egg 2"},{"floor":40,"key":"Omamori"},{"floor":43,"key":"The Courier"},{"floor":46,"key":"Ice Cream"}],"event_choices":[{"cards_removed":["Strike_B"],"damage_healed":0.0,"max_hp_gain":0.0,"max_hp_loss":0.0,"gold_gain":0.0,"event_name":"Golden Wing","player_choice":"Card Removal","floor":3.0,"gold_loss":0.0,"damage_taken":7.0},{"damage_healed":0.0,"max_hp_gain":0.0,"max_hp_loss":0.0,"gold_gain":0.0,"event_name":"Shining Light","player_choice":"Entered Light","floor":4.0,"gold_loss":0.0,"damage_taken":15.0,"cards_upgraded":["Defend_B","Dualcast"]},{"damage_healed":0.0,"max_hp_gain":0.0,"max_hp_loss":0.0,"gold_gain":75.0,"event_name":"World of Goop","player_choice":"Gather Gold","floor":10.0,"gold_loss":0.0,"damage_taken":11.0},{"damage_healed":0.0,"max_hp_gain":0.0,"max_hp_loss":0.0,"gold_gain":0.0,"event_name":"Back to Basics","player_choice":"Simplicity","floor":19.0,"gold_loss":0.0,"damage_taken":0.0,"cards_upgraded":["Strike_B","Strike_B","Strike_B","Defend_B","Defend_B","Defend_B"]},{"damage_healed":0,"gold_gain":0,"player_choice":"2 cards matched","damage_taken":0,"max_hp_gain":0,"max_hp_loss":0,"event_name":"Match and Keep!","floor":36,"gold_loss":0,"cards_obtained":["Forethought","Zap"]},{"cards_removed":["Forethought"],"damage_healed":28,"gold_gain":0,"player_choice":"Offered Uncommon","damage_taken":0,"max_hp_gain":0,"max_hp_loss":0,"event_name":"Bonfire Elementals","floor":39,"gold_loss":0},{"damage_healed":0,"gold_gain":0,"player_choice":"Memory 1","damage_taken":0,"max_hp_gain":0,"max_hp_loss":0,"event_name":"SensoryStone","floor":48,"gold_loss":0}],"is_beta":false,"boss_relics":[{"not_picked":["Snecko Eye","Velvet Choker"],"picked":"Cursed Key"},{"not_picked":["Orrery","Pandora\u0027s Box"],"picked":"Lizard Tail"}],"items_purged_floors":[],"is_endless":false,"potions_floor_spawned":[2,11,12,22,24,30,31,35,38,41,42],"ascension_level":9}