{"gold_per_floor":[118,118,118,134,146,146,166,166,191,191,191,202,237,267,267,365,365,380,380,380,320,245,245,12,68,115,128,128,128,161,161,161,265,265,282,0,0,0],"floor_reached":38,"playtime":2087,"items_purged":["Strike_B"],"score":483,"play_id":"ec6a323a-8148-445b-91fe-d693d3eb955d","local_time":"20190323142838","is_ascension_mode":true,"campfire_choices":[{"data":"Zap","floor":6,"key":"SMITH"},{"data":"Defragment","floor":8,"key":"SMITH"},{"data":"Glacier","floor":11,"key":"SMITH"},{"data":"Dualcast","floor":15,"key":"SMITH"},{"data":"White Noise","floor":23,"key":"SMITH"},{"data":"Consume","floor":29,"key":"SMITH"},{"data":"Seek","floor":32,"key":"SMITH"}],"neow_cost":"NONE","seed_source_timestamp":60940920379277,"circlet_count":0,"master_deck":["Strike_B","Defend_B","Defend_B","Defend_B","Zap+1","Dualcast+1","Go for the Eyes","Defragment+1","Glacier+1","Reinforced Body","Seek+1","Genetic Algorithm","Lockon","Redo+1","White Noise+1","Consume+1","Chaos","Chaos+1","Reinforced Body"],"relics":["Cracked Core","NeowsBlessing","WarpedTongs","DataDisk","Art of War","Gremlin Horn","Velvet Choker","Tiny Chest","Lantern","Bag of Preparation","Shuriken","Fusion Hammer","Chemical X"],"potions_floor_usage":[13,18,20,20,30,33],"damage_taken":[{"damage":0,"enemies":"Small Slimes","floor":1,"turns":1},{"damage":0,"enemies":"Cultist","floor":4,"turns":1},{"damage":1,"enemies":"2 Louse","floor":5,"turns":1},{"damage":3,"enemies":"Looter","floor":7,"turns":3},{"damage":0,"enemies":"Large Slime","floor":12,"turns":6},{"damage":10,"enemies":"Gremlin Nob","floor":13,"turns":4},{"damage":32,"enemies":"Slime Boss","floor":16,"turns":14},{"damage":0,"enemies":"Shell Parasite","floor":18,"turns":8},{"damage":4,"enemies":"Colosseum Slavers","floor":20,"turns":4},{"damage":0,"enemies":"2 Thieves","floor":21,"turns":4},{"damage":0,"enemies":"Snake Plant","floor":27,"turns":4},{"damage":9,"enemies":"Gremlin Leader","floor":30,"turns":9},{"damage":32,"enemies":"Automaton","floor":33,"turns":10},{"damage":9,"enemies":"3 Shapes","floor":35,"turns":4},{"damage":19,"enemies":"3 Darklings","floor":38,"turns":10}],"seed_played":"-1345599014427414024","potions_obtained":[{"floor":4,"key":"LiquidBronze"},{"floor":7,"key":"FocusPotion"},{"floor":16,"key":"Regen Potion"},{"floor":18,"key":"Fruit Juice"},{"floor":27,"key":"SpeedPotion"}],"is_trial":false,"path_per_floor":["M","?","?","M","M","R","M","R","T","?","R","M","E","?","R","B",null,"M","?","?","M","$","R","$","T","T","M","?","R","E","T","R","B",null,"M","$","?","M"],"character_chosen":"DEFECT","items_purchased":["White Noise","Consume","Chaos","Swift Potion","Chemical X","Reinforced Body"],"campfire_rested":0,"item_purchase_floors":[22,24,24,24,36,36],"current_hp_per_floor":[75,68,68,68,67,67,64,64,64,64,64,64,54,54,54,22,62,67,67,75,75,75,75,75,75,75,75,75,75,66,66,66,34,69,60,60,60,41],"gold":0,"neow_bonus":"THREE_ENEMY_KILL","is_prod":false,"is_daily":false,"chose_seed":false,"campfire_upgraded":7,"win_rate":0,"timestamp":1553376518,"path_taken":["M","?","?","M","?","R","M","R","T","?","R","M","E","?","R","BOSS","M","?","?","M","?","R","$","?","T","M","?","R","E","?","R","BOSS","M","$","?","M"],"build_version":"2019-01-23","purchased_purges":1,"victory":false,"max_hp_per_floor":[75,75,75,75,75,75,75,75,75,75,75,75,75,75,75,75,75,80,80,80,80,80,80,80,80,80,80,80,80,80,80,80,80,80,80,80,80,80],"card_choices":[{"not_picked":["Streamline","Sweeping Beam"],"picked":"Go for the Eyes","floor":1},{"not_picked":["Beam Cell","Chaos"],"picked":"Defragment","floor":4},{"not_picked":["Rebound","Redo"],"picked":"Glacier","floor":5},{"not_picked":["Streamline","Steam","Hologram"],"picked":"SKIP","floor":7},{"not_picked":["Sunder","Stack","Hologram"],"picked":"SKIP","floor":12},{"not_picked":["Amplify","Barrage"],"picked":"Reinforced Body","floor":13},{"not_picked":["All For One","Meteor Strike"],"picked":"Seek","floor":16},{"not_picked":["Rebound","Compile Driver","Hologram"],"picked":"SKIP","floor":18},{"not_picked":["Rebound","Beam Cell+1"],"picked":"Redo+1","floor":21},{"not_picked":["Heatsinks","Reprogram","Aggregate"],"picked":"SKIP","floor":27},{"not_picked":["Conserve Battery+1","Genetic Algorithm"],"picked":"Chaos+1","floor":30},{"not_picked":["Consume+1","Compile Driver+1","Stack"],"picked":"SKIP","floor":35}],"player_experience":221906,"relics_obtained":[{"floor":9,"key":"DataDisk"},{"floor":13,"key":"Art of War"},{"floor":25,"key":"Tiny Chest"},{"floor":26,"key":"Lantern"},{"floor":30,"key":"Bag of Preparation"},{"floor":31,"key":"Shuriken"}],"event_choices":[{"cards_removed":["Strike_B"],"damage_healed":0,"gold_gain":0,"player_choice":"Card Removal","damage_taken":7,"max_hp_gain":0,"max_hp_loss":0,"event_name":"Golden Wing","floor":2,"gold_loss":0},{"damage_healed":0,"gold_gain":0,"player_choice":"Rummage","damage_taken":0,"relics_obtained":["WarpedTongs"],"max_hp_gain":0,"max_hp_loss":0,"event_name":"Accursed Blacksmith","floor":3,"gold_loss":0,"cards_obtained":["Pain"]},{"cards_removed":["Pain"],"damage_healed":0,"gold_gain":0,"player_choice":"Forget","damage_taken":0,"max_hp_gain":0,"max_hp_loss":0,"event_name":"Living Wall","floor":10,"gold_loss":0},{"damage_healed":0,"gold_gain":30,"player_choice":"Searched \u00273\u0027 times","damage_taken":0,"relics_obtained":["Gremlin Horn"],"max_hp_gain":0,"max_hp_loss":0,"event_name":"Dead Adventurer","floor":14,"gold_loss":0},{"damage_healed":0,"gold_gain":0,"cards_transformed":["Strike_B","Defend_B"],"player_choice":"Became Test Subject","damage_taken":0,"max_hp_gain":0,"max_hp_loss":0,"event_name":"Drug Dealer","floor":19,"gold_loss":0,"cards_obtained":["Genetic Algorithm","Lockon"]},{"damage_healed":0,"gold_gain":0,"player_choice":"Fight","damage_taken":0,"max_hp_gain":0,"max_hp_loss":0,"event_name":"Colosseum","floor":20,"gold_loss":0},{"damage_healed":0,"gold_gain":0,"player_choice":"Fled From Nobs","damage_taken":0,"max_hp_gain":0,"max_hp_loss":0,"event_name":"Colosseum","floor":20,"gold_loss":0},{"damage_healed":0,"gold_gain":0,"player_choice":"Ignored","damage_taken":0,"max_hp_gain":0,"max_hp_loss":0,"event_name":"Vampires","floor":28,"gold_loss":0},{"damage_healed":0,"gold_gain":0,"player_choice":"Ignored","damage_taken":0,"max_hp_gain":0,"max_hp_loss":0,"event_name":"Mysterious Sphere","floor":37,"gold_loss":0}],"is_beta":false,"boss_relics":[{"not_picked":["Cursed Key","Ectoplasm"],"picked":"Velvet Choker"},{"not_picked":["Lizard Tail","Eternal Feather"],"picked":"Fusion Hammer"}],"items_purged_floors":[24],"is_endless":false,"potions_floor_spawned":[4,7,16,18,20,27],"killed_by":"3 Darklings","ascension_level":5}