{"path_per_floor":["M","M","$","M","M","M","?","M","T","E","M","M","R","M","R","B",null,"M","M","M","?","?"],"character_chosen":"IRONCLAD","items_purchased":["Shockwave","Searing Blow"],"gold_per_floor":[114,134,27,46,64,75,40,59,59,91,106,120,120,136,136,238,238,250,261,276,276,276,276],"floor_reached":23,"campfire_rested":1,"playtime":3472,"item_purchase_floors":[3,3],"current_hp_per_floor":[80,80,80,80,69,67,80,80,80,67,64,65,80,80,80,27,80,74,59,17,17,43,0],"items_purged":[],"gold":276,"score":199,"play_id":"f419cfa4-67b2-4e11-846e-c4b32bc1106b","local_time":"20180602162031","is_prod":false,"is_daily":false,"chose_seed":false,"is_ascension_mode":false,"campfire_upgraded":1,"win_rate":0.0,"timestamp":1527949231,"campfire_choices":[{"floor":13,"key":"REST"},{"data":"Whirlwind","floor":15,"key":"SMITH"}],"path_taken":["M","M","?","?","M","M","?","?","T","E","M","?","R","M","R","BOSS","M","M","M","?","?","E"],"build_version":"2018-05-31","seed_source_timestamp":101631571178,"purchased_purges":0,"victory":false,"master_deck":["Strike_R","Strike_R","Strike_R","Strike_R","Strike_R","Defend_R","Defend_R","Defend_R","Bash","Feel No Pain","Clash","Combust","Shockwave","Searing Blow","Whirlwind+1","Rage","Cleave","Pommel Strike","Headbutt","Shrug It Off","Clash","Brutality","Bludgeon","Thunderclap","Perfected Strike","Twin Strike+1"],"max_hp_per_floor":[80,80,80,80,80,80,80,80,80,80,80,80,80,80,80,80,80,80,80,80,80,80,80],"relics":["Burning Blood","Letter Opener","Pen Nib","Black Star","Dream Catcher"],"card_choices":[{"not_picked":["Flex","Anger"],"picked":"Clash","floor":1},{"not_picked":["Rupture","Pommel Strike"],"picked":"Combust","floor":2},{"not_picked":["True Grit","Pommel Strike"],"picked":"Whirlwind","floor":4},{"not_picked":["Flex","Bloodletting"],"picked":"Rage","floor":5},{"not_picked":["Entrench","Sword Boomerang"],"picked":"Cleave","floor":6},{"not_picked":["Clothesline","Hemokinesis"],"picked":"Pommel Strike","floor":8},{"not_picked":["Bloodletting","Uppercut"],"picked":"Headbutt","floor":10},{"not_picked":["Anger","Sever Soul"],"picked":"Shrug It Off","floor":11},{"not_picked":["Warcry","Hemokinesis"],"picked":"Clash","floor":12},{"not_picked":["Ghostly Armor","Feel No Pain"],"picked":"Brutality","floor":14},{"not_picked":["Barricade","Impervious"],"picked":"Bludgeon","floor":16},{"not_picked":["Pommel Strike","Warcry"],"picked":"Thunderclap","floor":18},{"not_picked":["Pommel Strike","Clash"],"picked":"Perfected Strike","floor":19},{"not_picked":["Ghostly Armor+1","Dual Wield"],"picked":"Twin Strike+1","floor":20}],"player_experience":1449,"potions_floor_usage":[11,11,23,23],"damage_taken":[{"damage":1,"enemies":"Cultist","floor":1,"turns":3},{"damage":3,"enemies":"Small Slimes","floor":2,"turns":3},{"damage":1,"enemies":"2 Louse","floor":4,"turns":2},{"damage":17,"enemies":"Exordium Thugs","floor":5,"turns":4},{"damage":8,"enemies":"Gremlin Gang","floor":6,"turns":3},{"damage":3,"enemies":"Exordium Wildlife","floor":8,"turns":2},{"damage":19,"enemies":"3 Sentries","floor":10,"turns":3},{"damage":9,"enemies":"Large Slime","floor":11,"turns":3},{"damage":5,"enemies":"Gremlin Gang","floor":12,"turns":3},{"damage":3,"enemies":"2 Fungi Beasts","floor":14,"turns":2},{"damage":59,"enemies":"Hexaghost","floor":16,"turns":9},{"damage":12,"enemies":"3 Byrds","floor":18,"turns":3},{"damage":21,"enemies":"Spheric Guardian","floor":19,"turns":4},{"damage":48,"enemies":"Slaver and Parasite","floor":20,"turns":7},{"damage":60,"enemies":"Slavers","floor":23,"turns":5}],"relics_obtained":[{"floor":9,"key":"Letter Opener"},{"floor":10,"key":"Pen Nib"}],"event_choices":[{"event_name":"The Cleric","player_choice":"Healed","floor":7,"damage_taken":0},{"event_name":"The Mausoleum","player_choice":"Yes","floor":21,"damage_taken":0},{"event_name":"The Library","player_choice":"Heal","floor":22,"damage_taken":0}],"boss_relics":[{"not_picked":["Eternal Feather","Runic Cube"],"picked":"Black Star"}],"items_purged_floors":[],"potions_floor_spawned":[1,5,8,10,14],"seed_played":"-7597539526126146029","killed_by":"Slavers","ascension_level":0,"potions_obtained":[{"floor":1,"key":"BloodPotion"},{"floor":5,"key":"Dexterity Potion"},{"floor":8,"key":"AttackPotion"},{"floor":10,"key":"Ancient Potion"},{"floor":14,"key":"FearPotion"}],"is_trial":false}