{"gold_per_floor":[17,17,17,35,55,55,86,86,86,111,111,121,148,175,187,295,307,303,415,446,458,484,529,541,587,599,624,636,573,585,597,609,726,738,760,772,784],"floor_reached":38,"playtime":2003,"items_purged":[],"score":1173,"play_id":"71087ad5-f5f2-49fd-b7a6-b789a15da39e","local_time":"20190510201224","is_ascension_mode":true,"campfire_choices":[{"data":"Zap","floor":6.0,"key":"SMITH"},{"floor":8.0,"key":"REST"},{"data":"Dualcast","floor":11.0,"key":"SMITH"},{"data":"Echo Form","floor":15.0,"key":"SMITH"},{"data":"Sunder","floor":24.0,"key":"SMITH"},{"floor":30.0,"key":"REST"},{"data":"Consume","floor":32.0,"key":"SMITH"}],"neow_cost":"NO_GOLD","seed_source_timestamp":0,"circlet_count":0,"master_deck":["AscendersBane","Strike_B","Strike_B","Defend_B","Defend_B","Defend_B","Defend_B","Zap+1","Dualcast+1","Echo Form+1","Chill","Ball Lightning","Cold Snap","BootSequence","Consume+1","Creative AI","Glacier","Go for the Eyes","Sunder+1","Conserve Battery","Seek","Electrodynamics"],"special_seed":0,"relics":["Cracked Core","FossilizedHelix","Boot","Unceasing Top","Juzu Bracelet","MawBank","Inserter","Ancient Tea Set","Red Mask","Calipers","Busted Crown"],"potions_floor_usage":[37,37],"damage_taken":[{"damage":4.0,"enemies":"2 Louse","floor":1.0,"turns":3.0},{"damage":0.0,"enemies":"Jaw Worm","floor":4.0,"turns":3.0},{"damage":0.0,"enemies":"Cultist","floor":5.0,"turns":3.0},{"damage":14.0,"enemies":"Gremlin Nob","floor":7.0,"turns":4.0},{"damage":0.0,"enemies":"Lagavulin","floor":10.0,"turns":6.0},{"damage":0.0,"enemies":"2 Fungi Beasts","floor":12.0,"turns":2.0},{"damage":8.0,"enemies":"3 Sentries","floor":13.0,"turns":7.0},{"damage":0.0,"enemies":"Large Slime","floor":14.0,"turns":4.0},{"damage":22.0,"enemies":"Hexaghost","floor":16.0,"turns":10.0},{"damage":7.0,"enemies":"2 Thieves","floor":18.0,"turns":4.0},{"damage":6.0,"enemies":"Chosen","floor":20.0,"turns":6.0},{"damage":0.0,"enemies":"Centurion and Healer","floor":22.0,"turns":9.0},{"damage":0.0,"enemies":"Gremlin Leader","floor":23.0,"turns":9.0},{"damage":25.0,"enemies":"Masked Bandits","floor":25.0,"turns":7.0},{"damage":0.0,"enemies":"Shelled Parasite and Fungi","floor":27.0,"turns":9.0},{"damage":0.0,"enemies":"Automaton","floor":33.0,"turns":10.0},{"damage":0.0,"enemies":"3 Shapes","floor":35.0,"turns":4.0},{"damage":44,"enemies":"Donu and Deca","floor":37,"turns":10}],"seed_played":"-5746498323403601292","potions_obtained":[{"floor":4.0,"key":"SteroidPotion"},{"floor":10.0,"key":"Strength Potion"},{"floor":14.0,"key":"SteroidPotion"},{"floor":20.0,"key":"Poison Potion"},{"floor":22.0,"key":"Energy Potion"},{"floor":27.0,"key":"Regen Potion"},{"floor":33.0,"key":"SkillPotion"},{"floor":35.0,"key":"FocusPotion"}],"is_trial":false,"path_per_floor":["M","?","?","M","M","R","E","R","T","E","R","M","E","M","R","B",null,"M","?","M","?","M","E","R","?","T","M","?","?","R","?","R","B",null,"M","?","B",null],"character_chosen":"DEFECT","items_purchased":[],"campfire_rested":2,"item_purchase_floors":[],"current_hp_per_floor":[64,69,62,62,62,62,48,72,72,72,72,72,64,64,64,42,71,64,64,58,58,58,58,58,33,33,33,33,33,57,57,57,72,78,78,78,34],"gold":796,"neow_bonus":"THREE_RARE_CARDS","is_prod":false,"is_daily":false,"chose_seed":false,"campfire_upgraded":5,"win_rate":0,"timestamp":1557544344,"path_taken":["M","?","?","M","M","R","E","R","T","E","R","M","E","M","R","BOSS","M","?","M","?","M","E","R","?","T","M","?","?","R","?","R","BOSS","M","?","BOSS"],"build_version":"2019-01-23","purchased_purges":0,"victory":true,"max_hp_per_floor":[75,80,80,80,80,80,80,80,80,80,80,80,80,80,80,80,80,80,80,80,80,80,80,80,80,80,80,80,80,80,80,80,80,80,80,80,80],"card_choices":[{"not_picked":["Buffer","Rainbow"],"picked":"Echo Form","floor":0.0},{"not_picked":["Barrage","Rebound"],"picked":"Chill","floor":1.0},{"not_picked":["Stack","Force Field"],"picked":"Ball Lightning","floor":4.0},{"not_picked":["Chill","Gash"],"picked":"Cold Snap","floor":5.0},{"not_picked":["Sweeping Beam","Static Discharge","Ball Lightning"],"picked":"SKIP","floor":7.0},{"not_picked":["Meteor Strike","Hologram","Compile Driver"],"picked":"SKIP","floor":10.0},{"not_picked":["Hologram","Turbo","Sweeping Beam"],"picked":"SKIP","floor":12.0},{"not_picked":["Rainbow","Sweeping Beam"],"picked":"BootSequence","floor":13.0},{"not_picked":["Redo","Hologram"],"picked":"Consume","floor":14.0},{"not_picked":["Rainbow","Echo Form"],"picked":"Creative AI","floor":16.0},{"not_picked":["Chaos","Rebound"],"picked":"Glacier","floor":18.0},{"not_picked":["Turbo","Ball Lightning"],"picked":"Go for the Eyes","floor":20.0},{"not_picked":["Redo","Scrape"],"picked":"Conserve Battery","floor":23.0},{"not_picked":["Undo+1","Leap"],"picked":"Seek","floor":25.0},{"not_picked":["Steam","Barrage","Beam Cell"],"picked":"SKIP","floor":27.0},{"not_picked":["Meteor Strike","All For One"],"picked":"Electrodynamics","floor":33.0},{"not_picked":["Turbo"],"picked":"SKIP","floor":35.0}],"player_experience":353644,"relics_obtained":[{"floor":7.0,"key":"Boot"},{"floor":9.0,"key":"Unceasing Top"},{"floor":10.0,"key":"Juzu Bracelet"},{"floor":13.0,"key":"MawBank"},{"floor":23.0,"key":"Ancient Tea Set"},{"floor":25.0,"key":"Red Mask"},{"floor":26.0,"key":"Calipers"}],"event_choices":[{"damage_healed":0.0,"max_hp_gain":5.0,"max_hp_loss":0.0,"gold_gain":0.0,"event_name":"Big Fish","player_choice":"Donut","floor":2.0,"gold_loss":0.0,"damage_taken":0.0},{"damage_healed":0.0,"max_hp_gain":0.0,"max_hp_loss":0.0,"gold_gain":0.0,"event_name":"Scrap Ooze","player_choice":"Success","floor":3.0,"gold_loss":0.0,"damage_taken":7.0,"relics_obtained":["FossilizedHelix"]},{"damage_healed":0.0,"max_hp_gain":0.0,"max_hp_loss":0.0,"gold_gain":100.0,"event_name":"Golden Shrine","player_choice":"Pray","floor":19.0,"gold_loss":0.0,"damage_taken":0.0},{"damage_healed":0.0,"max_hp_gain":0.0,"max_hp_loss":0.0,"gold_gain":0.0,"event_name":"The Library","player_choice":"Read","floor":21.0,"gold_loss":0.0,"damage_taken":0.0,"cards_obtained":["Sunder"]},{"damage_healed":0.0,"max_hp_gain":0.0,"max_hp_loss":0.0,"gold_gain":0.0,"event_name":"Masked Bandits","player_choice":"Fought Bandits","floor":25.0,"gold_loss":0.0,"damage_taken":0.0},{"cards_removed":["Strike_B"],"damage_healed":0.0,"max_hp_gain":0.0,"max_hp_loss":0.0,"gold_gain":0.0,"event_name":"Purifier","player_choice":"Purged","floor":28.0,"gold_loss":0.0,"damage_taken":0.0},{"cards_removed":["Strike_B"],"damage_healed":0.0,"max_hp_gain":0.0,"max_hp_loss":0.0,"gold_gain":0.0,"event_name":"Beggar","player_choice":"Gave Gold","floor":29.0,"gold_loss":75.0,"damage_taken":0.0},{"damage_healed":0.0,"max_hp_gain":0.0,"max_hp_loss":0.0,"gold_gain":0.0,"event_name":"Ghosts","player_choice":"Ignored","floor":31.0,"gold_loss":0.0,"damage_taken":0.0},{"damage_healed":0.0,"max_hp_gain":0.0,"max_hp_loss":0.0,"gold_gain":0.0,"event_name":"SecretPortal","player_choice":"Took Portal","floor":36.0,"gold_loss":0.0,"damage_taken":0.0}],"is_beta":false,"boss_relics":[{"not_picked":["Runic Pyramid","Black Star"],"picked":"Inserter"},{"not_picked":["Snecko Eye","Runic Dome"],"picked":"Busted Crown"}],"items_purged_floors":[],"is_endless":false,"potions_floor_spawned":[4,10,12,14,20,22,27,33,35],"ascension_level":11}