{"path_per_floor":["M","M","M","M","$","E","?","M","T","?","M","M","?","M","R"],"character_chosen":"IRONCLAD","items_purchased":[],"gold_per_floor":[117,127,141,159,84,115,95,107,134,99,115,127,127,139,139,139],"floor_reached":16,"campfire_rested":1,"playtime":1001,"current_hp_per_floor":[78,78,71,66,66,12,12,6,6,26,26,23,23,16,40,0],"items_purged":["Bash"],"gold":139,"score":106,"play_id":"10337f30-a3fc-49cb-90ff-74493cce761d","local_time":"20180322202315","is_prod":false,"is_daily":false,"is_ascension_mode":false,"campfire_upgraded":0,"timestamp":1521775395,"path_taken":["M","M","M","M","$","E","?","M","T","?","?","?","?","M","R","BOSS"],"build_version":"2018-03-22","purchased_purges":1,"victory":false,"master_deck":["Strike_R","Strike_R","Strike_R+1","Strike_R","Strike_R","Defend_R","Defend_R","Defend_R","Defend_R","Thunderclap","Rampage","Rampage+1","Offering","Warcry","Clash"],"max_hp_per_floor":[80,80,80,80,80,80,80,80,80,80,80,80,80,80,80,80],"relics":["Mark of Pain","Unceasing Top","Whetstone"],"card_choices":[{"not_picked":["Combust","Spot Weakness"],"picked":"Thunderclap","floor":1},{"not_picked":["Shockwave","Clothesline"],"picked":"Heavy Blade","floor":2},{"not_picked":["Bludgeon","Sword Boomerang"],"picked":"Rampage","floor":3},{"not_picked":["Body Slam","Uppercut"],"picked":"Rampage","floor":4},{"not_picked":["Reckless Charge","Metallicize"],"picked":"Offering","floor":6},{"not_picked":["Anger","Carnage"],"picked":"Warcry","floor":11},{"not_picked":["Armaments","Twin Strike"],"picked":"Clash","floor":12}],"player_experience":17088,"potions_floor_usage":[8,8,11,16],"damage_taken":[{"damage":2,"enemies":"Small Slimes","floor":1,"turns":4},{"damage":0,"enemies":"Cultist","floor":2,"turns":4},{"damage":7,"enemies":"2 Louse","floor":3,"turns":2},{"damage":5,"enemies":"Looter","floor":4,"turns":2},{"damage":54,"enemies":"Lagavulin","floor":6,"turns":8},{"damage":12,"enemies":"Blue Slaver","floor":8,"turns":3},{"damage":0,"enemies":"Lots of Slimes","floor":11,"turns":3},{"damage":3,"enemies":"Exordium Wildlife","floor":12,"turns":3},{"damage":7,"enemies":"Red Slaver","floor":14,"turns":2},{"damage":43,"enemies":"The Guardian","floor":16,"turns":5}],"event_choices":[{"event_name":"The Woman in Blue","player_choice":"Bought 1 Potion","floor":7,"damage_taken":0},{"event_name":"The Cleric","player_choice":"Healed","floor":10,"damage_taken":0},{"event_name":"Living Wall","player_choice":"Forget","floor":13,"damage_taken":0}],"boss_relics":[],"potions_floor_spawned":[1,6,12],"seed_played":"-5062564511677910433","killed_by":"The Guardian","ascension_level":0,"is_trial":false}