{"gold_per_floor":[110,120,120,120,131,160,160],"floor_reached":7,"playtime":389,"items_purged":[],"score":87,"play_id":"71e3f41d-aaf1-4a08-b4fc-4e9c9f4961f6","local_time":"20190525174545","is_ascension_mode":true,"campfire_choices":[],"neow_cost":"NONE","seed_source_timestamp":265991262405464,"circlet_count":0,"master_deck":["AscendersBane","Defend_G+1","Defend_G","Defend_G+1","Defend_G","Defend_G","Strike_G+1","Strike_G","Strike_G+1","Strike_G","Strike_G","Survivor","Neutralize+1","Poisoned Stab","Eviscerate","Tactician","Concentrate"],"relics":["Ring of the Snake","Ancient Tea Set","Whetstone"],"potions_floor_usage":[6,6],"damage_taken":[{"damage":0,"enemies":"2 Louse","floor":1,"turns":4},{"damage":4,"enemies":"Small Slimes","floor":2,"turns":4},{"damage":0,"enemies":"Jaw Worm","floor":5,"turns":4},{"damage":18,"enemies":"Gremlin Nob","floor":6,"turns":4},{"damage":30,"enemies":"Large Slime","floor":7,"turns":4}],"seed_played":"5053267144153297631","potions_obtained":[{"floor":2,"key":"LiquidBronze"},{"floor":5,"key":"Fire Potion"}],"is_trial":false,"path_per_floor":["M","M","?","?","M","E","M"],"character_chosen":"THE_SILENT","items_purchased":[],"campfire_rested":0,"item_purchase_floors":[],"current_hp_per_floor":[59,55,55,42,42,24,0],"gold":160,"neow_bonus":"RANDOM_COMMON_RELIC","is_prod":false,"is_daily":false,"chose_seed":false,"campfire_upgraded":0,"win_rate":0,"timestamp":1558795545,"path_taken":["M","M","?","?","M","E","M"],"build_version":"2019-01-23","purchased_purges":0,"victory":false,"max_hp_per_floor":[66,66,66,66,66,66,66],"card_choices":[{"not_picked":["Dodge and Roll","Deadly Poison"],"picked":"Poisoned Stab","floor":1},{"not_picked":["Deflect","Dodge and Roll"],"picked":"Eviscerate","floor":2},{"not_picked":["Terror","Sucker Punch"],"picked":"Tactician","floor":5},{"not_picked":["Blade Dance","Poisoned Stab"],"picked":"Concentrate","floor":6}],"player_experience":505376,"relics_obtained":[{"floor":6,"key":"Whetstone"}],"event_choices":[{"damage_healed":0,"gold_gain":0,"player_choice":"Grow","damage_taken":0,"max_hp_gain":0,"max_hp_loss":0,"event_name":"Living Wall","floor":3,"gold_loss":0,"cards_upgraded":["Neutralize"]},{"damage_healed":0,"gold_gain":0,"player_choice":"Entered Light","damage_taken":13,"max_hp_gain":0,"max_hp_loss":0,"event_name":"Shining Light","floor":4,"gold_loss":0,"cards_upgraded":["Defend_G","Defend_G"]}],"is_beta":false,"boss_relics":[],"items_purged_floors":[],"is_endless":false,"potions_floor_spawned":[2,5],"killed_by":"Large Slime","ascension_level":14}