{"gold_per_floor":[112,68,143,193,209,235,247,259,271,283,295,307,351,363,375,387],"floor_reached":16,"playtime":491,"items_purged":[],"score":203,"play_id":"6a652b23-4a93-4af7-ae5c-e60e81320c68","local_time":"20190207195952","is_ascension_mode":true,"campfire_choices":[{"floor":7,"key":"REST"},{"data":"True Grit","floor":11,"key":"SMITH"},{"floor":15,"key":"REST"}],"neow_cost":"NONE","seed_source_timestamp":1445441501910327,"circlet_count":0,"master_deck":["AscendersBane","Strike_R","Strike_R","Strike_R","Strike_R","Strike_R","Defend_R","Defend_R","Defend_R","Defend_R","Bash","Battle Trance","Metallicize","True Grit+1","Disarm","Parasite","True Grit"],"relics":["Burning Blood","MawBank","Juzu Bracelet","Mercury Hourglass"],"potions_floor_usage":[6,6],"damage_taken":[{"damage":2,"enemies":"2 Louse","floor":1,"turns":3},{"damage":9,"enemies":"Small Slimes","floor":5,"turns":4},{"damage":44,"enemies":"Gremlin Nob","floor":6,"turns":5},{"damage":63,"enemies":"Lagavulin","floor":13,"turns":11},{"damage":55,"enemies":"Slime Boss","floor":16,"turns":7}],"seed_played":"-623229088801992401","potions_obtained":[{"floor":1,"key":"Block Potion"},{"floor":5,"key":"Block Potion"}],"is_trial":false,"path_per_floor":["M","$","?","?","M","E","R","$","T","?","R","?","E","?","R","B"],"character_chosen":"IRONCLAD","items_purchased":["Metallicize"],"campfire_rested":2,"item_purchase_floors":[2],"current_hp_per_floor":[79,79,68,68,65,27,51,51,51,71,71,76,19,19,45,0],"gold":387,"neow_bonus":"TEN_PERCENT_HP_BONUS","is_prod":false,"is_daily":false,"chose_seed":false,"campfire_upgraded":1,"win_rate":0,"timestamp":1549562392,"path_taken":["M","$","?","?","?","E","R","$","T","?","R","?","E","?","R","BOSS"],"build_version":"2019-02-06","purchased_purges":0,"victory":false,"max_hp_per_floor":[82,82,82,82,82,82,82,82,82,82,82,87,87,87,87,87],"card_choices":[{"not_picked":["Uppercut","Heavy Blade"],"picked":"Battle Trance","floor":1},{"not_picked":["Headbutt","Body Slam"],"picked":"True Grit","floor":5},{"not_picked":["Thunderclap","Warcry"],"picked":"Disarm","floor":6},{"not_picked":["Clash","Heavy Blade"],"picked":"True Grit","floor":13}],"player_experience":432557,"relics_obtained":[{"floor":6,"key":"MawBank"},{"floor":9,"key":"Juzu Bracelet"},{"floor":13,"key":"Mercury Hourglass"}],"event_choices":[{"damage_healed":0,"gold_gain":75,"player_choice":"Gather Gold","damage_taken":11,"max_hp_gain":0,"max_hp_loss":0,"event_name":"World of Goop","floor":3,"gold_loss":0},{"damage_healed":0,"gold_gain":50,"player_choice":"Pray","damage_taken":0,"max_hp_gain":0,"max_hp_loss":0,"event_name":"Golden Shrine","floor":4,"gold_loss":0},{"damage_healed":20,"gold_gain":0,"player_choice":"Healed and dodged fight","damage_taken":0,"max_hp_gain":0,"max_hp_loss":0,"event_name":"Mushrooms","floor":10,"gold_loss":0,"cards_obtained":["Parasite"]},{"damage_healed":0,"gold_gain":0,"player_choice":"Donut","damage_taken":0,"max_hp_gain":5,"max_hp_loss":0,"event_name":"Big Fish","floor":12,"gold_loss":0},{"damage_healed":0,"gold_gain":0,"player_choice":"Ignored","damage_taken":0,"max_hp_gain":0,"max_hp_loss":0,"event_name":"Liars Game","floor":14,"gold_loss":0}],"is_beta":true,"boss_relics":[],"items_purged_floors":[],"is_endless":false,"potions_floor_spawned":[1,5],"killed_by":"Slime Boss","ascension_level":19}