{"gold_per_floor":[17,17,17,36,36,36,65,65,65,90,108,108,121,146,158,267,279,309,321,0,10,21,21,41,60,132,145,0,0,0,20,20,20],"floor_reached":33,"playtime":2634,"items_purged":[],"score":426,"play_id":"3cfb03c0-f991-4568-94a2-7ccfefc43f38","local_time":"20190105235540","is_ascension_mode":true,"campfire_choices":[{"floor":6.0,"key":"RECALL"},{"floor":8.0,"key":"REST"},{"floor":15.0,"key":"REST"},{"floor":23.0,"key":"REST"},{"floor":32,"key":"REST"}],"neow_cost":"NO_GOLD","seed_source_timestamp":0,"circlet_count":0,"master_deck":["AscendersBane","Strike_R","Strike_R","Strike_R","Strike_R","Strike_R","Defend_R","Defend_R","Defend_R","Defend_R","Bash","Trip","Magnetism","Armaments","True Grit","Wild Strike","Flex","Metallicize","Rage","Sentinel","Demon Form","Heavy Blade+1","Rage","Shame"],"special_seed":0,"relics":["Burning Blood","Red Skull","Self Forming Clay","Singing Bowl","MawBank","Lizard Tail","Gremlin Horn","WingedGreaves"],"potions_floor_usage":[31],"damage_taken":[{"damage":6.0,"enemies":"2 Louse","floor":1.0,"turns":4.0},{"damage":2.0,"enemies":"Cultist","floor":4.0,"turns":5.0},{"damage":35.0,"enemies":"3 Sentries","floor":7.0,"turns":8.0},{"damage":45.0,"enemies":"Lagavulin","floor":10.0,"turns":11.0},{"damage":4.0,"enemies":"Small Slimes","floor":11.0,"turns":3.0},{"damage":11.0,"enemies":"Gremlin Gang","floor":13.0,"turns":6.0},{"damage":21.0,"enemies":"3 Sentries","floor":14.0,"turns":9.0},{"damage":32.0,"enemies":"Slime Boss","floor":16.0,"turns":11.0},{"damage":43.0,"enemies":"3 Byrds","floor":18.0,"turns":8.0},{"damage":6.0,"enemies":"Chosen","floor":21.0,"turns":6.0},{"damage":44.0,"enemies":"Shelled Parasite and Fungi","floor":22.0,"turns":6.0},{"damage":23.0,"enemies":"Snake Plant","floor":24.0,"turns":4.0},{"damage":18.0,"enemies":"3 Cultists","floor":25.0,"turns":6.0},{"damage":41.0,"enemies":"Centurion and Healer","floor":27.0,"turns":6.0},{"damage":49,"enemies":"Cultist and Chosen","floor":31,"turns":8},{"damage":47,"enemies":"Champ","floor":33,"turns":5}],"seed_played":"-5835179784670104611","potions_obtained":[{"floor":4.0,"key":"EntropicBrew"},{"floor":5.0,"key":"Fruit Juice"},{"floor":5.0,"key":"Ancient Potion"},{"floor":11.0,"key":"Weak Potion"},{"floor":14.0,"key":"FearPotion"},{"floor":22.0,"key":"AttackPotion"},{"floor":27.0,"key":"Dexterity Potion"}],"is_trial":false,"path_per_floor":["M","?","$","M","?","R","E","R","T","E","M","$","M","E","R","B",null,"M","?","$","M","M","R","M","M","T","M","?","?","?","M","R","B"],"character_chosen":"IRONCLAD","items_purchased":["Gremlin Horn","Regen Potion"],"campfire_rested":4,"item_purchase_floors":[20,20],"current_hp_per_floor":[72,72,72,76,76,76,52,77,77,38,40,40,35,20,45,19,69,32,32,32,49,13,39,22,12,12,28,28,28,59,18,46,0],"gold":20,"neow_bonus":"RANDOM_COLORLESS_2","is_prod":false,"is_daily":false,"chose_seed":false,"campfire_upgraded":0,"win_rate":0,"timestamp":1546725340,"path_taken":["M","?","$","M","?","R","E","R","T","E","?","$","M","E","R","BOSS","M","?","$","M","?","R","M","M","T","M","?","?","?","M","R","BOSS"],"build_version":"2019-01-03v4","purchased_purges":0,"victory":false,"max_hp_per_floor":[80,80,80,80,80,80,85,85,85,85,85,85,85,85,85,85,85,85,85,85,87,89,89,89,91,91,93,93,93,93,95,95,95],"card_choices":[{"not_picked":["Cleave","Thunderclap"],"picked":"Armaments","floor":1.0},{"not_picked":["Body Slam","Berserk"],"picked":"True Grit","floor":4.0},{"not_picked":["Body Slam","Clash"],"picked":"Wild Strike","floor":7.0},{"not_picked":["Sword Boomerang","Clash"],"picked":"Flex","floor":10.0},{"not_picked":["Headbutt","Flex"],"picked":"Metallicize","floor":11.0},{"not_picked":["Sever Soul","Anger"],"picked":"Rage","floor":13.0},{"not_picked":["Body Slam","Shrug It Off"],"picked":"Sentinel","floor":14.0},{"not_picked":["Brutality","Dark Embrace"],"picked":"Demon Form","floor":16.0},{"not_picked":["Pommel Strike","Wild Strike+1"],"picked":"Heavy Blade+1","floor":18.0},{"not_picked":["Infernal Blade","Burning Pact","Havoc"],"picked":"Singing Bowl","floor":21.0},{"not_picked":["Rampage","Headbutt","Shrug It Off"],"picked":"Singing Bowl","floor":22.0},{"not_picked":["Cleave","Perfected Strike"],"picked":"Rage","floor":24.0},{"not_picked":["Dropkick+1","Warcry+1","Iron Wave"],"picked":"Singing Bowl","floor":25.0},{"not_picked":["Armaments","Perfected Strike","Inflame"],"picked":"Singing Bowl","floor":27.0},{"not_picked":["Warcry","Dropkick+1","Thunderclap+1"],"picked":"Singing Bowl","floor":31}],"player_experience":357288,"relics_obtained":[{"floor":7.0,"key":"Red Skull"},{"floor":9.0,"key":"Self Forming Clay"},{"floor":10.0,"key":"Singing Bowl"},{"floor":14.0,"key":"MawBank"}],"event_choices":[{"damage_healed":0.0,"max_hp_gain":0.0,"max_hp_loss":0.0,"gold_gain":0.0,"event_name":"Liars Game","player_choice":"Ignored","floor":2.0,"gold_loss":0.0,"damage_taken":0.0},{"damage_healed":0.0,"max_hp_gain":0.0,"max_hp_loss":0.0,"gold_gain":0.0,"event_name":"Lab","player_choice":"Got Potions","floor":5.0,"gold_loss":0.0,"damage_taken":0.0},{"damage_healed":0.0,"max_hp_gain":0.0,"max_hp_loss":0.0,"gold_gain":0.0,"event_name":"N\u0027loth","player_choice":"Ignored","floor":19.0,"gold_loss":0.0,"damage_taken":0.0},{"damage_healed":0.0,"max_hp_gain":0.0,"max_hp_loss":0.0,"gold_gain":0.0,"event_name":"Masked Bandits","player_choice":"Paid Fearfully","floor":28.0,"gold_loss":145.0,"damage_taken":0.0},{"damage_healed":0.0,"max_hp_gain":0.0,"max_hp_loss":0.0,"gold_gain":0.0,"event_name":"Addict","player_choice":"Stole Relic","floor":29.0,"gold_loss":0.0,"damage_taken":0.0,"relics_obtained":["WingedGreaves"],"cards_obtained":["Shame"]},{"damage_healed":31.0,"max_hp_gain":0.0,"max_hp_loss":0.0,"gold_gain":0.0,"event_name":"The Library","player_choice":"Heal","floor":30.0,"gold_loss":0.0,"damage_taken":0.0}],"is_beta":true,"boss_relics":[{"not_picked":["Calling Bell","Ectoplasm"],"picked":"Lizard Tail"}],"items_purged_floors":[],"is_endless":false,"potions_floor_spawned":[4,11,14,22,27],"killed_by":"Champ","ascension_level":10}