{"path_per_floor":["M","M","M","M","M","E","R","E","T","M","M","T","?","$","R","B",null,"M","M","$","M","?","E","$","R","T","M","?","R","E","M","R"],"character_chosen":"THE_SILENT","items_purchased":["Frozen Egg 2","Catalyst"],"gold_per_floor":[110,125,140,159,177,233,233,266,292,306,320,320,320,26,26,126,126,139,156,81,95,95,124,24,24,73,89,89,89,117,131,131],"floor_reached":33,"campfire_rested":5,"playtime":1659,"current_hp_per_floor":[62,62,62,61,44,33,54,30,30,19,19,19,19,19,40,21,70,63,55,55,41,28,5,5,37,37,39,23,57,19,6,40],"items_purged":["Regret","Decay"],"gold":131,"score":359,"play_id":"8d5998a4-d136-4919-8e29-4663d3ae2ef2","is_prod":false,"is_daily":false,"is_ascension_mode":true,"campfire_upgraded":0,"path_taken":["M","M","M","M","M","E","R","E","T","?","M","?","?","?","R","BOSS","M","?","?","M","?","E","$","R","T","?","?","R","E","M","R","BOSS"],"build_version":"2018-02-08-BETA1","purchased_purges":2,"victory":false,"master_deck":["Defend_G","Defend_G","Defend_G","Defend_G","Defend_G","Strike_G","Strike_G","Strike_G+1","Strike_G","Strike_G","Survivor","Neutralize","Bouncing Flask","Poisoned Stab","Poisoned Stab+1","Acrobatics","All Out Attack","Prepared","Bane","Decay","Flying Knee","Backstab","Catalyst","Glass Knife","Catalyst+1","Deadly Poison+1","Underhanded Strike","Sucker Punch+1","Injury","Bane+1","Choke","Backflip"],"max_hp_per_floor":[70,70,70,70,70,70,70,70,70,70,70,70,70,70,70,70,70,70,70,70,70,75,75,75,75,75,75,75,75,75,75,75],"relics":["Cursed Key","Tiny Chest","Whetstone","Snake Skull","Ancient Tea Set","Ninja Scroll","Frozen Egg 2","Eternal Feather","Blood Vial","Prayer Wheel","Nilry\u0027s Codex","Orichalcum"],"card_choices":[{"not_picked":["Dodge and Roll","Poisoned Stab"],"picked":"Bouncing Flask"},{"not_picked":["Calculated Gamble","Dagger Throw"],"picked":"Poisoned Stab"},{"not_picked":["PiercingWail","Accuracy"],"picked":"Poisoned Stab"},{"not_picked":["Underhanded Strike","Endless Agony"],"picked":"Acrobatics"},{"not_picked":["Cloak And Dagger","Acrobatics"],"picked":"All Out Attack"},{"not_picked":["Crippling Poison","Underhanded Strike"],"picked":"Prepared"},{"not_picked":["Predator","Phantasmal Killer"],"picked":"Bane"},{"not_picked":["Finisher","Blade Dance"],"picked":"Flying Knee"},{"not_picked":["Masterful Stab","Dagger Spray"],"picked":"Backstab"},{"not_picked":["Tactician","After Image"],"picked":"Glass Knife"},{"not_picked":["Leg Sweep","Cloak And Dagger"],"picked":"Catalyst"},{"not_picked":["Quick Slash","Burst"],"picked":"Deadly Poison"},{"not_picked":["Acrobatics","Crippling Poison"],"picked":"Underhanded Strike"},{"not_picked":["Quick Slash","Skewer"],"picked":"Sucker Punch"},{"not_picked":["Deadly Poison","Skewer"],"picked":"Bane"},{"not_picked":["Dagger Spray","All Out Attack"],"picked":"Choke"},{"not_picked":["Slice","Flying Knee"],"picked":"Backflip"}],"player_experience":93667,"potions_floor_usage":[6,6,10,18,23,31,33],"damage_taken":[{"damage":8,"enemies":"Blue Slaver","floor":1,"turns":5},{"damage":0,"enemies":"Small Slimes","floor":2,"turns":3},{"damage":0,"enemies":"2 Louse","floor":3,"turns":2},{"damage":1,"enemies":"Looter","floor":4,"turns":3},{"damage":17,"enemies":"Gremlin Gang","floor":5,"turns":6},{"damage":11,"enemies":"Gremlin Nob","floor":6,"turns":4},{"damage":24,"enemies":"3 Sentries","floor":8,"turns":7},{"damage":11,"enemies":"Lots of Slimes","floor":10,"turns":3},{"damage":0,"enemies":"Looter","floor":11,"turns":2},{"damage":19,"enemies":"Hexaghost","floor":16,"turns":7},{"damage":7,"enemies":"Spheric Guardian","floor":18,"turns":3},{"damage":8,"enemies":"Chosen","floor":19,"turns":4},{"damage":14,"enemies":"Centurion and Healer","floor":21,"turns":4},{"damage":23,"enemies":"Slavers","floor":23,"turns":4},{"damage":0,"enemies":"Cultist and Chosen","floor":27,"turns":3},{"damage":40,"enemies":"Book of Stabbing","floor":30,"turns":5},{"damage":15,"enemies":"Sentry and Sphere","floor":31,"turns":4},{"damage":43,"enemies":"Collector","floor":33,"turns":3}],"event_choices":[{"event_name":"Big Fish","player_choice":"Box","floor":13,"damage_taken":0},{"event_name":"Forgotten Altar","player_choice":"Shed Blood","floor":22,"damage_taken":0},{"event_name":"Cursed Tome","player_choice":"Obtained Book","floor":28,"damage_taken":0}],"boss_relics":[{"not_picked":["Astrolabe","Lizard Tail"],"picked":"Eternal Feather"}],"potions_floor_spawned":[1,5,8,16,18,30],"seed_played":"8132127655166411490","killed_by":"Collector","ascension_level":4,"is_trial":false}