{"path_per_floor":["M","M","?","?","M","E","R","E","T","E","R","?","E","M","R","B",null,"M","$","M","M","?","E","R","E","T","E","M","E","$","?","R","B",null,"M","?","T","?","M","R","E","T","T","$","M","M","M","M","R"],"character_chosen":"IRONCLAD","items_purchased":["Membership Card","Paper Frog","Self Forming Clay","Weak Potion"],"gold_per_floor":[113,128,128,128,146,171,171,205,285,320,320,320,382,397,397,492,492,509,36,54,67,67,92,92,124,124,156,169,196,3,3,3,104,104,124,0,0,0,13,13,41,41,67,27,43,58,68,80,80],"floor_reached":50,"campfire_rested":4,"playtime":3466,"current_hp_per_floor":[80,79,63,63,60,37,61,31,31,26,50,90,68,71,71,48,90,68,68,72,65,49,45,72,77,77,16,17,12,12,12,32,30,67,67,67,67,67,67,67,65,65,65,65,67,61,67,63,63],"items_purged":["Injury"],"gold":80,"score":737,"play_id":"6e66274e-49ce-41e2-b4a7-3f31907d91d6","is_prod":false,"is_daily":false,"is_ascension_mode":true,"campfire_upgraded":3,"path_taken":["M","M","?","?","M","E","R","E","T","E","R","?","E","?","R","BOSS","M","$","M","M","?","E","R","E","T","E","?","E","$","?","R","BOSS","M","?","?","?","M","R","E","?","T","$","?","?","?","M","R","BOSS"],"build_version":"2018-02-08-BETA1","purchased_purges":1,"victory":false,"master_deck":["Defend_R+1","Defend_R","Defend_R+1","Defend_R+1","Bash","Power Through+1","Dropkick+1","Thunderclap","Cleave","Anger","Evolve+1","Barricade+1","Sever Soul+1","Impervious+1","Power Through","Sentinel+1","Body Slam+1","Armaments+1","Metallicize","Sword Boomerang+1","Uppercut+1","Bite","Bite","Bite","Bite+1","Bite","Immolate","Warcry+1","Necronomicurse","Dropkick+1","Thunderclap+1","Thunderclap+1","Flex+1","Warcry+1","Dual Wield+1"],"max_hp_per_floor":[80,80,80,80,80,80,80,80,80,80,80,90,90,90,90,90,90,90,90,90,90,90,90,90,97,97,97,97,97,97,67,67,67,67,67,67,67,67,67,67,67,67,67,67,67,67,67,67,67],"relics":["Burning Blood","Shuriken","Calipers","Matryoshka","Bag of Marbles","Pantograph","Bronze Scales","Tiny Chest","Astrolabe","Membership Card","Paper Frog","Necronomicon","Letter Opener","Strawberry","Happy Flower","Magic Flower","Oddly Smooth Stone","Prayer Wheel","Self Forming Clay","Sozu","Red Mask","Ginger","Whetstone","Darkstone Periapt","War Paint"],"card_choices":[{"not_picked":["Warcry","Sentinel"],"picked":"Power Through"},{"not_picked":["Disarm","Offering"],"picked":"Dropkick"},{"not_picked":["Iron Wave","Whirlwind"],"picked":"Thunderclap"},{"not_picked":["Disarm","Twin Strike"],"picked":"Limit Break"},{"not_picked":["Heavy Blade","Clothesline"],"picked":"Cleave"},{"not_picked":["Flame Barrier","Headbutt"],"picked":"Anger"},{"not_picked":["Twin Strike","Disarm"],"picked":"Clash"},{"not_picked":["Anger","Warcry"],"picked":"Evolve"},{"not_picked":["Juggernaut","Berserk"],"picked":"Barricade"},{"not_picked":["Headbutt","True Grit"],"picked":"Power Through"},{"not_picked":["Dual Wield","Headbutt"],"picked":"Sentinel"},{"not_picked":["Headbutt","Hemokinesis"],"picked":"Body Slam"},{"not_picked":["Bloodletting","Brutality"],"picked":"Armaments"},{"not_picked":["Exhume","Flame Barrier"],"picked":"Metallicize"},{"not_picked":["Pommel Strike","Corruption"],"picked":"Sword Boomerang"},{"not_picked":["Shockwave","Corruption"],"picked":"Uppercut"},{"not_picked":["Bludgeon","Fiend Fire"],"picked":"Immolate"},{"not_picked":["Headbutt","Clash"],"picked":"Warcry"},{"not_picked":["Sword Boomerang","Anger"],"picked":"Dropkick"},{"not_picked":["Anger","Rupture"],"picked":"Thunderclap"},{"not_picked":["Sword Boomerang","Uppercut"],"picked":"Thunderclap"},{"not_picked":["Rampage","Berserk"],"picked":"Flex"},{"not_picked":["Corruption","Shockwave"],"picked":"Warcry"},{"not_picked":["Heavy Blade","Pummel"],"picked":"Dual Wield"}],"player_experience":112499,"potions_floor_usage":[6,8,18,20,25,29,33],"damage_taken":[{"damage":5,"enemies":"Small Slimes","floor":1,"turns":3},{"damage":7,"enemies":"2 Louse","floor":2,"turns":4},{"damage":9,"enemies":"Jaw Worm","floor":5,"turns":3},{"damage":29,"enemies":"Gremlin Nob","floor":6,"turns":4},{"damage":36,"enemies":"Lagavulin","floor":8,"turns":7},{"damage":11,"enemies":"Gremlin Nob","floor":10,"turns":4},{"damage":28,"enemies":"Lagavulin","floor":13,"turns":5},{"damage":3,"enemies":"Large Slime","floor":14,"turns":4},{"damage":48,"enemies":"The Guardian","floor":16,"turns":8},{"damage":28,"enemies":"Spheric Guardian","floor":18,"turns":5},{"damage":2,"enemies":"Chosen","floor":20,"turns":4},{"damage":13,"enemies":"Snake Plant","floor":21,"turns":4},{"damage":10,"enemies":"Book of Stabbing","floor":23,"turns":4},{"damage":8,"enemies":"Slavers","floor":25,"turns":6},{"damage":70,"enemies":"Gremlin Leader","floor":27,"turns":7},{"damage":8,"enemies":"Centurion and Healer","floor":28,"turns":3},{"damage":14,"enemies":"Book of Stabbing","floor":29,"turns":4},{"damage":66,"enemies":"Collector","floor":33,"turns":11},{"damage":0,"enemies":"Orb Walker","floor":35,"turns":1},{"damage":3,"enemies":"3 Darklings","floor":39,"turns":4},{"damage":19,"enemies":"Nemesis","floor":41,"turns":9},{"damage":0,"enemies":"Spire Growth","floor":45,"turns":4},{"damage":15,"enemies":"Maw","floor":46,"turns":4},{"damage":0,"enemies":"Flame Bruiser 2 Orb","floor":47,"turns":2},{"damage":16,"enemies":"3 Darklings","floor":48,"turns":3},{"damage":77,"enemies":"Awakened One","floor":50,"turns":9}],"event_choices":[{"event_name":"Shining Light","player_choice":"Entered Light","floor":3,"damage_taken":0},{"event_name":"Big Fish","player_choice":"Box","floor":4,"damage_taken":0},{"event_name":"Bonfire Elementals","player_choice":"RARE","floor":12,"damage_taken":0},{"event_name":"Cursed Tome","player_choice":"Obtained Book","floor":22,"damage_taken":0},{"event_name":"Vampires","player_choice":"Became a vampire","floor":31,"damage_taken":0},{"event_name":"Tomb of Lord Red Mask","player_choice":"Paid","floor":36,"damage_taken":0},{"event_name":"Fountain of Cleansing","player_choice":"Removed Curse","floor":38,"damage_taken":0}],"boss_relics":[{"not_picked":["Snecko Eye","White Beast Statue"],"picked":"Astrolabe"},{"not_picked":["Black Star","Calling Bell"],"picked":"Sozu"}],"potions_floor_spawned":[2,6,13,16,18,21,27,28,46,47],"seed_played":"-56250809223178567","killed_by":"Awakened One","ascension_level":3,"is_trial":false}