{"gold_per_floor":[111,131,149,169,181,181,191,191,191,207,132,162,177,206,206,303,303,314,326,337,337],"floor_reached":21,"playtime":1204,"items_purged":["Strike_R"],"score":236,"play_id":"b9e18c95-c46d-45b4-b403-d260c3de9a09","local_time":"20190316140740","is_ascension_mode":true,"campfire_choices":[{"data":"Bash","floor":6,"key":"SMITH"},{"data":"Rampage","floor":8,"key":"SMITH"},{"data":"Body Slam","floor":15,"key":"SMITH"}],"neow_cost":"NONE","seed_source_timestamp":494522182921336,"circlet_count":0,"master_deck":["Strike_R","Strike_R","Strike_R","Strike_R","Defend_R","Defend_R","Defend_R","Defend_R","Bash+1","Shrug It Off","Metallicize","Ghostly Armor","Sword Boomerang","Rampage+1","Rampage","Body Slam+1","Spot Weakness","Second Wind","Double Tap","Sword Boomerang","Metallicize+1","Thunderclap+1"],"relics":["Burning Blood","NeowsBlessing","Singing Bowl","Shuriken","Bag of Marbles","Runic Cube"],"potions_floor_usage":[12,12,14,16,20],"damage_taken":[{"damage":0,"enemies":"2 Louse","floor":1,"turns":1},{"damage":0,"enemies":"Cultist","floor":2,"turns":1},{"damage":0,"enemies":"Jaw Worm","floor":3,"turns":1},{"damage":4,"enemies":"Red Slaver","floor":4,"turns":5},{"damage":11,"enemies":"Looter","floor":5,"turns":4},{"damage":16,"enemies":"Exordium Wildlife","floor":7,"turns":6},{"damage":8,"enemies":"Blue Slaver","floor":10,"turns":4},{"damage":12,"enemies":"Gremlin Nob","floor":12,"turns":5},{"damage":8,"enemies":"Exordium Thugs","floor":13,"turns":5},{"damage":21,"enemies":"3 Sentries","floor":14,"turns":10},{"damage":31,"enemies":"Hexaghost","floor":16,"turns":10},{"damage":29,"enemies":"2 Thieves","floor":18,"turns":4},{"damage":9,"enemies":"3 Byrds","floor":19,"turns":4},{"damage":25,"enemies":"Cultist and Chosen","floor":20,"turns":6},{"damage":51,"enemies":"Centurion and Healer","floor":21,"turns":10}],"seed_played":"-1072442336405844006","potions_obtained":[{"floor":1,"key":"BloodPotion"},{"floor":2,"key":"Weak Potion"},{"floor":3,"key":"Regen Potion"},{"floor":7,"key":"Ancient Potion"},{"floor":14,"key":"Dexterity Potion"},{"floor":16,"key":"Strength Potion"},{"floor":19,"key":"LiquidBronze"}],"is_trial":false,"path_per_floor":["M","M","M","M","M","R","M","R","T","M","$","E","M","E","R","B",null,"M","M","M","M"],"character_chosen":"IRONCLAD","items_purchased":[],"campfire_rested":0,"item_purchase_floors":[],"current_hp_per_floor":[80,80,80,80,75,75,65,65,65,63,63,57,55,57,57,32,82,59,56,37,0],"gold":337,"neow_bonus":"THREE_ENEMY_KILL","is_prod":false,"is_daily":false,"chose_seed":false,"campfire_upgraded":3,"win_rate":0,"timestamp":1552770460,"path_taken":["M","M","M","M","M","R","M","R","T","M","$","E","M","E","R","BOSS","M","M","M","M"],"build_version":"2019-01-23","purchased_purges":1,"victory":false,"max_hp_per_floor":[80,80,80,80,80,80,80,80,80,80,80,80,80,82,82,82,82,82,82,82,82],"card_choices":[{"not_picked":["Blood for Blood","Power Through"],"picked":"Shrug It Off","floor":1},{"not_picked":["Battle Trance","Thunderclap"],"picked":"Metallicize","floor":2},{"not_picked":["Dropkick","Heavy Blade"],"picked":"Ghostly Armor","floor":3},{"not_picked":["Corruption","Blood for Blood"],"picked":"Sword Boomerang","floor":4},{"not_picked":["Clothesline","Flex"],"picked":"Rampage","floor":5},{"not_picked":["Reckless Charge","Anger"],"picked":"Rampage","floor":7},{"not_picked":["Armaments","Havoc"],"picked":"Body Slam","floor":10},{"not_picked":["Fire Breathing","Warcry"],"picked":"Spot Weakness","floor":12},{"not_picked":["Heavy Blade","Searing Blow"],"picked":"Second Wind","floor":13},{"not_picked":["Cleave","Evolve","Heavy Blade"],"picked":"Singing Bowl","floor":14},{"not_picked":["Offering","Reaper"],"picked":"Double Tap","floor":16},{"not_picked":["Intimidate+1","Anger+1"],"picked":"Sword Boomerang","floor":18},{"not_picked":["Spot Weakness","Pommel Strike+1"],"picked":"Metallicize+1","floor":19},{"not_picked":["Power Through","Havoc"],"picked":"Thunderclap+1","floor":20}],"player_experience":183412,"relics_obtained":[{"floor":9,"key":"Singing Bowl"},{"floor":12,"key":"Shuriken"},{"floor":14,"key":"Bag of Marbles"}],"event_choices":[],"is_beta":false,"boss_relics":[{"not_picked":["Mark of Pain","Snecko Eye"],"picked":"Runic Cube"}],"items_purged_floors":[11],"is_endless":false,"potions_floor_spawned":[1,2,3,7,14,16,19],"killed_by":"Centurion and Healer","ascension_level":4}