{"gold_per_floor":[118,136,211,224,189,189,201,230,230,256,256,256,256,290,290,364,364,381,399,411,411,428,457,467,495,495,523,533,565,17,31,31,104,104,114,133,133,158,58,93,93,93],"floor_reached":42,"playtime":2567,"items_purged":["Writhe","Doubt"],"score":934,"play_id":"c63405f3-c40f-4d3a-af59-095656dfed77","local_time":"20190121051701","is_ascension_mode":true,"campfire_choices":[{"data":"Clothesline","floor":6,"key":"SMITH"},{"floor":11,"key":"REST"},{"floor":13,"key":"REST"},{"data":"Disarm","floor":15,"key":"SMITH"},{"floor":32,"key":"REST"},{"floor":41,"key":"REST"}],"neow_cost":"NONE","seed_source_timestamp":321114769446356,"circlet_count":0,"master_deck":["AscendersBane","Strike_R+1","Strike_R","Strike_R","Strike_R","Strike_R+1","Defend_R","Defend_R+1","Defend_R","Bash","Clothesline+1","Uppercut+1","Headbutt+1","Impervious","Disarm+1","Dark Embrace","Clothesline+1","Clash+1","Dropkick+1","Pommel Strike+1","Pommel Strike+1","Corruption+1","Iron Wave+1","Perfected Strike+1","Dropkick+1","Impervious+1","Pommel Strike+1","Dark Embrace","Decay","Writhe","Combust+1","Feel No Pain+1","Sentinel+1"],"relics":["Burning Blood","Molten Egg 2","Mercury Hourglass","Kunai","Bird Faced Urn","Velvet Choker","Vajra","Whetstone","Gremlin Horn","Pear","Juzu Bracelet","War Paint","Tiny Chest","Toolbox","Ancient Tea Set","Calling Bell","Lantern","Letter Opener","Thread and Needle","Happy Flower","Omamori"],"potions_floor_usage":[8,19,24,25,27,31,36,42],"damage_taken":[{"damage":10,"enemies":"2 Louse","floor":1,"turns":3},{"damage":2,"enemies":"Jaw Worm","floor":2,"turns":4},{"damage":1,"enemies":"Cultist","floor":4,"turns":3},{"damage":0,"enemies":"Exordium Wildlife","floor":7,"turns":3},{"damage":26,"enemies":"Gremlin Nob","floor":8,"turns":4},{"damage":31,"enemies":"Lagavulin","floor":10,"turns":6},{"damage":15,"enemies":"Gremlin Nob","floor":14,"turns":4},{"damage":27,"enemies":"Slime Boss","floor":16,"turns":13},{"damage":8,"enemies":"Chosen","floor":18,"turns":4},{"damage":6,"enemies":"2 Thieves","floor":19,"turns":3},{"damage":5,"enemies":"Snake Plant","floor":20,"turns":4},{"damage":20,"enemies":"Shelled Parasite and Fungi","floor":22,"turns":5},{"damage":36,"enemies":"Book of Stabbing","floor":23,"turns":6},{"damage":1,"enemies":"Snecko","floor":24,"turns":3},{"damage":0,"enemies":"Gremlin Leader","floor":25,"turns":6},{"damage":31,"enemies":"Slavers","floor":27,"turns":5},{"damage":7,"enemies":"Centurion and Healer","floor":28,"turns":3},{"damage":34,"enemies":"Book of Stabbing","floor":29,"turns":4},{"damage":7,"enemies":"Shelled Parasite and Fungi","floor":31,"turns":5},{"damage":18,"enemies":"Automaton","floor":33,"turns":9},{"damage":0,"enemies":"3 Darklings","floor":35,"turns":5},{"damage":19,"enemies":"3 Shapes","floor":36,"turns":4},{"damage":72,"enemies":"Nemesis","floor":40,"turns":9},{"damage":77,"enemies":"Giant Head","floor":42,"turns":7}],"seed_played":"-5791666817733316180","potions_obtained":[{"floor":4,"key":"Poison Potion"},{"floor":14,"key":"SpeedPotion"},{"floor":16,"key":"Block Potion"},{"floor":18,"key":"Fire Potion"},{"floor":23,"key":"SkillPotion"},{"floor":24,"key":"GamblersBrew"},{"floor":27,"key":"Ancient Potion"},{"floor":29,"key":"SpeedPotion"},{"floor":33,"key":"Block Potion"},{"floor":40,"key":"PowerPotion"}],"is_trial":false,"path_per_floor":["M","M","?","M","?","R","M","E","T","E","R","?","R","E","R","B",null,"M","M","M","?","M","E","M","E","T","E","M","E","$","M","R","B",null,"M","M","?","T","$","E","R","E"],"character_chosen":"IRONCLAD","items_purchased":["Tiny Chest","Toolbox","Ancient Tea Set"],"campfire_rested":4,"item_purchase_floors":[30,30,30],"current_hp_per_floor":[76,80,69,74,88,88,88,68,68,43,69,69,88,79,79,58,81,81,81,82,82,68,38,43,51,61,40,39,13,13,14,43,37,83,91,84,84,84,84,26,55,0],"gold":93,"neow_bonus":"TEN_PERCENT_HP_BONUS","is_prod":false,"is_daily":false,"chose_seed":false,"campfire_upgraded":2,"win_rate":0,"timestamp":1548040621,"path_taken":["M","M","?","M","?","R","M","E","T","E","R","?","R","E","R","BOSS","M","M","?","?","M","E","M","E","T","E","M","E","$","M","R","BOSS","M","M","?","?","$","E","R","E"],"build_version":"2019-01-19","purchased_purges":2,"victory":false,"max_hp_per_floor":[88,88,88,88,88,88,88,88,88,88,88,88,88,88,88,88,88,88,88,88,88,88,88,88,88,98,98,98,98,98,98,98,98,98,98,98,98,98,98,98,98,98],"card_choices":[{"not_picked":["Heavy Blade","Rupture"],"picked":"Perfected Strike","floor":1},{"not_picked":["Power Through","Sentinel","Combust"],"picked":"SKIP","floor":2},{"not_picked":["Flex","True Grit"],"picked":"Clothesline","floor":4},{"not_picked":["Spot Weakness","Body Slam","Dual Wield"],"picked":"SKIP","floor":7},{"not_picked":["Sword Boomerang","Clothesline"],"picked":"Uppercut","floor":8},{"not_picked":["Demon Form","Sword Boomerang+1"],"picked":"Headbutt+1","floor":10},{"not_picked":["Dual Wield","Wild Strike+1"],"picked":"Disarm","floor":14},{"not_picked":["Berserk","Limit Break"],"picked":"Dark Embrace","floor":16},{"not_picked":["Inflame","Perfected Strike+1"],"picked":"Clothesline+1","floor":18},{"not_picked":["Power Through","Clothesline+1"],"picked":"Clash+1","floor":19},{"not_picked":["Second Wind+1","Heavy Blade+1"],"picked":"Dropkick+1","floor":20},{"not_picked":["Rampage+1","Wild Strike+1"],"picked":"Pommel Strike+1","floor":22},{"not_picked":["Clash+1","Anger+1"],"picked":"Pommel Strike+1","floor":23},{"not_picked":["Armaments","True Grit+1"],"picked":"Corruption+1","floor":24},{"not_picked":["Pommel Strike+1","Cleave+1"],"picked":"Iron Wave+1","floor":25},{"not_picked":["Sword Boomerang+1","Flex"],"picked":"Perfected Strike+1","floor":27},{"not_picked":["Flex","Clothesline+1"],"picked":"Dropkick+1","floor":28},{"not_picked":["Berserk","Battle Trance"],"picked":"Impervious","floor":29},{"not_picked":["Searing Blow+1","Clothesline+1"],"picked":"Pommel Strike+1","floor":31},{"not_picked":["Double Tap","Exhume"],"picked":"Dark Embrace","floor":33},{"not_picked":["Clash+1","Clothesline+1"],"picked":"Combust+1","floor":35},{"not_picked":["Seeing Red+1","Second Wind"],"picked":"Feel No Pain+1","floor":36},{"not_picked":["Clash+1","Body Slam+1"],"picked":"Sentinel+1","floor":40}],"player_experience":381682,"relics_obtained":[{"floor":8,"key":"Molten Egg 2"},{"floor":9,"key":"Mercury Hourglass"},{"floor":10,"key":"Kunai"},{"floor":14,"key":"Bird Faced Urn"},{"floor":23,"key":"Whetstone"},{"floor":25,"key":"Gremlin Horn"},{"floor":26,"key":"Pear"},{"floor":27,"key":"Juzu Bracelet"},{"floor":29,"key":"War Paint"},{"floor":34,"key":"Lantern"},{"floor":34,"key":"Letter Opener"},{"floor":34,"key":"Thread and Needle"},{"floor":38,"key":"Happy Flower"},{"floor":40,"key":"Omamori"}],"event_choices":[{"damage_healed":0,"gold_gain":75,"player_choice":"Gather Gold","damage_taken":11,"max_hp_gain":0,"max_hp_loss":0,"event_name":"World of Goop","floor":3,"gold_loss":0},{"damage_healed":22,"gold_gain":0,"player_choice":"Healed","damage_taken":0,"max_hp_gain":0,"max_hp_loss":0,"event_name":"The Cleric","floor":5,"gold_loss":35},{"damage_healed":0,"gold_gain":0,"cards_transformed":["Perfected Strike"],"player_choice":"Transformed","damage_taken":0,"max_hp_gain":0,"max_hp_loss":0,"event_name":"Transmorgrifier","floor":12,"gold_loss":0,"cards_obtained":["Impervious"]},{"damage_healed":0,"gold_gain":0,"player_choice":"Opened","damage_taken":0,"relics_obtained":["Vajra"],"max_hp_gain":0,"max_hp_loss":0,"event_name":"The Mausoleum","floor":21,"gold_loss":0,"cards_obtained":["Writhe"]},{"cards_removed":["Defend_R"],"damage_healed":0,"gold_gain":0,"player_choice":"Removed Skill","damage_taken":0,"max_hp_gain":0,"max_hp_loss":0,"event_name":"Falling","floor":37,"gold_loss":0}],"is_beta":true,"boss_relics":[{"not_picked":["Astrolabe","Black Blood"],"picked":"Velvet Choker"},{"not_picked":["Cursed Key","Philosopher\u0027s Stone"],"picked":"Calling Bell"}],"items_purged_floors":[30,39],"is_endless":false,"potions_floor_spawned":[4,14,16,18,23,24,27,29,33,35,40],"killed_by":"Giant Head","ascension_level":13}