{"gold_per_floor":[112,126,126,126,77,120,134,169,169,169,169,169,189,189,189,319,319,338,338,338,351,364,364,377,377,401,401,401,401,444,467,467,586,586,610,633,633,652,173,173,173,193,193,218,257,257,291,291,291,291,291,291,43,43,43],"floor_reached":56,"playtime":3813,"items_purged":[],"score":1793,"play_id":"d6266c00-6bf1-47ed-8493-4db103666eae","local_time":"20190106020025","is_ascension_mode":true,"campfire_choices":[{"floor":10.0,"key":"REST"},{"floor":12.0,"key":"REST"},{"floor":15.0,"key":"RECALL"},{"floor":23.0,"key":"REST"},{"floor":25.0,"key":"REST"},{"data":"Limit Break","floor":29.0,"key":"SMITH"},{"floor":32.0,"key":"REST"},{"floor":41,"key":"REST"},{"data":"Heavy Blade","floor":49,"key":"SMITH"},{"floor":52,"key":"REST"}],"neow_cost":"NONE","seed_source_timestamp":0,"circlet_count":0,"master_deck":["AscendersBane","Bash","Iron Wave","Twin Strike","Iron Wave","Feed","Pummel","Headbutt","Headbutt","Demon Form+1","Twin Strike","Dark Embrace+1","Intimidate","Perfected Strike","Battle Trance","Exhume","Limit Break+1","Blood for Blood","Shockwave","Pommel Strike","Pommel Strike","Twin Strike","Cleave","Perfected Strike","Demon Form+1","Twin Strike+1","Anger+1","Perfected Strike+1","Metallicize+1","Flash of Steel","Pommel Strike+1","Heavy Blade+1","Seeing Red+1","Pommel Strike+1","Doubt"],"special_seed":0,"relics":["Burning Blood","Golden Idol","Incense Burner","Sundial","Frozen Egg 2","Pandora\u0027s Box","Bronze Scales","Question Card","Busted Crown","Orichalcum","Lantern","Charon\u0027s Ashes","Unceasing Top","Pear","Pen Nib"],"potions_floor_usage":[45,47,50,54,55,55],"damage_taken":[{"damage":14.0,"enemies":"Jaw Worm","floor":1.0,"turns":5.0},{"damage":6.0,"enemies":"Small Slimes","floor":2.0,"turns":4.0},{"damage":22.0,"enemies":"Gremlin Nob","floor":6.0,"turns":4.0},{"damage":0.0,"enemies":"Cultist","floor":7.0,"turns":2.0},{"damage":40.0,"enemies":"3 Sentries","floor":8.0,"turns":10.0},{"damage":0.0,"enemies":"Lagavulin","floor":11.0,"turns":2.0},{"damage":6.0,"enemies":"Looter","floor":13.0,"turns":2.0},{"damage":0.0,"enemies":"Exordium Wildlife","floor":14.0,"turns":1.0},{"damage":67.0,"enemies":"The Guardian","floor":16.0,"turns":14.0},{"damage":24.0,"enemies":"3 Byrds","floor":18.0,"turns":5.0},{"damage":31.0,"enemies":"Shell Parasite","floor":21.0,"turns":4.0},{"damage":13.0,"enemies":"Centurion and Healer","floor":22.0,"turns":5.0},{"damage":17.0,"enemies":"3 Cultists","floor":24.0,"turns":5.0},{"damage":54.0,"enemies":"Book of Stabbing","floor":30.0,"turns":4.0},{"damage":26.0,"enemies":"Snake Plant","floor":31.0,"turns":4.0},{"damage":60.0,"enemies":"Automaton","floor":33.0,"turns":8.0},{"damage":17.0,"enemies":"Orb Walker","floor":35.0,"turns":3.0},{"damage":31.0,"enemies":"3 Darklings","floor":36.0,"turns":4.0},{"damage":33,"enemies":"Sphere and 2 Shapes","floor":38,"turns":3},{"damage":4,"enemies":"4 Shapes","floor":42,"turns":8},{"damage":18,"enemies":"3 Darklings","floor":44,"turns":3},{"damage":4,"enemies":"Reptomancer","floor":45,"turns":5},{"damage":31,"enemies":"Giant Head","floor":47,"turns":6},{"damage":82,"enemies":"Time Eater","floor":50,"turns":7},{"damage":48,"enemies":"Shield and Spear","floor":54,"turns":6},{"damage":81,"enemies":"The Heart","floor":55,"turns":6}],"seed_played":"4358495751565516536","potions_obtained":[{"floor":2.0,"key":"Weak Potion"},{"floor":4.0,"key":"SmokeBomb"},{"floor":4.0,"key":"SteroidPotion"},{"floor":4.0,"key":"SmokeBomb"},{"floor":7.0,"key":"FearPotion"},{"floor":13.0,"key":"Explosive Potion"},{"floor":16.0,"key":"Poison Potion"},{"floor":22.0,"key":"Regen Potion"},{"floor":30.0,"key":"Explosive Potion"},{"floor":31.0,"key":"EssenceOfSteel"},{"floor":38,"key":"Poison Potion"},{"floor":44,"key":"SmokeBomb"},{"floor":45,"key":"LiquidBronze"}],"is_trial":false,"path_per_floor":["M","M","?","?","$","E","M","E","T","R","E","R","M","M","R","B",null,"M","?","?","M","M","R","M","R","T","?","?","R","E","M","R","B",null,"M","M","?","M","$","?","R","M","T","M","E","?","E","?","R","B",null,"R","$","E","B",null],"character_chosen":"IRONCLAD","items_purchased":["Iron Wave","Orichalcum","Lantern","Metallicize+1","Block Potion","Strength Potion","Pen Nib","SkillPotion","SkillPotion"],"campfire_rested":7,"item_purchase_floors":[5,39,39,39,39,39,53,53,53],"current_hp_per_floor":[67,70,49,49,49,33,42,11,11,38,44,71,74,80,80,19,76,61,61,61,39,32,62,71,103,103,103,103,103,58,41,74,20,90,79,54,54,30,30,30,64,69,69,57,59,59,44,129,129,53,110,129,129,90,15],"gold":43,"neow_bonus":"ONE_RANDOM_RARE_CARD","is_prod":false,"is_daily":false,"chose_seed":false,"campfire_upgraded":2,"win_rate":0,"timestamp":1546732825,"path_taken":["M","M","?","?","$","E","M","E","T","R","E","R","M","?","R","BOSS","M","?","?","M","?","R","M","R","T","?","?","R","E","M","R","BOSS","M","M","?","M","$","?","R","M","T","M","E","?","E","?","R","BOSS","R","$","E","BOSS"],"build_version":"2019-01-03v4","purchased_purges":0,"victory":true,"max_hp_per_floor":[83,86,86,86,86,86,89,92,92,92,92,92,95,95,95,95,95,98,98,98,101,101,101,107,107,107,107,107,107,110,113,113,113,113,113,113,113,116,116,116,116,119,119,119,119,119,129,129,129,129,129,129,129,132,132],"card_choices":[{"not_picked":["Ghostly Armor","Wild Strike"],"picked":"Iron Wave","floor":1.0},{"not_picked":["Pommel Strike","Anger"],"picked":"Twin Strike","floor":2.0},{"not_picked":["Clothesline","Twin Strike"],"picked":"Feed","floor":6.0},{"not_picked":["Cleave","Rampage"],"picked":"Pummel","floor":7.0},{"not_picked":["Entrench","Spot Weakness"],"picked":"Headbutt","floor":8.0},{"not_picked":["Power Through","Disarm"],"picked":"Headbutt","floor":13.0},{"not_picked":["Bludgeon","Offering"],"picked":"Demon Form+1","floor":16.0},{"not_picked":["Bloodletting+1","Warcry"],"picked":"Shockwave","floor":18.0},{"not_picked":["Infernal Blade","Sword Boomerang"],"picked":"Pommel Strike","floor":21.0},{"not_picked":["Clothesline","Headbutt"],"picked":"Pommel Strike","floor":22.0},{"not_picked":["Fire Breathing+1","Blood for Blood"],"picked":"Twin Strike","floor":24.0},{"not_picked":["Barricade+1","Power Through"],"picked":"Cleave","floor":30.0},{"not_picked":["Headbutt","Entrench","Body Slam"],"picked":"Perfected Strike","floor":31.0},{"not_picked":["Impervious","Immolate","Dark Embrace+1"],"picked":"Demon Form+1","floor":33.0},{"not_picked":["Clash"],"picked":"Twin Strike+1","floor":35.0},{"not_picked":["Sentinel+1"],"picked":"Anger+1","floor":36.0},{"not_picked":["Wild Strike"],"picked":"Perfected Strike+1","floor":38},{"not_picked":["Impatience"],"picked":"Flash of Steel","floor":40},{"not_picked":["Combust+1"],"picked":"Pommel Strike+1","floor":42},{"not_picked":["Berserk+1"],"picked":"Heavy Blade","floor":44},{"not_picked":["Flex+1"],"picked":"Seeing Red+1","floor":45},{"not_picked":["Clothesline"],"picked":"Pommel Strike+1","floor":47}],"player_experience":359922,"relics_obtained":[{"floor":6.0,"key":"Incense Burner"},{"floor":8.0,"key":"Sundial"},{"floor":9.0,"key":"Frozen Egg 2"},{"floor":30.0,"key":"Question Card"},{"floor":43,"key":"Charon\u0027s Ashes"},{"floor":45,"key":"Unceasing Top"},{"floor":47,"key":"Pear"}],"event_choices":[{"damage_healed":0.0,"max_hp_gain":0.0,"max_hp_loss":0.0,"gold_gain":0.0,"event_name":"Golden Idol","player_choice":"Take Damage","floor":3.0,"gold_loss":0.0,"damage_taken":21.0,"relics_obtained":["Golden Idol"]},{"damage_healed":0.0,"max_hp_gain":0.0,"max_hp_loss":0.0,"gold_gain":0.0,"event_name":"Lab","player_choice":"Got Potions","floor":4.0,"gold_loss":0.0,"damage_taken":0.0},{"cards_removed":["Body Slam"],"damage_healed":0.0,"max_hp_gain":0.0,"max_hp_loss":0.0,"gold_gain":0.0,"event_name":"Back to Basics","player_choice":"Elegance","floor":19.0,"gold_loss":0.0,"damage_taken":0.0},{"damage_healed":0.0,"max_hp_gain":0.0,"max_hp_loss":0.0,"gold_gain":0.0,"event_name":"WeMeetAgain","player_choice":"Gave Potion","floor":20.0,"gold_loss":0.0,"damage_taken":0.0,"relics_obtained":["Bronze Scales"]},{"damage_healed":0.0,"max_hp_gain":0.0,"max_hp_loss":0.0,"gold_gain":0.0,"event_name":"Ghosts","player_choice":"Ignored","floor":27.0,"gold_loss":0.0,"damage_taken":0.0},{"damage_healed":0.0,"max_hp_gain":0.0,"max_hp_loss":0.0,"gold_gain":0.0,"event_name":"Beggar","player_choice":"Ignored","floor":28.0,"gold_loss":0.0,"damage_taken":0.0},{"damage_healed":0,"gold_gain":0,"player_choice":"Ignored","damage_taken":0,"max_hp_gain":0,"max_hp_loss":0,"event_name":"Mysterious Sphere","floor":37,"gold_loss":0},{"damage_healed":0,"gold_gain":0,"player_choice":"Memory 1","damage_taken":0,"max_hp_gain":0,"max_hp_loss":0,"event_name":"SensoryStone","floor":40,"gold_loss":0},{"cards_removed":["Feed"],"damage_healed":0,"gold_gain":0,"player_choice":"Removed Attack","damage_taken":0,"max_hp_gain":0,"max_hp_loss":0,"event_name":"Falling","floor":46,"gold_loss":0},{"damage_healed":85,"gold_gain":0,"player_choice":"Heal","damage_taken":0,"max_hp_gain":0,"max_hp_loss":0,"event_name":"MindBloom","floor":48,"gold_loss":0,"cards_obtained":["Doubt"]}],"is_beta":true,"boss_relics":[{"not_picked":["Ectoplasm","Philosopher\u0027s Stone"],"picked":"Pandora\u0027s Box"},{"not_picked":["Mark of Pain","Sozu"],"picked":"Busted Crown"}],"items_purged_floors":[],"is_endless":false,"potions_floor_spawned":[2,7,13,14,16,22,30,31,38,44,45],"ascension_level":10}