{"path_per_floor":["M","$","M","?","?","R","E","R","T","R","M","M","M","E","R","B",null,"M","?","?","M","$","E"],"character_chosen":"IRONCLAD","items_purchased":["Rupture"],"gold_per_floor":[114,40,51,51,51,51,83,83,83,83,100,85,96,125,125,223,223,236,236,161,173,98,127],"floor_reached":24,"campfire_rested":0,"playtime":2282,"current_hp_per_floor":[80,80,80,80,80,80,73,73,73,73,77,80,75,64,64,40,80,66,76,76,60,60,15],"items_purged":["Juggernaut"],"gold":127,"play_id":"aa6f4b6d-51e9-4633-b69c-ffd8b0d70349","is_prod":false,"is_daily":false,"is_ascension_mode":false,"campfire_upgraded":4,"path_taken":["M","$","M","?","?","R","E","R","T","R","?","M","M","E","R","BOSS","M","?","?","M","$","E","M"],"build_version":"2018-02-02-BETA1","purchased_purges":1,"victory":false,"master_deck":["Strike_R","Strike_R","Strike_R","Strike_R","Strike_R","Defend_R","Defend_R+1","Defend_R","Defend_R+1","Bash","Shrug It Off","Rupture+1","Metallicize+1","Flame Barrier+1","Disarm","Searing Blow","Twin Strike","Demon Form+1","Flex+1","Combust","Clash"],"max_hp_per_floor":[80,80,80,80,80,80,80,80,80,80,80,80,80,80,80,80,80,80,90,90,90,90,90],"relics":["Burning Blood","Anchor","Regal Pillow","Sundial","War Paint","Black Star","Pear","Vajra","Ancient Tea Set"],"card_choices":[{"not_picked":["Clothesline","True Grit"],"picked":"Shrug It Off"},{"not_picked":["Burning Pact","Flex"],"picked":"Metallicize"},{"not_picked":["Body Slam","Twin Strike"],"picked":"Flame Barrier"},{"not_picked":["Flex","Perfected Strike"],"picked":"Disarm"},{"not_picked":["Rage","Power Through"],"picked":"Searing Blow"},{"not_picked":["True Grit","Body Slam"],"picked":"Twin Strike"},{"not_picked":["Body Slam","Reaper"],"picked":"Demon Form"},{"not_picked":["Reaper","Fiend Fire"],"picked":"Juggernaut"},{"not_picked":["Power Through","Perfected Strike"],"picked":"Flex"},{"not_picked":["Dual Wield","Armaments"],"picked":"Combust"},{"not_picked":["Flex","Iron Wave"],"picked":"Clash"}],"player_experience":0,"potions_floor_usage":[16,16,23,24,24],"damage_taken":[{"damage":5,"enemies":"2 Louse","floor":1,"turns":4},{"damage":2,"enemies":"Small Slimes","floor":3,"turns":3},{"damage":13,"enemies":"3 Sentries","floor":7,"turns":14},{"damage":2,"enemies":"Jaw Worm","floor":11,"turns":4},{"damage":0,"enemies":"Exordium Thugs","floor":12,"turns":4},{"damage":11,"enemies":"Gremlin Gang","floor":13,"turns":6},{"damage":17,"enemies":"Gremlin Nob","floor":14,"turns":5},{"damage":30,"enemies":"The Guardian","floor":16,"turns":9},{"damage":20,"enemies":"Shell Parasite","floor":18,"turns":6},{"damage":22,"enemies":"3 Byrds","floor":21,"turns":7},{"damage":51,"enemies":"Slavers","floor":23,"turns":7},{"damage":15,"enemies":"Snake Plant","floor":24,"turns":3}],"event_choices":[{"event_name":"Big Fish","player_choice":"Box","floor":4,"damage_taken":0},{"event_name":"Living Wall","player_choice":"Forget","floor":5,"damage_taken":0},{"event_name":"The Mausoleum","player_choice":"Yes","floor":19,"damage_taken":0},{"event_name":"Beggar","player_choice":"Gave Gold","floor":20,"damage_taken":0}],"boss_relics":[{"not_picked":["Philosopher\u0027s Stone","Mark of Pain"],"picked":"Black Star"}],"potions_floor_spawned":[7,11,12,13,14,18,23],"seed_played":"5026014530734576463","killed_by":"Snake Plant","ascension_level":0,"is_trial":false}