{"gold_per_floor":[119,139,154,79,79,79,98,98,98,98,98,115,149,167,167,265,265,279,290,215,290,308,308,13,13,59,90,90,125,125,145,145,243,243,259,305,305,322,197,197,208,235,235,235,268,268,279,290,290,290],"floor_reached":51,"playtime":2296,"items_purged":["Strike_R","Defend_R","Strike_R"],"score":985,"play_id":"025c4b8c-1892-4df6-8704-fb8df42a8c37","local_time":"20190526210129","is_ascension_mode":true,"campfire_choices":[{"data":"Searing Blow","floor":6,"key":"SMITH"},{"data":"Searing Blow+1","floor":8,"key":"SMITH"},{"data":"Searing Blow+2","floor":11,"key":"SMITH"},{"data":"Searing Blow+3","floor":15,"key":"SMITH"},{"data":"Searing Blow+4","floor":23,"key":"SMITH"},{"data":"Searing Blow+5","floor":25,"key":"SMITH"},{"data":"Searing Blow+6","floor":28,"key":"SMITH"},{"data":"Searing Blow+7","floor":32,"key":"SMITH"},{"data":"True Grit","floor":40,"key":"SMITH"},{"data":"Searing Blow+8","floor":46,"key":"SMITH"},{"data":"Bash","floor":49,"key":"SMITH"}],"neow_cost":"NONE","seed_source_timestamp":286098000601700,"circlet_count":0,"master_deck":["Strike_R","Defend_R","Defend_R","Defend_R","Bash+1","Iron Wave","Searing Blow+9","Whirlwind","Seeing Red","Immolate","True Grit+1","Clothesline+1","Armaments+1"],"relics":["Burning Blood","Ancient Tea Set","Pantograph","Ornamental Fan","Snecko Eye","PreservedInsect","Regal Pillow","Orichalcum","Happy Flower","Sozu","Blood Vial","Centennial Puzzle","Kunai","Lantern"],"potions_floor_usage":[13],"damage_taken":[{"damage":1,"enemies":"Cultist","floor":1,"turns":3},{"damage":5,"enemies":"Small Slimes","floor":2,"turns":5},{"damage":1,"enemies":"Jaw Worm","floor":3,"turns":5},{"damage":7,"enemies":"Lots of Slimes","floor":7,"turns":6},{"damage":0,"enemies":"Red Slaver","floor":12,"turns":1},{"damage":13,"enemies":"Lagavulin","floor":13,"turns":4},{"damage":0,"enemies":"3 Louse","floor":14,"turns":2},{"damage":60,"enemies":"Slime Boss","floor":16,"turns":11},{"damage":0,"enemies":"Spheric Guardian","floor":18,"turns":2},{"damage":0,"enemies":"3 Byrds","floor":19,"turns":2},{"damage":11,"enemies":"Snake Plant","floor":22,"turns":3},{"damage":6,"enemies":"Gremlin Leader","floor":27,"turns":3},{"damage":0,"enemies":"Book of Stabbing","floor":29,"turns":2},{"damage":0,"enemies":"Sentry and Sphere","floor":31,"turns":2},{"damage":46,"enemies":"Champ","floor":33,"turns":8},{"damage":0,"enemies":"3 Darklings","floor":35,"turns":3},{"damage":0,"enemies":"Orb Walker","floor":38,"turns":2},{"damage":0,"enemies":"Spire Growth","floor":41,"turns":3},{"damage":0,"enemies":"Reptomancer","floor":42,"turns":2},{"damage":0,"enemies":"Nemesis","floor":45,"turns":3},{"damage":0,"enemies":"Writhing Mass","floor":47,"turns":1},{"damage":9,"enemies":"4 Shapes","floor":48,"turns":2},{"damage":10,"enemies":"Time Eater","floor":50,"turns":5}],"seed_played":"-8324086382214599625","potions_obtained":[{"floor":2,"key":"Strength Potion"},{"floor":12,"key":"Fire Potion"},{"floor":14,"key":"PowerPotion"},{"floor":22,"key":"SkillPotion"}],"is_trial":false,"path_per_floor":["M","M","M","$","?","R","M","R","T","$","R","M","E","M","R","B",null,"M","M","?","?","M","R","$","R","T","E","R","E","$","M","R","B",null,"M","T","?","M","$","R","M","E","T","?","E","R","M","M","R","B",null],"character_chosen":"IRONCLAD","items_purchased":["True Grit","PreservedInsect"],"campfire_rested":0,"item_purchase_floors":[24,24],"current_hp_per_floor":[80,80,80,80,73,73,72,72,72,72,72,78,71,77,77,26,80,80,80,80,72,67,67,67,67,67,67,67,73,73,79,79,40,80,80,80,80,80,80,80,80,80,80,80,80,80,80,77,77,76],"gold":290,"neow_bonus":"RANDOM_COMMON_RELIC","is_prod":false,"is_daily":false,"chose_seed":false,"campfire_upgraded":11,"win_rate":1,"timestamp":1558926089,"path_taken":["M","M","M","?","?","R","M","R","T","$","R","M","E","M","R","BOSS","M","M","?","?","?","R","?","R","T","E","R","E","$","M","R","BOSS","M","?","?","M","$","R","M","E","T","?","E","R","M","M","R","BOSS"],"build_version":"2019-01-23","purchased_purges":3,"victory":true,"max_hp_per_floor":[80,80,80,80,80,80,80,80,80,80,80,80,80,80,80,80,80,80,80,80,80,80,80,80,80,80,80,80,80,80,80,80,80,80,80,80,80,80,80,80,80,80,80,80,80,80,80,80,80,80],"card_choices":[{"not_picked":["Flex","Rupture"],"picked":"Iron Wave","floor":1},{"not_picked":["True Grit","Dual Wield"],"picked":"Searing Blow","floor":2},{"not_picked":["Headbutt","Blood for Blood","Wild Strike"],"picked":"SKIP","floor":3},{"not_picked":["Clothesline","True Grit","Headbutt"],"picked":"SKIP","floor":7},{"not_picked":["Iron Wave","Reckless Charge"],"picked":"Whirlwind","floor":12},{"not_picked":["Thunderclap","Spot Weakness"],"picked":"Seeing Red","floor":13},{"not_picked":["Second Wind","Clothesline","True Grit"],"picked":"SKIP","floor":14},{"not_picked":["Berserk","Limit Break"],"picked":"Immolate","floor":16},{"not_picked":["Thunderclap","Power Through+1","Twin Strike"],"picked":"SKIP","floor":18},{"not_picked":["Seeing Red","Pummel","Anger"],"picked":"SKIP","floor":19},{"not_picked":["Body Slam","Headbutt","Rupture"],"picked":"SKIP","floor":22},{"not_picked":["Warcry+1","Searing Blow","Impervious"],"picked":"SKIP","floor":27},{"not_picked":["Clash","Seeing Red","Metallicize"],"picked":"SKIP","floor":29},{"not_picked":["Heavy Blade","Shrug It Off"],"picked":"Clothesline+1","floor":31},{"not_picked":["Power Through+1","Anger","Flex+1"],"picked":"SKIP","floor":35},{"not_picked":["Heavy Blade","Pommel Strike"],"picked":"Armaments+1","floor":38},{"not_picked":["True Grit+1","Pommel Strike","Rupture"],"picked":"SKIP","floor":41},{"not_picked":["Pummel","Reckless Charge","True Grit+1"],"picked":"SKIP","floor":42},{"not_picked":["Flame Barrier","Iron Wave+1","Fire Breathing"],"picked":"SKIP","floor":45},{"not_picked":["Shockwave","Carnage+1","Clash+1"],"picked":"SKIP","floor":47},{"not_picked":["Thunderclap+1","Cleave","Dropkick"],"picked":"SKIP","floor":48}],"player_experience":11617,"relics_obtained":[{"floor":9,"key":"Pantograph"},{"floor":13,"key":"Ornamental Fan"},{"floor":26,"key":"Regal Pillow"},{"floor":27,"key":"Orichalcum"},{"floor":29,"key":"Happy Flower"},{"floor":36,"key":"Blood Vial"},{"floor":42,"key":"Centennial Puzzle"},{"floor":43,"key":"Kunai"},{"floor":45,"key":"Lantern"}],"event_choices":[{"cards_removed":["Strike_R"],"damage_healed":0,"gold_gain":0,"player_choice":"Card Removal","damage_taken":7,"max_hp_gain":0,"max_hp_loss":0,"event_name":"Golden Wing","floor":5,"gold_loss":0},{"cards_removed":["Strike_R"],"damage_healed":0,"gold_gain":0,"player_choice":"Gave Gold","damage_taken":0,"max_hp_gain":0,"max_hp_loss":0,"event_name":"Beggar","floor":20,"gold_loss":75},{"damage_healed":0,"gold_gain":75,"player_choice":"Touch","damage_taken":8,"max_hp_gain":0,"max_hp_loss":0,"event_name":"FaceTrader","floor":21,"gold_loss":0},{"damage_healed":0,"gold_gain":0,"player_choice":"Ignored","damage_taken":0,"max_hp_gain":0,"max_hp_loss":0,"event_name":"Tomb of Lord Red Mask","floor":37,"gold_loss":0},{"damage_healed":0,"gold_gain":0,"player_choice":"Ignored","damage_taken":0,"max_hp_gain":0,"max_hp_loss":0,"event_name":"SecretPortal","floor":44,"gold_loss":0}],"is_beta":false,"boss_relics":[{"not_picked":["Fusion Hammer","Runic Dome"],"picked":"Snecko Eye"},{"not_picked":["Black Blood","Velvet Choker"],"picked":"Sozu"}],"items_purged_floors":[4,24,39],"is_endless":false,"potions_floor_spawned":[2,12,14,22,29,31,35,38,41,45],"ascension_level":1}