{"gold_per_floor":[119,133,133,133,96,96,128,90,90,100,63,77,77,94,94,196,196,216,227,227,227,25,25,56,85,97,120,132,179,0,12],"floor_reached":31,"playtime":1695,"items_purged":[],"score":487,"play_id":"9fee03af-534e-4a3d-92c0-ba42ab76d311","local_time":"20190526032409","is_ascension_mode":true,"campfire_choices":[{"floor":6,"key":"REST"},{"data":"White Noise","floor":13,"key":"SMITH"},{"data":"Biased Cognition","floor":15,"key":"SMITH"},{"data":"Static Discharge","floor":23,"key":"SMITH"}],"neow_cost":"NONE","seed_source_timestamp":299389999626524,"circlet_count":0,"master_deck":["AscendersBane","Strike_B+1","Strike_B+1","Strike_B+1","Strike_B+1","Defend_B+1","Defend_B+1","Defend_B+1","Defend_B+1","Zap","Dualcast","Conserve Battery","Steam","Undo","Core Surge","White Noise+1","Conserve Battery","Leap","Undo","Gash","Static Discharge+1","Conserve Battery","Biased Cognition+1","All For One","Gash","FTL+1","Gash","All For One","FTL","Gash","Stack+1","RitualDagger"],"relics":["Cracked Core","NeowsBlessing","Bronze Scales","Prayer Wheel","Juzu Bracelet","Philosopher\u0027s Stone","Nilry\u0027s Codex","Lee\u0027s Waffle","MawBank","The Courier","Vajra"],"potions_floor_usage":[16,19,24,27,29],"damage_taken":[{"damage":0,"enemies":"Small Slimes","floor":1,"turns":1},{"damage":0,"enemies":"Jaw Worm","floor":2,"turns":1},{"damage":0,"enemies":"Lagavulin","floor":7,"turns":1},{"damage":0,"enemies":"2 Louse","floor":10,"turns":2},{"damage":0,"enemies":"2 Fungi Beasts","floor":12,"turns":3},{"damage":0,"enemies":"Blue Slaver","floor":14,"turns":4},{"damage":17,"enemies":"The Guardian","floor":16,"turns":9},{"damage":2,"enemies":"Chosen","floor":18,"turns":6},{"damage":9,"enemies":"Shell Parasite","floor":19,"turns":3},{"damage":28,"enemies":"Book of Stabbing","floor":24,"turns":4},{"damage":4,"enemies":"Centurion and Healer","floor":25,"turns":5},{"damage":1,"enemies":"Cultist and Chosen","floor":27,"turns":3},{"damage":35,"enemies":"Slavers","floor":29,"turns":4},{"damage":11,"enemies":"Snake Plant","floor":31,"turns":2}],"seed_played":"8036242260126714646","potions_obtained":[{"floor":10,"key":"SkillPotion"},{"floor":14,"key":"Strength Potion"},{"floor":18,"key":"Strength Potion"},{"floor":19,"key":"SteroidPotion"},{"floor":27,"key":"FearPotion"}],"is_trial":false,"path_per_floor":["M","M","?","?","$","R","E","$","T","M","$","M","R","M","R","B",null,"M","M","?","?","$","R","E","M","T","M","?","E","?","M"],"character_chosen":"DEFECT","items_purchased":["Undo","White Noise","Undo","Lee\u0027s Waffle"],"campfire_rested":1,"item_purchase_floors":[5,8,11,22],"current_hp_per_floor":[68,68,53,46,46,68,68,68,68,68,68,68,68,68,68,51,69,67,58,58,42,82,82,54,50,50,49,43,8,8,0],"gold":12,"neow_bonus":"THREE_ENEMY_KILL","is_prod":false,"is_daily":false,"chose_seed":false,"campfire_upgraded":3,"win_rate":0,"timestamp":1558830249,"path_taken":["M","M","?","?","$","R","E","?","T","M","$","M","R","M","R","BOSS","M","M","?","?","$","R","E","M","T","M","?","E","?","M"],"build_version":"2019-01-23","purchased_purges":0,"victory":false,"max_hp_per_floor":[75,75,75,75,75,75,75,75,75,75,75,75,75,75,75,75,75,75,75,75,75,82,82,82,82,82,82,82,82,82,82],"card_choices":[{"not_picked":["Go for the Eyes","Undo"],"picked":"Conserve Battery","floor":1},{"not_picked":["Hologram","Stack"],"picked":"Steam","floor":2},{"not_picked":["Go for the Eyes","Cold Snap"],"picked":"Core Surge","floor":7},{"not_picked":["Hello World","Steam Power"],"picked":"Conserve Battery","floor":10},{"not_picked":["Double Energy","Darkness"],"picked":"Leap","floor":10},{"not_picked":["Compile Driver","Streamline"],"picked":"Gash","floor":12},{"not_picked":["Sunder","Coolheaded"],"picked":"Static Discharge","floor":12},{"not_picked":["Barrage","Streamline"],"picked":"Conserve Battery","floor":14},{"not_picked":["Reprogram","Steam"],"picked":"Biased Cognition","floor":14},{"not_picked":["Multi-Cast","Rainbow"],"picked":"All For One","floor":16},{"not_picked":["Conserve Battery","Streamline"],"picked":"Gash","floor":18},{"not_picked":["Beam Cell","Coolheaded"],"picked":"FTL+1","floor":18},{"not_picked":["Turbo","Consume"],"picked":"Gash","floor":19},{"not_picked":["Stack","Beam Cell","Recycle"],"picked":"SKIP","floor":19},{"not_picked":["Steam","Conserve Battery"],"picked":"All For One","floor":24},{"not_picked":["Redo","Chill"],"picked":"FTL","floor":25},{"not_picked":["Redo","Chaos","Hologram"],"picked":"SKIP","floor":25},{"not_picked":["Turbo+1","Melter+1"],"picked":"Gash","floor":27},{"not_picked":["Cold Snap","Capacitor"],"picked":"Stack+1","floor":27},{"not_picked":["Melter","Rebound","Static Discharge"],"picked":"SKIP","floor":29}],"player_experience":523501,"relics_obtained":[{"floor":7,"key":"Prayer Wheel"},{"floor":9,"key":"Juzu Bracelet"},{"floor":21,"key":"Nilry\u0027s Codex"},{"floor":24,"key":"MawBank"},{"floor":26,"key":"The Courier"},{"floor":29,"key":"Vajra"}],"event_choices":[{"damage_healed":0,"gold_gain":0,"player_choice":"Entered Light","damage_taken":15,"max_hp_gain":0,"max_hp_loss":0,"event_name":"Shining Light","floor":3,"gold_loss":0,"cards_upgraded":["Strike_B","Strike_B"]},{"damage_healed":0,"gold_gain":0,"player_choice":"Success","damage_taken":7,"relics_obtained":["Bronze Scales"],"max_hp_gain":0,"max_hp_loss":0,"event_name":"Scrap Ooze","floor":4,"gold_loss":0},{"damage_healed":0,"gold_gain":0,"player_choice":"Simplicity","damage_taken":0,"max_hp_gain":0,"max_hp_loss":0,"event_name":"Back to Basics","floor":20,"gold_loss":0,"cards_upgraded":["Strike_B","Strike_B","Defend_B","Defend_B","Defend_B","Defend_B"]},{"damage_healed":0,"gold_gain":0,"player_choice":"Obtained Book","damage_taken":16,"max_hp_gain":0,"max_hp_loss":0,"event_name":"Cursed Tome","floor":21,"gold_loss":0},{"damage_healed":0,"gold_gain":0,"player_choice":"Joined the Cult","damage_taken":6,"max_hp_gain":0,"max_hp_loss":0,"event_name":"Nest","floor":28,"gold_loss":0,"cards_obtained":["RitualDagger"]},{"damage_healed":0,"gold_gain":0,"player_choice":"Paid Fearfully","damage_taken":0,"max_hp_gain":0,"max_hp_loss":0,"event_name":"Masked Bandits","floor":30,"gold_loss":191}],"is_beta":false,"boss_relics":[{"not_picked":["Coffee Dripper","Empty Cage"],"picked":"Philosopher\u0027s Stone"}],"items_purged_floors":[],"is_endless":false,"potions_floor_spawned":[10,14,18,19,27],"killed_by":"Snake Plant","ascension_level":11}