{"path_per_floor":["M","?","M","?","M","E","$","R","T","E","R","$","R","E","R","B",null,"M","?","M","?"],"character_chosen":"DEFECT","items_purchased":["Omamori","Steam"],"gold_per_floor":[116,116,136,136,154,186,35,35,35,66,66,40,40,74,74,170,170,180,180,197,197,197],"floor_reached":22,"campfire_rested":3,"playtime":1008,"item_purchase_floors":[7,12],"current_hp_per_floor":[80,80,79,76,76,43,43,67,67,30,54,54,78,62,62,32,82,43,35,14,14,0],"items_purged":[],"gold":197,"score":240,"play_id":"e068a88d-1927-4851-8fec-05340dc6ba55","local_time":"20180527142221","is_prod":false,"is_daily":false,"chose_seed":false,"is_ascension_mode":true,"campfire_upgraded":1,"win_rate":0,"timestamp":1527420141,"campfire_choices":[{"floor":8,"key":"REST"},{"floor":11,"key":"REST"},{"floor":13,"key":"REST"},{"data":"Chaos","floor":15,"key":"SMITH"}],"path_taken":["M","?","?","?","M","E","$","R","T","E","R","$","R","E","R","BOSS","M","?","M","?","M"],"build_version":"2018-05-25","seed_source_timestamp":832100307399198,"purchased_purges":0,"victory":false,"master_deck":["Strike_B","Strike_B","Strike_B","Strike_B","Defend_B","Defend_B","Defend_B","Defend_B","Dualcast","Melter","Capacitor","Capacitor","Melter+1","Echo Form","Ball Lightning+1","Capacitor","Steam","Chaos+1","Recycle","Echo Form","Barrage","Leap"],"max_hp_per_floor":[82,82,82,82,82,82,82,82,82,82,82,82,82,82,82,82,82,82,82,82,82,82],"relics":["Cracked Core","Unceasing Top","Dream Catcher","Omamori","Dodecahedron","Oddly Smooth Stone","Whetstone","Cursed Key"],"card_choices":[{"not_picked":["Turbo","Recycle"],"picked":"Melter","floor":1},{"not_picked":["Skim","Reprogram"],"picked":"Capacitor","floor":3},{"not_picked":["Cold Snap","Leap"],"picked":"Capacitor","floor":5},{"not_picked":["Compile Driver","Lockon"],"picked":"Melter","floor":6},{"not_picked":["BootSequence","Fusion"],"picked":"Echo Form","floor":8},{"not_picked":["Streamline","Redo"],"picked":"Ball Lightning","floor":10},{"not_picked":["Auto Shields","Turbo"],"picked":"Capacitor","floor":11},{"not_picked":["Gash","Reinforced Body"],"picked":"Chaos","floor":13},{"not_picked":["Steam Power","Turbo"],"picked":"Recycle","floor":14},{"not_picked":["Meteor Strike","Multi-Cast"],"picked":"Echo Form","floor":16},{"not_picked":["Auto Shields","Undo+1"],"picked":"Barrage","floor":18},{"not_picked":["Coolheaded+1","Beam Cell"],"picked":"Leap","floor":20}],"player_experience":236989,"potions_floor_usage":[6,14,14,20,22],"damage_taken":[{"damage":2,"enemies":"2 Louse","floor":1,"turns":2},{"damage":1,"enemies":"Cultist","floor":3,"turns":3},{"damage":0,"enemies":"Small Slimes","floor":5,"turns":2},{"damage":33,"enemies":"Gremlin Nob","floor":6,"turns":4},{"damage":37,"enemies":"Lagavulin","floor":10,"turns":6},{"damage":16,"enemies":"Gremlin Nob","floor":14,"turns":3},{"damage":30,"enemies":"The Guardian","floor":16,"turns":8},{"damage":39,"enemies":"Chosen","floor":18,"turns":7},{"damage":21,"enemies":"Shell Parasite","floor":20,"turns":4},{"damage":16,"enemies":"3 Cultists","floor":22,"turns":2}],"relics_obtained":[{"floor":6,"key":"Dream Catcher"},{"floor":9,"key":"Dodecahedron"},{"floor":10,"key":"Oddly Smooth Stone"},{"floor":14,"key":"Whetstone"}],"event_choices":[{"event_name":"Bonfire Elementals","player_choice":"BASIC","floor":2,"damage_taken":0},{"event_name":"Scrap Ooze","player_choice":"success","floor":4,"damage_taken":3},{"event_name":"Knowing Skull","player_choice":"","floor":19,"damage_taken":0},{"event_name":"Forgotten Altar","player_choice":"Smashed Altar","floor":21,"damage_taken":0}],"boss_relics":[{"not_picked":["Black Star","Velvet Choker"],"picked":"Cursed Key"}],"items_purged_floors":[],"potions_floor_spawned":[5,10,16,20],"seed_played":"-5420397030078835184","killed_by":"3 Cultists","ascension_level":4,"potions_obtained":[{"floor":5,"key":"Fire Potion"},{"floor":10,"key":"EntropicBrew"},{"floor":16,"key":"Poison Potion"},{"floor":20,"key":"Ancient Potion"}],"is_trial":false}