{"gold_per_floor":[113,113,113,60,134,134,162,162,217,228,263,276,276,276,276,352,402,415,430,430,430,443,443],"floor_reached":23,"playtime":1047,"items_purged":[],"score":444,"play_id":"e5134b71-caa2-4625-beca-a3f8c0b45e19","local_time":"20190526011104","is_ascension_mode":true,"campfire_choices":[{"floor":6,"key":"RECALL"},{"data":"Rampage","floor":8,"key":"SMITH"},{"data":"Metallicize","floor":15,"key":"SMITH"}],"neow_cost":"NONE","seed_source_timestamp":292051872824997,"circlet_count":0,"master_deck":["AscendersBane","Strike_R","Strike_R","Strike_R","Strike_R+1","Defend_R","Defend_R","Defend_R","Defend_R","Bash+1","Clash","Clash","Rampage+1","Metallicize+1","Headbutt","Fiend Fire","Iron Wave","Clash","Anger","Whirlwind"],"relics":["Burning Blood","NeowsBlessing","Bag of Preparation","Gambling Chip","Tiny House","Nilry\u0027s Codex"],"potions_floor_usage":[11,16,18,22,23],"damage_taken":[{"damage":0,"enemies":"Cultist","floor":1,"turns":1},{"damage":0,"enemies":"3 Sentries","floor":7,"turns":1},{"damage":0,"enemies":"Jaw Worm","floor":10,"turns":1},{"damage":20,"enemies":"Gremlin Nob","floor":11,"turns":4},{"damage":0,"enemies":"Small Slimes","floor":12,"turns":2},{"damage":69,"enemies":"Slime Boss","floor":16,"turns":12},{"damage":19,"enemies":"Shell Parasite","floor":18,"turns":4},{"damage":14,"enemies":"Spheric Guardian","floor":19,"turns":4},{"damage":12,"enemies":"Snecko","floor":22,"turns":4},{"damage":37,"enemies":"Book of Stabbing","floor":23,"turns":3}],"seed_played":"4120857475769701762","potions_obtained":[{"floor":7,"key":"Weak Potion"},{"floor":10,"key":"Dexterity Potion"},{"floor":17,"key":"SpeedPotion"},{"floor":19,"key":"Weak Potion"},{"floor":22,"key":"Fire Potion"}],"is_trial":false,"path_per_floor":["M","?","?","$","?","R","E","R","T","M","E","M","?","?","R","B",null,"M","M","?","?","M","E"],"character_chosen":"IRONCLAD","items_purchased":["Clash"],"campfire_rested":0,"item_purchase_floors":[4],"current_hp_per_floor":[74,79,79,79,79,79,80,80,80,80,66,72,72,72,72,9,67,54,46,25,25,19,0],"gold":443,"neow_bonus":"THREE_ENEMY_KILL","is_prod":false,"is_daily":false,"chose_seed":false,"campfire_upgraded":2,"win_rate":0,"timestamp":1558822264,"path_taken":["M","?","?","$","?","R","E","R","T","?","E","M","?","?","R","BOSS","M","M","?","?","?","E"],"build_version":"2019-01-23","purchased_purges":0,"victory":false,"max_hp_per_floor":[75,80,80,80,80,80,80,80,80,80,80,80,80,80,80,80,85,85,85,85,85,85,85],"card_choices":[{"not_picked":["Cleave","Warcry"],"picked":"Clash","floor":1},{"not_picked":["Twin Strike","Body Slam"],"picked":"Rampage","floor":7},{"not_picked":["Body Slam","Warcry","Perfected Strike"],"picked":"SKIP","floor":10},{"not_picked":["Whirlwind","True Grit"],"picked":"Metallicize","floor":11},{"not_picked":["Flex","Body Slam"],"picked":"Headbutt","floor":12},{"not_picked":["Bludgeon","Berserk"],"picked":"Fiend Fire","floor":16},{"not_picked":["Infernal Blade","Cleave"],"picked":"Iron Wave","floor":17},{"not_picked":["Shrug It Off+1","Clothesline+1"],"picked":"Clash","floor":18},{"not_picked":["Dropkick","Inflame"],"picked":"Anger","floor":19},{"not_picked":["Anger","Sword Boomerang","Disarm"],"picked":"SKIP","floor":22}],"player_experience":516493,"relics_obtained":[{"floor":7,"key":"Bag of Preparation"},{"floor":11,"key":"Gambling Chip"},{"floor":20,"key":"Nilry\u0027s Codex"}],"event_choices":[{"damage_healed":0,"gold_gain":0,"player_choice":"Donut","damage_taken":0,"max_hp_gain":5,"max_hp_loss":0,"event_name":"Big Fish","floor":2,"gold_loss":0},{"damage_healed":0,"gold_gain":0,"player_choice":"Grow","damage_taken":0,"max_hp_gain":0,"max_hp_loss":0,"event_name":"Living Wall","floor":3,"gold_loss":0,"cards_upgraded":["Bash"]},{"damage_healed":0,"gold_gain":74,"player_choice":"Gained Gold","damage_taken":0,"max_hp_gain":0,"max_hp_loss":0,"event_name":"Golden Wing","floor":5,"gold_loss":0},{"damage_healed":0,"gold_gain":0,"player_choice":"Ignored","damage_taken":0,"max_hp_gain":0,"max_hp_loss":0,"event_name":"Liars Game","floor":13,"gold_loss":0},{"damage_healed":0,"gold_gain":0,"player_choice":"Leave","damage_taken":0,"max_hp_gain":0,"max_hp_loss":0,"event_name":"The Cleric","floor":14,"gold_loss":0},{"damage_healed":0,"gold_gain":0,"player_choice":"Obtained Book","damage_taken":21,"max_hp_gain":0,"max_hp_loss":0,"event_name":"Cursed Tome","floor":20,"gold_loss":0},{"damage_healed":0,"gold_gain":0,"cards_transformed":["Strike_R"],"player_choice":"Transformed","damage_taken":0,"max_hp_gain":0,"max_hp_loss":0,"event_name":"Transmorgrifier","floor":21,"gold_loss":0,"cards_obtained":["Whirlwind"]}],"is_beta":false,"boss_relics":[{"not_picked":["Busted Crown","Sozu"],"picked":"Tiny House"}],"items_purged_floors":[],"is_endless":false,"potions_floor_spawned":[7,10,19,22],"killed_by":"Book of Stabbing","ascension_level":20}