{"gold_per_floor":[116,116,134,134,134,168,186,261,261,41,54,54,74,107,107,185,185,195,206,206,206,216,235,262,262,262,272,298,223,243,274,274,274],"floor_reached":33,"playtime":2532,"items_purged":["Regret"],"score":647,"play_id":"7f360a26-1d8d-4b37-a316-7cf6f1c7dda3","local_time":"20190526091510","is_ascension_mode":true,"campfire_choices":[{"data":"Zap","floor":12.0,"key":"SMITH"},{"floor":15.0,"key":"REST"},{"data":"Biased Cognition","floor":25.0,"key":"SMITH"},{"floor":32.0,"key":"REST"}],"neow_cost":"NONE","seed_source_timestamp":0,"circlet_count":0,"master_deck":["AscendersBane","Strike_B","Strike_B+1","Defend_B","Defend_B","Defend_B","Defend_B","Zap+1","Dualcast","Conserve Battery","Genetic Algorithm","Blizzard","Ball Lightning+1","Ball Lightning","Undo","Static Discharge","Machine Learning","Biased Cognition+1","Cold Snap","Hologram","Reinforced Body+1","Undo","Cold Snap","Biased Cognition"],"special_seed":0,"relics":["Cracked Core","NeowsBlessing","Dodecahedron","Whetstone","FossilizedHelix","Oddly Smooth Stone","Art of War","Cursed Key","Lantern","Pear","Dead Branch","Meat on the Bone"],"potions_floor_usage":[33,33],"damage_taken":[{"damage":0.0,"enemies":"Jaw Worm","floor":1.0,"turns":1.0},{"damage":0.0,"enemies":"Small Slimes","floor":3.0,"turns":2.0},{"damage":0.0,"enemies":"Lagavulin","floor":6.0,"turns":3.0},{"damage":3.0,"enemies":"Cultist","floor":7.0,"turns":3.0},{"damage":0.0,"enemies":"Exordium Wildlife","floor":11.0,"turns":3.0},{"damage":0.0,"enemies":"2 Fungi Beasts","floor":13.0,"turns":3.0},{"damage":0.0,"enemies":"3 Sentries","floor":14.0,"turns":5.0},{"damage":31.0,"enemies":"Hexaghost","floor":16.0,"turns":9.0},{"damage":10.0,"enemies":"2 Thieves","floor":18.0,"turns":4.0},{"damage":0.0,"enemies":"Spheric Guardian","floor":19.0,"turns":3.0},{"damage":0.0,"enemies":"Centurion and Healer","floor":22.0,"turns":8.0},{"damage":0.0,"enemies":"Snake Plant","floor":23.0,"turns":4.0},{"damage":0.0,"enemies":"Book of Stabbing","floor":24.0,"turns":5.0},{"damage":0.0,"enemies":"Chosen and Byrds","floor":27.0,"turns":6.0},{"damage":69.0,"enemies":"Gremlin Leader","floor":28.0,"turns":10.0},{"damage":0.0,"enemies":"Snecko","floor":30.0,"turns":4.0},{"damage":1.0,"enemies":"Book of Stabbing","floor":31.0,"turns":5.0},{"damage":44,"enemies":"Automaton","floor":33,"turns":12}],"seed_played":"7505771354446189672","potions_obtained":[{"floor":3.0,"key":"FearPotion"},{"floor":6.0,"key":"Block Potion"},{"floor":13.0,"key":"Explosive Potion"},{"floor":18.0,"key":"FocusPotion"},{"floor":28.0,"key":"SteroidPotion"},{"floor":30.0,"key":"Fire Potion"}],"is_trial":false,"path_per_floor":["M","?","M","$","?","E","M","?","T","$","M","R","M","E","R","B",null,"M","M","?","?","M","M","E","R","T","M","E","?","M","E","R","B"],"character_chosen":"DEFECT","items_purchased":["Oddly Smooth Stone"],"campfire_rested":2,"item_purchase_floors":[10],"current_hp_per_floor":[68,68,68,68,68,68,65,54,54,54,54,54,54,54,75,44,67,57,57,75,75,75,75,75,75,85,85,16,16,16,15,40,0],"gold":274,"neow_bonus":"THREE_ENEMY_KILL","is_prod":false,"is_daily":false,"chose_seed":false,"campfire_upgraded":2,"win_rate":0,"timestamp":1558851310,"path_taken":["M","?","M","$","?","E","M","?","T","$","M","R","M","E","R","BOSS","M","M","?","?","M","?","E","R","T","M","E","?","M","E","R","BOSS"],"build_version":"2019-01-23","purchased_purges":1,"victory":false,"max_hp_per_floor":[75,75,75,75,75,75,75,75,75,75,75,75,75,75,75,75,75,75,75,75,75,75,75,75,75,85,85,85,85,85,85,85,85],"card_choices":[{"not_picked":["Aggregate","Gash"],"picked":"Conserve Battery","floor":1.0},{"not_picked":["Go for the Eyes","Skim"],"picked":"Blizzard","floor":3.0},{"not_picked":["Stack","Reboot"],"picked":"Ball Lightning","floor":6.0},{"not_picked":["Compile Driver","Barrage"],"picked":"Ball Lightning","floor":7.0},{"not_picked":["Turbo","Ball Lightning"],"picked":"Undo","floor":11.0},{"not_picked":["Rip and Tear","Streamline"],"picked":"Static Discharge","floor":13.0},{"not_picked":["Compile Driver","Sweeping Beam"],"picked":"Machine Learning","floor":14.0},{"not_picked":["Machine Learning","Meteor Strike"],"picked":"Biased Cognition","floor":16.0},{"not_picked":["Leap","Hologram"],"picked":"Cold Snap","floor":18.0},{"not_picked":["Turbo","Stack+1"],"picked":"Hologram","floor":19.0},{"not_picked":["Scrape+1","Rebound"],"picked":"Reinforced Body+1","floor":22.0},{"not_picked":["Barrage","Scrape","Leap"],"picked":"SKIP","floor":23.0},{"not_picked":["Streamline+1","White Noise"],"picked":"Undo","floor":24.0},{"not_picked":["Sweeping Beam","Leap","Double Energy"],"picked":"SKIP","floor":27.0},{"not_picked":["Force Field","Compile Driver","Streamline+1"],"picked":"SKIP","floor":28.0},{"not_picked":["Rebound","Skim"],"picked":"Cold Snap","floor":30.0},{"not_picked":["Gash","Chaos"],"picked":"Biased Cognition","floor":31.0}],"player_experience":541504,"relics_obtained":[{"floor":6.0,"key":"Whetstone"},{"floor":9.0,"key":"FossilizedHelix"},{"floor":14.0,"key":"Art of War"},{"floor":24.0,"key":"Lantern"},{"floor":26.0,"key":"Pear"},{"floor":28.0,"key":"Dead Branch"},{"floor":31.0,"key":"Meat on the Bone"}],"event_choices":[{"damage_healed":0.0,"max_hp_gain":0.0,"max_hp_loss":0.0,"gold_gain":0.0,"cards_transformed":["Strike_B"],"event_name":"Living Wall","player_choice":"Change","floor":2.0,"gold_loss":0.0,"damage_taken":0.0,"cards_obtained":["Genetic Algorithm"]},{"damage_healed":0.0,"max_hp_gain":0.0,"max_hp_loss":0.0,"gold_gain":0.0,"event_name":"Big Fish","player_choice":"Box","floor":5.0,"gold_loss":0.0,"damage_taken":0.0,"relics_obtained":["Dodecahedron"],"cards_obtained":["Regret"]},{"damage_healed":0.0,"max_hp_gain":0.0,"max_hp_loss":0.0,"gold_gain":75.0,"event_name":"World of Goop","player_choice":"Gather Gold","floor":8.0,"gold_loss":0.0,"damage_taken":11.0},{"damage_healed":25.0,"max_hp_gain":0.0,"max_hp_loss":0.0,"gold_gain":0.0,"event_name":"The Library","player_choice":"Heal","floor":20.0,"gold_loss":0.0,"damage_taken":0.0},{"cards_removed":["Strike_B"],"damage_healed":0.0,"max_hp_gain":0.0,"max_hp_loss":0.0,"gold_gain":0.0,"event_name":"Purifier","player_choice":"Purged","floor":21.0,"gold_loss":0.0,"damage_taken":0.0},{"cards_removed":["Shame"],"damage_healed":0.0,"max_hp_gain":0.0,"max_hp_loss":0.0,"gold_gain":0.0,"event_name":"Beggar","player_choice":"Gave Gold","floor":29.0,"gold_loss":75.0,"damage_taken":0.0}],"is_beta":false,"boss_relics":[{"not_picked":["Coffee Dripper","White Beast Statue"],"picked":"Cursed Key"}],"items_purged_floors":[10],"is_endless":false,"potions_floor_spawned":[3,6,13,18,24,28,30],"killed_by":"Automaton","ascension_level":13}