{"gold_per_floor":[19,29,39,39,51,51,81,81,81,109,124,124,138,153,153,231,231,231,156,96,96,96,96,96,96,96,96,96,96,96,96,96,96,96,96,96,96,96,96,96,96,96,96,96,21,21,21,21,21,21],"floor_reached":51,"playtime":3276,"items_purged":["Pain"],"score":1183,"play_id":"68f70daf-8a25-4e75-a603-815ae0181753","local_time":"20190525111503","is_ascension_mode":true,"campfire_choices":[{"data":"Well Laid Plans","floor":6,"key":"SMITH"},{"floor":8,"key":"REST"},{"floor":12,"key":"REST"},{"floor":15,"key":"REST"},{"floor":23,"key":"REST"},{"data":"Bullet Time","floor":25,"key":"SMITH"},{"data":"Noxious Fumes","floor":32,"key":"SMITH"},{"floor":40,"key":"REST"},{"floor":46,"key":"REST"},{"floor":49,"key":"REST"}],"neow_cost":"NO_GOLD","seed_source_timestamp":495156178468001,"circlet_count":0,"master_deck":["AscendersBane","Defend_G","Defend_G","Defend_G","Defend_G","Defend_G","Strike_G","Strike_G","Survivor","Neutralize","PiercingWail","Well Laid Plans","Dodge and Roll","Well Laid Plans+1","Masterful Stab","Bullet Time+1","Backflip","Crippling Poison","Dash","Noxious Fumes+1","Escape Plan","Dash","Corpse Explosion","Dash+1","Caltrops","Cloak And Dagger","Adrenaline","PiercingWail","Footwork+1","Dash","Cloak And Dagger","Bouncing Flask","Corpse Explosion","Cloak And Dagger+1","Leg Sweep","Deflect","PiercingWail","Madness","Madness","Terror","Cloak And Dagger","Footwork"],"relics":["Ring of the Snake","Dream Catcher","Question Card","Orichalcum","Bag of Preparation","Ectoplasm","Mercury Hourglass","Strawberry","Fusion Hammer","WarpedTongs","Ice Cream"],"potions_floor_usage":[7,11,29,33,33,38,50,50],"damage_taken":[{"damage":0,"enemies":"Small Slimes","floor":1,"turns":5},{"damage":2,"enemies":"Jaw Worm","floor":2,"turns":8},{"damage":6,"enemies":"Cultist","floor":3,"turns":6},{"damage":7,"enemies":"Large Slime","floor":5,"turns":12},{"damage":24,"enemies":"Lagavulin","floor":7,"turns":11},{"damage":35,"enemies":"3 Sentries","floor":10,"turns":19},{"damage":0,"enemies":"Looter","floor":11,"turns":4},{"damage":0,"enemies":"Gremlin Gang","floor":13,"turns":6},{"damage":0,"enemies":"3 Louse","floor":14,"turns":3},{"damage":33,"enemies":"Hexaghost","floor":16,"turns":15},{"damage":0,"enemies":"3 Byrds","floor":18,"turns":3},{"damage":5,"enemies":"2 Thieves","floor":20,"turns":3},{"damage":4,"enemies":"Centurion and Healer","floor":21,"turns":5},{"damage":9,"enemies":"Snake Plant","floor":22,"turns":4},{"damage":4,"enemies":"Shelled Parasite and Fungi","floor":27,"turns":9},{"damage":5,"enemies":"Slavers","floor":29,"turns":5},{"damage":0,"enemies":"Centurion and Healer","floor":30,"turns":6},{"damage":0,"enemies":"Snake Plant","floor":31,"turns":5},{"damage":10,"enemies":"Collector","floor":33,"turns":9},{"damage":0,"enemies":"3 Shapes","floor":35,"turns":3},{"damage":0,"enemies":"Orb Walker","floor":36,"turns":2},{"damage":23,"enemies":"Jaw Worm Horde","floor":38,"turns":4},{"damage":3,"enemies":"Spire Growth","floor":39,"turns":6},{"damage":0,"enemies":"3 Darklings","floor":42,"turns":3},{"damage":2,"enemies":"4 Shapes","floor":44,"turns":4},{"damage":29,"enemies":"Spire Growth","floor":47,"turns":7},{"damage":38,"enemies":"Awakened One","floor":50,"turns":17}],"seed_played":"69782497478344928","potions_obtained":[{"floor":5,"key":"PowerPotion"},{"floor":10,"key":"PowerPotion"},{"floor":11,"key":"Ancient Potion"},{"floor":14,"key":"SteroidPotion"},{"floor":30,"key":"Explosive Potion"},{"floor":31,"key":"GhostInAJar"},{"floor":36,"key":"GamblersBrew"},{"floor":44,"key":"EssenceOfSteel"},{"floor":47,"key":"FearPotion"}],"is_trial":false,"path_per_floor":["M","M","M","?","M","R","E","R","T","E","M","R","M","M","R","B",null,"M","?","M","M","M","R","?","R","T","M","?","E","M","M","R","B",null,"M","M","?","M","M","R","?","M","T","M","$","R","M","?","R","B",null],"character_chosen":"THE_SILENT","items_purchased":[],"campfire_rested":7,"item_purchase_floors":[],"current_hp_per_floor":[59,57,51,48,41,41,17,36,36,1,1,20,20,20,39,6,51,51,51,46,42,33,52,52,52,52,48,48,50,50,50,50,40,65,65,65,65,42,39,60,51,51,51,49,49,70,41,41,62,24],"gold":21,"neow_bonus":"REMOVE_TWO","is_prod":false,"is_daily":false,"chose_seed":false,"campfire_upgraded":3,"win_rate":0,"timestamp":1558808103,"path_taken":["M","M","M","?","M","R","E","R","T","E","M","R","M","M","R","BOSS","M","?","M","M","M","R","?","R","T","M","?","E","?","M","R","BOSS","M","M","?","M","?","R","?","M","T","M","$","R","M","?","R","BOSS"],"build_version":"2019-01-23","purchased_purges":1,"victory":true,"max_hp_per_floor":[66,66,66,66,66,66,66,66,66,66,66,66,66,66,66,66,66,66,66,66,66,66,66,66,66,66,66,66,73,73,73,73,73,73,73,73,73,73,73,73,73,73,73,73,73,73,73,73,73,73],"card_choices":[{"not_picked":["Quick Slash","Infinite Blades"],"picked":"PiercingWail","floor":1},{"not_picked":["Prepared","Choke"],"picked":"Well Laid Plans","floor":2},{"not_picked":["Slice","Calculated Gamble"],"picked":"Dodge and Roll","floor":3},{"not_picked":["Dagger Spray","Outmaneuver"],"picked":"Well Laid Plans","floor":5},{"not_picked":["Quick Slash","Dodge and Roll"],"picked":"Masterful Stab","floor":7},{"not_picked":["Dagger Spray","Poisoned Stab","Terror"],"picked":"Bullet Time","floor":8},{"not_picked":["Terror","Choke","Calculated Gamble"],"picked":"Backflip","floor":10},{"not_picked":["Outmaneuver","Deflect","Flying Knee"],"picked":"Crippling Poison","floor":11},{"not_picked":["Poisoned Stab","Acrobatics","Accuracy"],"picked":"Dash","floor":12},{"not_picked":["Die Die Die","Quick Slash","Flechettes"],"picked":"Noxious Fumes","floor":13},{"not_picked":["Heel Hook","Choke","Dagger Throw"],"picked":"Escape Plan","floor":14},{"not_picked":["Deadly Poison","Quick Slash","Deflect"],"picked":"Dash","floor":15},{"not_picked":["Tools of the Trade","Doppelganger","Envenom"],"picked":"Corpse Explosion","floor":16},{"not_picked":["Distraction","Well Laid Plans","Sucker Punch"],"picked":"Dash+1","floor":18},{"not_picked":["Dagger Spray","Dagger Throw","Quick Slash"],"picked":"Caltrops","floor":20},{"not_picked":["Finisher","Slice","Bane"],"picked":"Cloak And Dagger","floor":21},{"not_picked":["Dagger Throw","Endless Agony+1","Flying Knee","Heel Hook"],"picked":"SKIP","floor":22},{"not_picked":["Distraction+1","Blade Dance","Acrobatics"],"picked":"Adrenaline","floor":23},{"not_picked":["All Out Attack","Blade Dance+1","Dagger Spray"],"picked":"PiercingWail","floor":27},{"not_picked":["Wraith Form v2","Deflect","Choke"],"picked":"Dash","floor":29},{"not_picked":["Tactician","Calculated Gamble","Quick Slash+1"],"picked":"Cloak And Dagger","floor":30},{"not_picked":["Calculated Gamble","Dagger Throw+1","Sucker Punch"],"picked":"Bouncing Flask","floor":31},{"not_picked":["Envenom","Bullet Time","Glass Knife"],"picked":"Corpse Explosion","floor":33},{"not_picked":["Backflip","Sucker Punch","Finisher+1"],"picked":"Cloak And Dagger+1","floor":35},{"not_picked":["Blade Dance","Terror","Quick Slash"],"picked":"Leg Sweep","floor":36},{"not_picked":["PiercingWail","Reflex","A Thousand Cuts"],"picked":"Deflect","floor":38},{"not_picked":["Flying Knee","Reflex","Deadly Poison"],"picked":"PiercingWail","floor":39},{"not_picked":["Dagger Throw","Quick Slash","Noxious Fumes"],"picked":"Terror","floor":42},{"not_picked":["Quick Slash","Blade Dance","Underhanded Strike","Eviscerate"],"picked":"SKIP","floor":44},{"not_picked":["Dodge and Roll","Dagger Spray","Prepared"],"picked":"Cloak And Dagger","floor":47},{"not_picked":["Heel Hook","Dodge and Roll","Prepared+1"],"picked":"Footwork","floor":49}],"player_experience":401938,"relics_obtained":[{"floor":7,"key":"Question Card"},{"floor":9,"key":"Orichalcum"},{"floor":10,"key":"Bag of Preparation"},{"floor":26,"key":"Mercury Hourglass"},{"floor":29,"key":"Strawberry"},{"floor":43,"key":"Ice Cream"}],"event_choices":[{"damage_healed":0,"gold_gain":0,"player_choice":"Success","damage_taken":3,"relics_obtained":["Dream Catcher"],"max_hp_gain":0,"max_hp_loss":0,"event_name":"Scrap Ooze","floor":4,"gold_loss":0},{"cards_removed":["Strike_G"],"damage_healed":0,"gold_gain":0,"player_choice":"Gave Gold","damage_taken":0,"max_hp_gain":0,"max_hp_loss":0,"event_name":"Beggar","floor":19,"gold_loss":75},{"damage_healed":0,"gold_gain":0,"player_choice":"Ignored","damage_taken":0,"max_hp_gain":0,"max_hp_loss":0,"event_name":"Ghosts","floor":24,"gold_loss":0},{"damage_healed":0,"gold_gain":0,"player_choice":"Read","damage_taken":0,"max_hp_gain":0,"max_hp_loss":0,"event_name":"The Library","floor":28,"gold_loss":0,"cards_obtained":["Footwork"]},{"damage_healed":0,"gold_gain":0,"player_choice":"Rummage","damage_taken":0,"relics_obtained":["WarpedTongs"],"max_hp_gain":0,"max_hp_loss":0,"event_name":"Accursed Blacksmith","floor":37,"gold_loss":0,"cards_obtained":["Pain"]},{"damage_healed":0,"gold_gain":0,"player_choice":"Embrace Madness","damage_taken":9,"max_hp_gain":0,"max_hp_loss":0,"event_name":"Winding Halls","floor":41,"gold_loss":0,"cards_obtained":["Madness","Madness"]},{"damage_healed":0,"gold_gain":0,"player_choice":"Upgraded","damage_taken":0,"max_hp_gain":0,"max_hp_loss":0,"event_name":"Upgrade Shrine","floor":48,"gold_loss":0,"cards_upgraded":["Footwork"]}],"is_beta":false,"boss_relics":[{"not_picked":["Tiny House","Eternal Feather"],"picked":"Ectoplasm"},{"not_picked":["Cursed Key","Snecko Eye"],"picked":"Fusion Hammer"}],"items_purged_floors":[45],"is_endless":false,"potions_floor_spawned":[5,10,11,14,20,30,31,36,44,47],"ascension_level":14}