{"gold_per_floor":[99,99,99,99,99,99,99,99,99,64,64,64,64,64,64,64,64,64,64,64,64,19,19,19,19,19,19,19,19,19,19,19,19],"floor_reached":33,"playtime":2008,"items_purged":[],"score":477,"play_id":"2a90d9a1-9619-491b-9cf1-a4997110680d","local_time":"20181130232633","is_ascension_mode":true,"campfire_choices":[{"floor":7,"key":"REST"},{"floor":13,"key":"REST"},{"floor":15,"key":"REST"},{"data":"Neutralize","floor":23,"key":"SMITH"},{"floor":29,"key":"REST"},{"data":"Wraith Form v2","floor":32,"key":"SMITH"}],"neow_cost":"NONE","seed_source_timestamp":65154394397530,"circlet_count":0,"master_deck":["AscendersBane","Defend_G","Defend_G","Defend_G","Defend_G","Defend_G","Survivor","Neutralize+1","Underhanded Strike","Dagger Throw","Unload","Poisoned Stab","Backflip","Reflex+1","Regret","PiercingWail+1","Doppelganger+1","Blade Dance+1","Bite","Bite","Bite","Bite","Bite","Dagger Spray","Wraith Form v2+1","Sucker Punch","Quick Slash+1","Dagger Spray","Cloak And Dagger+1"],"relics":["Ectoplasm","Golden Idol","Letter Opener","Toxic Egg 2","Blue Candle","Happy Flower","Lantern","Omamori","Black Star","Vajra","Regal Pillow","Mango","WarpedTongs","PreservedInsect","Oddly Smooth Stone"],"potions_floor_usage":[14,24,28,31,33],"damage_taken":[{"damage":0,"enemies":"2 Louse","floor":1,"turns":4},{"damage":0,"enemies":"Jaw Worm","floor":2,"turns":5},{"damage":0,"enemies":"Cultist","floor":5,"turns":3},{"damage":20,"enemies":"3 Sentries","floor":6,"turns":8},{"damage":28,"enemies":"Gremlin Nob","floor":8,"turns":4},{"damage":5,"enemies":"3 Sentries","floor":14,"turns":7},{"damage":40,"enemies":"The Guardian","floor":16,"turns":13},{"damage":1,"enemies":"Chosen","floor":18,"turns":4},{"damage":11,"enemies":"2 Thieves","floor":22,"turns":4},{"damage":58,"enemies":"Book of Stabbing","floor":24,"turns":7},{"damage":4,"enemies":"Chosen and Byrds","floor":25,"turns":6},{"damage":18,"enemies":"3 Cultists","floor":28,"turns":6},{"damage":5,"enemies":"Gremlin Leader","floor":30,"turns":5},{"damage":8,"enemies":"Shelled Parasite and Fungi","floor":31,"turns":4},{"damage":106,"enemies":"Automaton","floor":33,"turns":12}],"seed_played":"6640022127967934508","potions_obtained":[{"floor":8,"key":"Strength Potion"},{"floor":14,"key":"Strength Potion"},{"floor":16,"key":"Weak Potion"},{"floor":28,"key":"EssenceOfSteel"},{"floor":30,"key":"Dexterity Potion"}],"is_trial":false,"path_per_floor":["M","M","?","?","M","E","R","E","T","?","?","?","R","E","R","B",null,"M","$","?","?","M","R","E","M","T","?","M","R","E","M","R","B"],"character_chosen":"THE_SILENT","items_purchased":[],"campfire_rested":4,"item_purchase_floors":[],"current_hp_per_floor":[63,63,46,46,46,26,47,19,19,36,29,29,50,45,66,26,59,58,58,49,49,46,46,4,12,26,26,19,52,58,59,59,0],"gold":19,"neow_bonus":"BOSS_RELIC","is_prod":false,"is_daily":false,"chose_seed":false,"campfire_upgraded":2,"win_rate":0,"timestamp":1543613193,"path_taken":["M","M","?","?","?","E","R","E","T","?","?","?","R","E","R","BOSS","M","$","?","?","M","R","E","M","T","?","M","R","E","?","R","BOSS"],"build_version":"2018-11-15","purchased_purges":0,"victory":false,"max_hp_per_floor":[70,70,70,70,70,70,70,70,70,70,70,70,70,70,70,70,70,70,70,49,49,49,49,49,49,63,63,63,63,63,63,63,63],"card_choices":[{"not_picked":["Acrobatics","Prepared"],"picked":"Underhanded Strike","floor":1},{"not_picked":["Leg Sweep","Outmaneuver"],"picked":"Dagger Throw","floor":2},{"not_picked":["Leg Sweep","Deadly Poison"],"picked":"Poisoned Stab","floor":5},{"not_picked":["Deadly Poison","Slice"],"picked":"Backflip","floor":6},{"not_picked":["Flechettes","Deflect"],"picked":"Reflex","floor":8},{"not_picked":["Prepared+1","Acrobatics+1"],"picked":"PiercingWail+1","floor":14},{"not_picked":["Night Terror+1","Tools of the Trade"],"picked":"Doppelganger+1","floor":16},{"not_picked":["Heel Hook","Slice"],"picked":"Blade Dance+1","floor":18},{"not_picked":["Sucker Punch","Deflect+1"],"picked":"Dagger Spray","floor":22},{"not_picked":["Predator","Flechettes+1"],"picked":"Wraith Form v2","floor":24},{"not_picked":["Catalyst+1","Deflect+1"],"picked":"Sucker Punch","floor":25},{"not_picked":["Outmaneuver+1","Backflip+1"],"picked":"Quick Slash+1","floor":28},{"not_picked":["Blade Dance+1","Dagger Throw"],"picked":"Dagger Spray","floor":30},{"not_picked":["Calculated Gamble+1","Prepared+1"],"picked":"Cloak And Dagger+1","floor":31}],"player_experience":350705,"relics_obtained":[{"floor":6,"key":"Letter Opener"},{"floor":8,"key":"Toxic Egg 2"},{"floor":9,"key":"Blue Candle"},{"floor":14,"key":"Omamori"},{"floor":24,"key":"Vajra"},{"floor":24,"key":"Regal Pillow"},{"floor":26,"key":"Mango"},{"floor":30,"key":"PreservedInsect"},{"floor":30,"key":"Oddly Smooth Stone"}],"event_choices":[{"damage_healed":0,"gold_gain":0,"player_choice":"Take Damage","damage_taken":17,"relics_obtained":["Golden Idol"],"max_hp_gain":0,"max_hp_loss":0,"event_name":"Golden Idol","floor":3,"gold_loss":0},{"damage_healed":0,"gold_gain":0,"cards_transformed":["Strike_G"],"player_choice":"Transformed","damage_taken":0,"max_hp_gain":0,"max_hp_loss":0,"event_name":"Transmorgrifier","floor":4,"gold_loss":0,"cards_obtained":["Unload"]},{"damage_healed":17,"gold_gain":0,"player_choice":"Healed","damage_taken":0,"max_hp_gain":0,"max_hp_loss":0,"event_name":"The Cleric","floor":10,"gold_loss":35},{"damage_healed":0,"gold_gain":0,"player_choice":"Success","damage_taken":7,"relics_obtained":["Happy Flower"],"max_hp_gain":0,"max_hp_loss":0,"event_name":"Scrap Ooze","floor":11,"gold_loss":0},{"damage_healed":0,"gold_gain":0,"player_choice":"Box","damage_taken":0,"relics_obtained":["Lantern"],"max_hp_gain":0,"max_hp_loss":0,"event_name":"Big Fish","floor":12,"gold_loss":0,"cards_obtained":["Regret"]},{"damage_healed":0,"gold_gain":0,"player_choice":"Became a vampire","damage_taken":0,"max_hp_gain":0,"max_hp_loss":21,"event_name":"Vampires","floor":20,"gold_loss":0,"cards_obtained":["Bite","Bite","Bite","Bite","Bite"]},{"damage_healed":0,"gold_gain":0,"player_choice":"Ignored","damage_taken":0,"max_hp_gain":0,"max_hp_loss":0,"event_name":"Beggar","floor":21,"gold_loss":0},{"damage_healed":0,"gold_gain":0,"player_choice":"Rummage","damage_taken":0,"relics_obtained":["WarpedTongs"],"max_hp_gain":0,"max_hp_loss":0,"event_name":"Accursed Blacksmith","floor":27,"gold_loss":0,"cards_obtained":["Pain"]}],"is_beta":true,"boss_relics":[{"not_picked":["Coffee Dripper","Runic Pyramid"],"picked":"Black Star"}],"items_purged_floors":[],"is_endless":false,"potions_floor_spawned":[8,14,16,28,30],"killed_by":"Automaton","ascension_level":10}