{"path_per_floor":["M","M","M","?","M","E","$","E","T","?","?","M","R","M","R"],"character_chosen":"THE_SILENT","items_purchased":["Omamori"],"gold_per_floor":[142,160,178,178,188,216,68,101,101,101,101,112,112,126,126,126],"floor_reached":16,"campfire_rested":2,"playtime":742,"current_hp_per_floor":[75,75,75,75,75,59,59,36,36,21,21,15,37,37,59,0],"items_purged":[],"gold":126,"score":140,"play_id":"207c3b92-43cb-4b6e-ac81-b199bc0407f6","local_time":"20180330234723","is_prod":false,"is_daily":false,"is_ascension_mode":true,"campfire_upgraded":0,"timestamp":1522442843,"path_taken":["M","?","M","?","?","E","?","E","T","?","?","?","R","M","R","BOSS"],"build_version":"2018-03-29","purchased_purges":0,"victory":false,"master_deck":["Defend_G","Defend_G","Defend_G","Defend_G","Defend_G","Strike_G+1","Strike_G","Strike_G","Strike_G","Strike_G+1","Survivor","Neutralize+1","Cloak And Dagger","Quick Slash","Backstab","Reflex","Infinite Blades+1","Accuracy","Cloak And Dagger","Infinite Blades"],"max_hp_per_floor":[75,75,75,75,75,75,75,75,75,75,75,75,75,75,75,75],"relics":["Tiny House","Lantern","Omamori","Oddly Smooth Stone","Ginger"],"card_choices":[{"not_picked":["Flechettes","Distraction"],"picked":"Cloak And Dagger","floor":0},{"not_picked":["Heel Hook","Acrobatics"],"picked":"Quick Slash","floor":1},{"not_picked":["Catalyst","Prepared"],"picked":"Backstab","floor":2},{"not_picked":["Expertise","Poisoned Stab"],"picked":"Reflex","floor":3},{"not_picked":["Quick Slash","Underhanded Strike"],"picked":"Infinite Blades","floor":5},{"not_picked":["Deflect","Concentrate"],"picked":"Accuracy","floor":6},{"not_picked":["Blur","Reflex"],"picked":"Cloak And Dagger","floor":12},{"not_picked":["Quick Slash","Accuracy"],"picked":"Infinite Blades","floor":14}],"player_experience":173330,"potions_floor_usage":[8,8,12],"damage_taken":[{"damage":0,"enemies":"Cultist","floor":1,"turns":4},{"damage":0,"enemies":"Jaw Worm","floor":2,"turns":3},{"damage":0,"enemies":"2 Louse","floor":3,"turns":2},{"damage":0,"enemies":"Red Slaver","floor":5,"turns":4},{"damage":16,"enemies":"3 Sentries","floor":6,"turns":8},{"damage":29,"enemies":"Lagavulin","floor":8,"turns":6},{"damage":6,"enemies":"Lots of Slimes","floor":12,"turns":2},{"damage":0,"enemies":"Large Slime","floor":14,"turns":4},{"damage":60,"enemies":"The Guardian","floor":16,"turns":13}],"event_choices":[{"event_name":"The Woman in Blue","player_choice":"Bought 0 Potions","floor":4,"damage_taken":0},{"event_name":"Shining Light","player_choice":"Entered Light","floor":10,"damage_taken":0},{"event_name":"Living Wall","player_choice":"Grow","floor":11,"damage_taken":0}],"boss_relics":[],"potions_floor_spawned":[1,2,5,6],"seed_played":"9043616398459951012","killed_by":"The Guardian","ascension_level":5,"is_trial":false}