{"path_per_floor":["M","?","?","M","?","R","E","M","T","T","?","E","$","E","R","B",null,"M","?","M","M","$","R","E","R","T","E","?","$","M","?","R","B",null,"M","M","?","$","?","?","R","?","T","?","?","E","R","$","R","B"],"character_chosen":"THE_SILENT","items_purchased":["Juzu Bracelet","Poisoned Stab","Membership Card","Backflip","Centennial Puzzle","Ancient Tea Set","Noxious Fumes","Underhanded Strike"],"gold_per_floor":[119,119,119,133,133,133,163,173,244,244,244,269,99,125,125,228,228,240,240,254,264,40,40,72,72,72,107,107,47,62,62,62,165,165,181,199,449,9,9,0,0,0,0,0,0,30,30,12,12,12],"floor_reached":51,"campfire_rested":3,"playtime":2855,"current_hp_per_floor":[69,62,48,44,44,65,47,47,47,47,47,36,36,47,47,47,70,52,52,43,43,43,43,40,40,40,41,41,41,41,28,50,38,75,61,47,47,47,47,47,47,47,47,66,66,43,43,43,65,35],"items_purged":["Clumsy","Regret"],"gold":12,"score":709,"play_id":"d03a7129-c198-41a8-83c2-6a3058f3778b","is_prod":false,"is_daily":false,"is_ascension_mode":true,"campfire_upgraded":1,"path_taken":["M","?","?","?","?","R","E","M","T","?","?","E","$","E","R","BOSS","M","?","M","M","$","R","E","R","T","E","?","$","M","?","R","BOSS","M","M","?","$","?","?","R","?","T","?","?","E","R","$","R","BOSS"],"build_version":"2018-02-08-BETA1","purchased_purges":3,"victory":true,"master_deck":["Defend_G","Defend_G","Defend_G+1","Defend_G","Strike_G+1","Strike_G+1","Strike_G","Strike_G","Survivor","Neutralize+1","Backflip+1","Deadly Poison","Endless Agony","Footwork+1","Backstab","Poisoned Stab","Adrenaline","Flechettes+1","Predator","Blade Dance","Backflip+1","Escape Plan+1","Malaise+1","Sucker Punch+1","Tools of the Trade+1","Prepared+1","Bouncing Flask","Noxious Fumes+1","Writhe","Underhanded Strike"],"max_hp_per_floor":[70,70,70,70,70,70,70,70,70,70,70,70,70,70,70,70,70,70,70,70,70,70,70,70,70,70,70,70,70,70,75,75,75,75,75,75,75,75,75,75,75,75,75,75,75,75,75,75,75,75],"relics":["Runic Dome","Ginger","Meat on the Bone","Whetstone","Vajra","Juzu Bracelet","Tingsha","Calling Bell","Peace Pipe","Frozen Egg 2","Ornamental Fan","Membership Card","Girya","Frozen Eye","Shuriken","Runic Pyramid","Centennial Puzzle","Ancient Tea Set","Red Mask","Ice Cream","Du-Vu Doll"],"card_choices":[{"not_picked":["Dagger Spray","Calculated Gamble"],"picked":"Backflip"},{"not_picked":["Prepared","Outmaneuver"],"picked":"Deadly Poison"},{"not_picked":["Slice","Deflect"],"picked":"Endless Agony"},{"not_picked":["After Image","Masterful Stab"],"picked":"Footwork"},{"not_picked":["Tactician","Flechettes"],"picked":"Backstab"},{"not_picked":["Leg Sweep","Outmaneuver"],"picked":"Prepared"},{"not_picked":["Phantasmal Killer","Burst"],"picked":"Adrenaline"},{"not_picked":["Escape Plan","Outmaneuver"],"picked":"Flechettes"},{"not_picked":["Quick Slash","Deflect"],"picked":"Predator"},{"not_picked":["Slice","Flying Knee"],"picked":"Blade Dance"},{"not_picked":["Crippling Poison","Bane"],"picked":"Escape Plan"},{"not_picked":["Acrobatics","Flechettes"],"picked":"Malaise"},{"not_picked":["Underhanded Strike","Backstab"],"picked":"Sucker Punch"},{"not_picked":["Tactician","Die Die Die"],"picked":"Tools of the Trade"},{"not_picked":["Flechettes","Crippling Poison"],"picked":"Prepared"},{"not_picked":["Slice","Quick Slash"],"picked":"Bouncing Flask"}],"player_experience":83431,"potions_floor_usage":[12,14,16,36,36,50,50,50],"damage_taken":[{"damage":1,"enemies":"Jaw Worm","floor":1,"turns":5},{"damage":4,"enemies":"2 Louse","floor":4,"turns":2},{"damage":18,"enemies":"Gremlin Nob","floor":7,"turns":5},{"damage":0,"enemies":"Small Slimes","floor":8,"turns":4},{"damage":11,"enemies":"3 Sentries","floor":12,"turns":11},{"damage":1,"enemies":"Gremlin Nob","floor":14,"turns":4},{"damage":0,"enemies":"Slime Boss","floor":16,"turns":8},{"damage":18,"enemies":"2 Thieves","floor":18,"turns":5},{"damage":9,"enemies":"3 Byrds","floor":20,"turns":6},{"damage":0,"enemies":"Snake Plant","floor":21,"turns":4},{"damage":15,"enemies":"Book of Stabbing","floor":24,"turns":7},{"damage":11,"enemies":"Gremlin Leader","floor":27,"turns":7},{"damage":0,"enemies":"Sentry and Sphere","floor":30,"turns":4},{"damage":24,"enemies":"Automaton","floor":33,"turns":9},{"damage":14,"enemies":"Orb Walker","floor":35,"turns":4},{"damage":23,"enemies":"3 Shapes","floor":36,"turns":5},{"damage":23,"enemies":"2 Orb Walkers","floor":46,"turns":4},{"damage":42,"enemies":"Awakened One","floor":50,"turns":12}],"event_choices":[{"event_name":"Golden Wing","player_choice":"Card Removal","floor":2,"damage_taken":0},{"event_name":"Shining Light","player_choice":"Entered Light","floor":3,"damage_taken":0},{"event_name":"Bonfire Elementals","player_choice":"BASIC","floor":5,"damage_taken":0},{"event_name":"Living Wall","player_choice":"Grow","floor":11,"damage_taken":0},{"event_name":"Back to Basics","player_choice":"Elegance","floor":19,"damage_taken":0},{"event_name":"Upgrade Shrine","player_choice":"Upgraded","floor":28,"damage_taken":0},{"event_name":"Forgotten Altar","player_choice":"Shed Blood","floor":31,"damage_taken":0},{"event_name":"Golden Shrine","player_choice":"Desecrate","floor":37,"damage_taken":0},{"event_name":"Tomb of Lord Red Mask","player_choice":"Paid","floor":40,"damage_taken":0},{"event_name":"Mysterious Sphere","player_choice":"Ignore","floor":42,"damage_taken":0},{"event_name":"Winding Halls","player_choice":"Writhe","floor":44,"damage_taken":0},{"event_name":"The Lab","player_choice":"Got Potions","floor":45,"damage_taken":0}],"boss_relics":[{"not_picked":["Eternal Feather","Astrolabe"],"picked":"Calling Bell"},{"not_picked":["White Beast Statue","Orrery"],"picked":"Runic Pyramid"}],"potions_floor_spawned":[4,8,12,24,30,33,35,46],"seed_played":"-4057491057278404827","ascension_level":3,"is_trial":false}