{"path_per_floor":["M","M","?","$","?","E","R","E","T","M","T","$","R","?","R","B",null,"M","?","$","?","?","E","M","?","T","$","M","R","$","?","R","B",null,"M","?","M","$","M"],"character_chosen":"THE_SILENT","items_purchased":["Well Laid Plans","Regen Potion","Noxious Fumes","Bouncing Flask","Deflect","Deflect","Deadly Poison"],"gold_per_floor":[118,131,306,104,179,207,207,240,240,253,253,40,40,40,40,145,145,158,83,35,35,35,69,55,55,105,105,120,120,73,73,73,170,170,181,181,199,151,162],"floor_reached":40,"campfire_rested":3,"playtime":2543,"current_hp_per_floor":[68,66,66,66,55,54,54,12,12,11,11,11,32,18,39,18,70,69,69,69,69,69,57,50,50,50,50,42,42,42,29,51,28,75,74,74,51,51,42],"items_purged":["Doubt","Strike_G"],"gold":162,"score":384,"play_id":"01106f1f-b195-41c3-8a00-5a040d98e69e","is_prod":false,"is_daily":false,"is_ascension_mode":false,"campfire_upgraded":2,"path_taken":["M","?","?","$","?","E","R","E","T","M","?","$","R","?","R","BOSS","M","?","$","?","?","E","M","?","T","$","?","R","?","?","R","BOSS","M","?","M","$","?","E"],"build_version":"2018-02-22-PROD1","purchased_purges":2,"victory":false,"master_deck":["Survivor","Neutralize+1","Deflect","Flying Knee","Outmaneuver","Slice","Deflect","Noxious Fumes","Bouncing Flask","Adrenaline+1","Backflip","Deflect","Bouncing Flask","Bane","Deflect","Deflect","Glass Knife","Quick Slash","Bane","Backstab","Dodge and Roll","Prepared","Crippling Poison","Poisoned Stab","Slice","Footwork","Footwork","Deadly Poison","Footwork+1"],"max_hp_per_floor":[70,70,70,70,70,70,70,70,70,70,70,70,70,70,70,70,70,70,70,70,70,70,70,70,70,70,70,70,70,70,75,75,75,75,75,75,75,75,75],"relics":["Ring of the Snake","Art of War","Darkstone Periapt","Dead Branch","Torii","Runic Pyramid","Pen Nib","Bag of Preparation","Pandora\u0027s Box"],"card_choices":[{"not_picked":["Backstab","PiercingWail"],"picked":"Deflect"},{"not_picked":["Prepared","Quick Slash"],"picked":"Flying Knee"},{"not_picked":["Riddle With Holes","Dodge and Roll"],"picked":"Outmaneuver"},{"not_picked":["Bane","Bullet Time"],"picked":"Slice"},{"not_picked":["Eviscerate","Riddle With Holes"],"picked":"Deflect"},{"not_picked":["Burst","A Thousand Cuts"],"picked":"Adrenaline"},{"not_picked":["Underhanded Strike","Quick Slash"],"picked":"Backflip"},{"not_picked":["Caltrops","Riddle With Holes"],"picked":"Bouncing Flask"},{"not_picked":["Infinite Blades","Eviscerate"],"picked":"Bane"},{"not_picked":["Prepared","Flying Knee"],"picked":"Deflect"},{"not_picked":["Phantasmal Killer","Tactician"],"picked":"Glass Knife"},{"not_picked":["PiercingWail","Blade Dance"],"picked":"Slice"},{"not_picked":["Prepared","Slice"],"picked":"Footwork"},{"not_picked":["Infinite Blades","Dagger Throw"],"picked":"Footwork"}],"player_experience":101385,"potions_floor_usage":[6,6,16,16,23,33,39,40],"damage_taken":[{"damage":2,"enemies":"Cultist","floor":1,"turns":4},{"damage":2,"enemies":"Small Slimes","floor":2,"turns":4},{"damage":16,"enemies":"3 Sentries","floor":6,"turns":12},{"damage":42,"enemies":"Gremlin Nob","floor":8,"turns":6},{"damage":1,"enemies":"Jaw Worm","floor":10,"turns":4},{"damage":21,"enemies":"Slime Boss","floor":16,"turns":12},{"damage":1,"enemies":"Spheric Guardian","floor":18,"turns":4},{"damage":12,"enemies":"Book of Stabbing","floor":23,"turns":7},{"damage":7,"enemies":"2 Thieves","floor":24,"turns":4},{"damage":8,"enemies":"Centurion and Healer","floor":28,"turns":7},{"damage":23,"enemies":"Automaton","floor":33,"turns":12},{"damage":1,"enemies":"Orb Walker","floor":35,"turns":3},{"damage":23,"enemies":"3 Darklings","floor":37,"turns":11},{"damage":9,"enemies":"Maw","floor":39,"turns":8},{"damage":58,"enemies":"2 Orb Walkers","floor":40,"turns":6}],"event_choices":[{"event_name":"Liars Game","player_choice":"agreed","floor":3,"damage_taken":0},{"event_name":"World of Goop","player_choice":"Gather Gold","floor":5,"damage_taken":0},{"event_name":"Shining Light","player_choice":"Entered Light","floor":14,"damage_taken":0},{"event_name":"Beggar","player_choice":"Gave Gold","floor":19,"damage_taken":0},{"event_name":"Back to Basics","player_choice":"Simplicity","floor":21,"damage_taken":0},{"event_name":"Addict","player_choice":"Ignored","floor":22,"damage_taken":0},{"event_name":"Purifier","player_choice":"One Purge","floor":25,"damage_taken":0},{"event_name":"Forgotten Altar","player_choice":"Shed Blood","floor":31,"damage_taken":0},{"event_name":"Transmorgrifier","player_choice":"Transform","floor":36,"damage_taken":0}],"boss_relics":[{"not_picked":["Runic Dome","Snecko Eye"],"picked":"Runic Pyramid"},{"not_picked":["Tiny House","Orrery"],"picked":"Pandora\u0027s Box"}],"potions_floor_spawned":[1,8,10,18,28,33,39],"seed_played":"-1580796245177292920","killed_by":"2 Orb Walkers","ascension_level":0,"is_trial":false}