{"gold_per_floor":[12,12,23,23,40,40,75,92,145,145,176,176,102,67,67,170,170,180,180,191,151,151,151,151,151,151,3,3,29,47,47,47,47],"floor_reached":33,"playtime":1275,"items_purged":[],"score":403,"play_id":"34f5dad2-ee7a-44c7-8833-5010e26ba5a7","local_time":"20181126074350","is_ascension_mode":true,"campfire_choices":[{"floor":6,"key":"RECALL"},{"floor":10,"key":"REST"},{"data":"Chill","floor":15,"key":"SMITH"},{"floor":23,"key":"REST"},{"floor":28,"key":"REST"},{"data":"Dualcast","floor":32,"key":"SMITH"}],"neow_cost":"NO_GOLD","seed_source_timestamp":356962661603835,"circlet_count":0,"master_deck":["Defend_B","Defend_B","Defend_B","Defend_B","Zap+1","Dualcast+1","Ball Lightning","Ball Lightning","Chill+1","FTL","Gash","Beam Cell","Scrape+1","Meteor Strike+1","Defragment+1","Necronomicurse","Beam Cell+1","Gash+1","Go for the Eyes+1","Bite+1","Bite+1","Bite+1","Bite+1","Bite+1"],"relics":["FrozenCore","Ice Cream","Regal Pillow","Juzu Bracelet","Tiny Chest","Molten Egg 2","Necronomicon","FossilizedHelix","DataDisk","Strawberry"],"potions_floor_usage":[7,16,24,24,25],"damage_taken":[{"damage":2,"enemies":"Jaw Worm","floor":1,"turns":3},{"damage":0,"enemies":"Small Slimes","floor":3,"turns":2},{"damage":1,"enemies":"Cultist","floor":5,"turns":3},{"damage":19,"enemies":"Lagavulin","floor":7,"turns":4},{"damage":0,"enemies":"Large Slime","floor":8,"turns":2},{"damage":9,"enemies":"3 Sentries","floor":11,"turns":6},{"damage":18,"enemies":"Slime Boss","floor":16,"turns":7},{"damage":20,"enemies":"2 Thieves","floor":18,"turns":5},{"damage":11,"enemies":"Shell Parasite","floor":20,"turns":4},{"damage":17,"enemies":"Book of Stabbing","floor":24,"turns":5},{"damage":0,"enemies":"Snake Plant","floor":25,"turns":1},{"damage":24,"enemies":"Slavers","floor":29,"turns":5},{"damage":0,"enemies":"Snecko","floor":30,"turns":2},{"damage":62,"enemies":"Automaton","floor":33,"turns":6}],"seed_played":"-8275268124481440439","potions_obtained":[{"floor":1,"key":"Swift Potion"},{"floor":3,"key":"Swift Potion"},{"floor":5,"key":"PowerPotion"},{"floor":20,"key":"Weak Potion"},{"floor":22,"key":"SmokeBomb"},{"floor":22,"key":"SmokeBomb"}],"is_trial":false,"path_per_floor":["M","?","M","?","M","R","E","M","T","R","E","?","$","?","R","B",null,"M","?","M","?","?","R","E","M","T","$","R","E","M","?","R","B"],"character_chosen":"DEFECT","items_purchased":["Scrape+1","DataDisk"],"campfire_rested":3,"item_purchase_floors":[13,27],"current_hp_per_floor":[66,51,51,51,50,50,31,31,31,68,59,59,59,75,75,57,71,51,35,24,24,24,61,44,44,44,44,75,58,58,57,57,0],"gold":47,"neow_bonus":"ONE_RARE_RELIC","is_prod":false,"is_daily":false,"chose_seed":false,"campfire_upgraded":2,"win_rate":0,"timestamp":1543211030,"path_taken":["M","?","M","?","M","R","E","M","T","R","E","?","$","?","R","BOSS","M","?","M","?","?","R","E","M","T","?","R","E","M","?","R","BOSS"],"build_version":"2018-11-15","purchased_purges":0,"victory":false,"max_hp_per_floor":[75,75,75,75,75,75,75,75,75,75,75,75,75,75,75,75,75,75,75,75,75,75,75,75,75,75,75,75,82,82,57,57,57],"card_choices":[{"not_picked":["Chaos","Rebound"],"picked":"Ball Lightning","floor":1},{"not_picked":["Melter","Turbo"],"picked":"Ball Lightning","floor":3},{"not_picked":["Tempest","Lockon"],"picked":"Chill","floor":5},{"not_picked":["Meteor Strike","Reinforced Body"],"picked":"FTL","floor":7},{"not_picked":["Compile Driver","Stack"],"picked":"Gash","floor":8},{"not_picked":["Conserve Battery","Sweeping Beam"],"picked":"Beam Cell","floor":11},{"not_picked":["Fission","Creative AI"],"picked":"Meteor Strike+1","floor":16},{"not_picked":["Glacier","Hologram"],"picked":"Defragment","floor":18},{"not_picked":["Turbo","Leap"],"picked":"Beam Cell+1","floor":20},{"not_picked":["Redo","Rainbow"],"picked":"Gash+1","floor":29},{"not_picked":["Compile Driver+1","Rebound+1"],"picked":"Go for the Eyes+1","floor":30}],"player_experience":338606,"relics_obtained":[{"floor":7,"key":"Juzu Bracelet"},{"floor":9,"key":"Tiny Chest"},{"floor":11,"key":"Molten Egg 2"},{"floor":19,"key":"Necronomicon"},{"floor":26,"key":"FossilizedHelix"},{"floor":29,"key":"Strawberry"}],"event_choices":[{"damage_healed":0,"gold_gain":0,"player_choice":"Entered Light","damage_taken":15,"max_hp_gain":0,"max_hp_loss":0,"event_name":"Shining Light","floor":2,"gold_loss":0,"cards_upgraded":["Zap","Strike_B"]},{"damage_healed":0,"gold_gain":0,"player_choice":"Gave Potion","damage_taken":0,"relics_obtained":["Regal Pillow"],"max_hp_gain":0,"max_hp_loss":0,"event_name":"WeMeetAgain","floor":4,"gold_loss":0},{"damage_healed":0,"gold_gain":0,"player_choice":"Ignored","damage_taken":0,"max_hp_gain":0,"max_hp_loss":0,"event_name":"Golden Wing","floor":12,"gold_loss":0},{"damage_healed":18,"gold_gain":0,"player_choice":"Healed","damage_taken":0,"max_hp_gain":0,"max_hp_loss":0,"event_name":"The Cleric","floor":14,"gold_loss":35},{"damage_healed":0,"gold_gain":0,"player_choice":"Obtained Book","damage_taken":16,"max_hp_gain":0,"max_hp_loss":0,"event_name":"Cursed Tome","floor":19,"gold_loss":0},{"damage_healed":0,"gold_gain":0,"player_choice":"Upgrade","damage_taken":0,"max_hp_gain":0,"max_hp_loss":0,"event_name":"Designer","floor":21,"gold_loss":40,"cards_upgraded":["Defragment"]},{"damage_healed":0,"gold_gain":0,"player_choice":"Got Potions","damage_taken":0,"max_hp_gain":0,"max_hp_loss":0,"event_name":"Lab","floor":22,"gold_loss":0},{"damage_healed":0,"gold_gain":0,"player_choice":"Became a vampire","damage_taken":0,"max_hp_gain":0,"max_hp_loss":25,"event_name":"Vampires","floor":31,"gold_loss":0,"cards_obtained":["Bite","Bite","Bite","Bite","Bite"]}],"is_beta":true,"boss_relics":[{"not_picked":["Astrolabe","Snecko Eye"],"picked":"FrozenCore"}],"items_purged_floors":[],"is_endless":false,"potions_floor_spawned":[1,3,5,20,25],"killed_by":"Automaton","ascension_level":6}