{"gold_per_floor":[116,132,132,152,6,6,33,43,43,43,56,127,127,153,153,248,248,266,266,19,19,32,62,62,90,135,2,35,135,135,135,135,135],"floor_reached":33,"playtime":2201,"items_purged":["Regret"],"score":559,"play_id":"a6f1ddec-2718-495f-8afe-12627eb0d6f8","local_time":"20190209124917","is_ascension_mode":true,"campfire_choices":[{"floor":6,"key":"REST"},{"floor":10,"key":"REST"},{"data":"Neutralize","floor":13,"key":"SMITH"},{"floor":15,"key":"REST"},{"floor":24,"key":"REST"},{"data":"Tools of the Trade","floor":32,"key":"SMITH"}],"neow_cost":"TEN_PERCENT_HP_LOSS","seed_source_timestamp":1590696529652739,"circlet_count":0,"master_deck":["AscendersBane","Defend_G","Defend_G","Defend_G","Defend_G","Defend_G","Survivor","Neutralize+1","Poisoned Stab","Finisher","Flying Knee","Die Die Die","Prepared","Backstab","Tools of the Trade+1","Dagger Throw","Bite","Bite","Bite","Bite","Bite","RitualDagger","Predator","Blade Dance","Die Die Die","PanicButton","Well Laid Plans","PiercingWail","Acrobatics+1","Deflect"],"relics":["Ring of the Snake","Tough Bandages","Pen Nib","Ginger","Mummified Hand","Lantern","Black Star","Gremlin Horn","Dodecahedron","The Courier","Boot","Bag of Marbles","Snake Skull","Darkstone Periapt","Question Card","Tingsha","Matryoshka","Dream Catcher","Pear"],"potions_floor_usage":[14,16,18,25,33],"damage_taken":[{"damage":0,"enemies":"Small Slimes","floor":1,"turns":4},{"damage":4,"enemies":"2 Louse","floor":2,"turns":3},{"damage":12,"enemies":"Jaw Worm","floor":4,"turns":3},{"damage":25,"enemies":"Lagavulin","floor":7,"turns":6},{"damage":2,"enemies":"3 Louse","floor":8,"turns":3},{"damage":3,"enemies":"Looter","floor":11,"turns":2},{"damage":26,"enemies":"Gremlin Nob","floor":14,"turns":5},{"damage":21,"enemies":"Hexaghost","floor":16,"turns":11},{"damage":9,"enemies":"Chosen","floor":18,"turns":5},{"damage":0,"enemies":"2 Thieves","floor":22,"turns":3},{"damage":24,"enemies":"Gremlin Leader","floor":23,"turns":8},{"damage":31,"enemies":"Slavers","floor":25,"turns":5},{"damage":0,"enemies":"Gremlin Leader","floor":28,"turns":2},{"damage":2,"enemies":"Colosseum Slavers","floor":29,"turns":2},{"damage":1,"enemies":"Colosseum Nobs","floor":29,"turns":2},{"damage":62,"enemies":"Champ","floor":33,"turns":8}],"seed_played":"2623047907738529386","potions_obtained":[{"floor":8,"key":"Explosive Potion"},{"floor":14,"key":"Block Potion"},{"floor":16,"key":"LiquidBronze"},{"floor":22,"key":"Ancient Potion"},{"floor":29,"key":"GamblersBrew"}],"is_trial":false,"path_per_floor":["M","M","?","M","$","R","E","M","T","R","M","?","R","E","R","B",null,"M","?","$","?","M","E","R","E","T","$","E","?","T","?","R","B"],"character_chosen":"THE_SILENT","items_purchased":["Regen Potion","Gremlin Horn","PanicButton","Well Laid Plans"],"campfire_rested":4,"item_purchase_floors":[5,20,27,27],"current_hp_per_floor":[63,59,59,47,47,63,38,36,36,54,51,51,51,39,57,36,56,47,44,44,38,44,31,44,21,21,21,27,36,46,46,46,0],"gold":135,"neow_bonus":"ONE_RARE_RELIC","is_prod":false,"is_daily":false,"chose_seed":false,"campfire_upgraded":2,"win_rate":0,"timestamp":1549709357,"path_taken":["M","M","?","M","$","R","E","M","T","R","M","?","R","E","R","BOSS","M","?","$","?","M","E","R","E","T","$","E","?","?","?","R","BOSS"],"build_version":"2019-02-06","purchased_purges":1,"victory":false,"max_hp_per_floor":[63,63,63,63,63,63,63,63,63,63,63,63,63,63,63,63,63,63,44,44,44,44,44,44,44,44,44,44,44,54,54,54,54],"card_choices":[{"not_picked":["Dodge and Roll","Sucker Punch"],"picked":"Poisoned Stab","floor":1},{"not_picked":["Acrobatics","Blade Dance"],"picked":"Finisher","floor":2},{"not_picked":["Outmaneuver","Backflip"],"picked":"Flying Knee","floor":4},{"not_picked":["Poisoned Stab","Outmaneuver"],"picked":"Die Die Die","floor":7},{"not_picked":["Dodge and Roll","Sucker Punch"],"picked":"Prepared","floor":8},{"not_picked":["Dash","Prepared"],"picked":"Backstab","floor":11},{"not_picked":["Dodge and Roll","Flying Knee"],"picked":"Tools of the Trade","floor":14},{"not_picked":["A Thousand Cuts","Night Terror"],"picked":"Storm of Steel","floor":16},{"not_picked":["Acrobatics","Deadly Poison"],"picked":"Dagger Throw","floor":18},{"not_picked":["Caltrops","Quick Slash"],"picked":"Predator","floor":22},{"not_picked":["Deflect","PiercingWail"],"picked":"Blade Dance","floor":23},{"not_picked":["Sucker Punch","Masterful Stab+1"],"picked":"Die Die Die","floor":25},{"not_picked":["Bullet Time","Poisoned Stab"],"picked":"PiercingWail","floor":28},{"not_picked":["Prepared","Flying Knee","Quick Slash"],"picked":"Acrobatics+1","floor":29}],"player_experience":448057,"relics_obtained":[{"floor":7,"key":"Ginger"},{"floor":9,"key":"Mummified Hand"},{"floor":14,"key":"Lantern"},{"floor":23,"key":"Dodecahedron"},{"floor":23,"key":"The Courier"},{"floor":25,"key":"Boot"},{"floor":25,"key":"Bag of Marbles"},{"floor":26,"key":"Snake Skull"},{"floor":28,"key":"Darkstone Periapt"},{"floor":28,"key":"Question Card"},{"floor":29,"key":"Tingsha"},{"floor":29,"key":"Matryoshka"},{"floor":30,"key":"Dream Catcher"},{"floor":30,"key":"Pear"}],"event_choices":[{"damage_healed":0,"gold_gain":0,"player_choice":"Box","damage_taken":0,"relics_obtained":["Pen Nib"],"max_hp_gain":0,"max_hp_loss":0,"event_name":"Big Fish","floor":3,"gold_loss":0,"cards_obtained":["Regret"]},{"damage_healed":0,"gold_gain":71,"player_choice":"Gained Gold","damage_taken":0,"max_hp_gain":0,"max_hp_loss":0,"event_name":"Golden Wing","floor":12,"gold_loss":0},{"damage_healed":0,"gold_gain":0,"player_choice":"Became a vampire","damage_taken":0,"max_hp_gain":0,"max_hp_loss":19,"event_name":"Vampires","floor":19,"gold_loss":0,"cards_obtained":["Bite","Bite","Bite","Bite","Bite"]},{"damage_healed":0,"gold_gain":0,"player_choice":"Joined the Cult","damage_taken":6,"max_hp_gain":0,"max_hp_loss":0,"event_name":"Nest","floor":21,"gold_loss":0,"cards_obtained":["RitualDagger"]},{"damage_healed":0,"gold_gain":0,"player_choice":"Fight","damage_taken":0,"max_hp_gain":0,"max_hp_loss":0,"event_name":"Colosseum","floor":29,"gold_loss":0},{"damage_healed":0,"gold_gain":0,"player_choice":"Fought Nobs","damage_taken":0,"max_hp_gain":0,"max_hp_loss":0,"event_name":"Colosseum","floor":29,"gold_loss":0},{"damage_healed":0,"gold_gain":0,"cards_transformed":["Storm of Steel"],"player_choice":"Transformed","damage_taken":0,"max_hp_gain":0,"max_hp_loss":0,"event_name":"Transmorgrifier","floor":31,"gold_loss":0,"cards_obtained":["Deflect"]}],"is_beta":true,"boss_relics":[{"not_picked":["Calling Bell","Runic Dome"],"picked":"Black Star"}],"items_purged_floors":[5],"is_endless":false,"potions_floor_spawned":[8,14,16,22,29,29],"killed_by":"Champ","ascension_level":12}