{"gold_per_floor":[116,135,135,150,49,49,68,95,95,95,115,126,80,98,98,195,195,209,209,222,237,248,261,137,137,137,149,149,160,160,172,172,267,267,282,111,124,135,135,135,135,154,154,171,186,186,205,220,220,220],"floor_reached":51,"playtime":7847,"items_purged":["Clash"],"score":636,"play_id":"4a33b9aa-686f-464d-adcf-ce02d5940a48","local_time":"20190521195258","is_ascension_mode":false,"campfire_choices":[{"data":"Iron Wave","floor":6.0,"key":"SMITH"},{"data":"Searing Blow","floor":10.0,"key":"SMITH"},{"data":"Searing Blow+1","floor":15.0,"key":"SMITH"},{"floor":25.0,"key":"REST"},{"floor":28.0,"key":"REST"},{"data":"Iron Wave","floor":30.0,"key":"SMITH"},{"data":"Armaments","floor":32.0,"key":"SMITH"},{"data":"Searing Blow+2","floor":40.0,"key":"SMITH"},{"floor":46,"key":"REST"},{"floor":49,"key":"REST"}],"neow_cost":"","seed_source_timestamp":0,"circlet_count":0,"master_deck":["Strike_R","Strike_R","Strike_R","Strike_R","Strike_R+1","Defend_R","Defend_R","Defend_R","Defend_R","Bash+1","Double Tap","Searing Blow+3","Iron Wave+1","Clash","Iron Wave+1","Inflame","Perfected Strike","Juggernaut","Clothesline+1","Perfected Strike","Armaments+1","Carnage","Shockwave+1","Perfected Strike+1","Pommel Strike+1","Reaper","Armaments+1","Thunderclap","Disarm","Writhe","Sword Boomerang+1","Shrug It Off","Uppercut+1","Metallicize+1","Pommel Strike"],"special_seed":0,"relics":["Burning Blood","Pantograph","Gremlin Horn","Snecko Eye","Lantern","Lizard Tail","Centennial Puzzle","Sundial"],"potions_floor_usage":[45,45,48,48,50],"damage_taken":[{"damage":0.0,"enemies":"Small Slimes","floor":1.0,"turns":4.0},{"damage":1.0,"enemies":"2 Louse","floor":2.0,"turns":3.0},{"damage":0.0,"enemies":"Cultist","floor":4.0,"turns":3.0},{"damage":1.0,"enemies":"Red Slaver","floor":7.0,"turns":3.0},{"damage":13.0,"enemies":"Lagavulin","floor":8.0,"turns":5.0},{"damage":0.0,"enemies":"Looter","floor":11.0,"turns":3.0},{"damage":3.0,"enemies":"Large Slime","floor":12.0,"turns":4.0},{"damage":0.0,"enemies":"Exordium Wildlife","floor":14.0,"turns":2.0},{"damage":42.0,"enemies":"The Guardian","floor":16.0,"turns":10.0},{"damage":25.0,"enemies":"Shell Parasite","floor":18.0,"turns":5.0},{"damage":10.0,"enemies":"Spheric Guardian","floor":20.0,"turns":3.0},{"damage":35.0,"enemies":"Shelled Parasite and Fungi","floor":21.0,"turns":4.0},{"damage":23.0,"enemies":"Cultist and Chosen","floor":22.0,"turns":6.0},{"damage":9.0,"enemies":"Centurion and Healer","floor":23.0,"turns":5.0},{"damage":19.0,"enemies":"Shelled Parasite and Fungi","floor":27.0,"turns":4.0},{"damage":5.0,"enemies":"Snake Plant","floor":29.0,"turns":2.0},{"damage":0.0,"enemies":"Centurion and Healer","floor":31.0,"turns":3.0},{"damage":9.0,"enemies":"Champ","floor":33.0,"turns":8.0},{"damage":23.0,"enemies":"3 Darklings","floor":35.0,"turns":4.0},{"damage":7.0,"enemies":"Orb Walker","floor":37.0,"turns":3.0},{"damage":20.0,"enemies":"Writhing Mass","floor":38.0,"turns":4.0},{"damage":0.0,"enemies":"Jaw Worm Horde","floor":42.0,"turns":3.0},{"damage":32,"enemies":"Spire Growth","floor":44,"turns":4},{"damage":39,"enemies":"Writhing Mass","floor":45,"turns":5},{"damage":24,"enemies":"4 Shapes","floor":47,"turns":3},{"damage":16,"enemies":"Jaw Worm Horde","floor":48,"turns":3},{"damage":69,"enemies":"Awakened One","floor":50,"turns":10}],"seed_played":"1818936355664784107","potions_obtained":[{"floor":7.0,"key":"Weak Potion"},{"floor":12.0,"key":"Ancient Potion"},{"floor":14.0,"key":"SpeedPotion"},{"floor":20.0,"key":"SteroidPotion"},{"floor":27.0,"key":"LiquidBronze"},{"floor":29.0,"key":"SpeedPotion"},{"floor":33.0,"key":"FearPotion"},{"floor":38.0,"key":"BloodPotion"},{"floor":44,"key":"SkillPotion"},{"floor":45,"key":"SkillPotion"},{"floor":48,"key":"Energy Potion"}],"is_trial":false,"path_per_floor":["M","M","?","M","$","R","M","E","T","R","M","M","$","M","R","B",null,"M","?","M","M","M","M","$","R","T","M","R","M","R","M","R","B",null,"M","$","M","M","?","R","?","M","T","M","M","R","M","M","R","B",null],"character_chosen":"IRONCLAD","items_purchased":["Iron Wave","Energy Potion","Perfected Strike","Block Potion","Thunderclap","Centennial Puzzle"],"campfire_rested":4,"item_purchase_floors":[5,5,13,24,36,36],"current_hp_per_floor":[80,80,64,70,70,70,75,68,68,68,74,77,77,80,80,44,80,61,61,57,28,11,8,8,32,32,19,43,44,44,50,50,72,80,63,63,62,48,48,48,68,80,80,54,29,53,35,25,49,18],"gold":220,"neow_bonus":"","is_prod":false,"is_daily":false,"chose_seed":false,"campfire_upgraded":6,"win_rate":0.0,"timestamp":1558493578,"path_taken":["M","M","?","M","$","R","M","E","T","R","M","M","$","M","R","BOSS","M","?","M","M","M","M","$","R","T","M","R","M","R","M","R","BOSS","M","?","?","M","?","R","?","M","T","M","M","R","M","M","R","BOSS"],"build_version":"2019-01-23","purchased_purges":1,"victory":true,"max_hp_per_floor":[80,80,80,80,80,80,80,80,80,80,80,80,80,80,80,80,80,80,80,80,80,80,80,80,80,80,80,80,80,80,80,80,80,80,80,80,80,80,80,80,80,80,80,80,80,80,80,80,80,80],"card_choices":[{"not_picked":["Armaments","Cleave"],"picked":"Anger","floor":1.0},{"not_picked":["Cleave","Sword Boomerang"],"picked":"Double Tap","floor":2.0},{"not_picked":["Twin Strike","Shrug It Off"],"picked":"Searing Blow","floor":4.0},{"not_picked":["Pummel","Pommel Strike"],"picked":"Clash","floor":7.0},{"not_picked":["Shrug It Off","Feel No Pain"],"picked":"Iron Wave","floor":8.0},{"not_picked":["Second Wind","Fiend Fire"],"picked":"Clash","floor":11.0},{"not_picked":["Seeing Red","Body Slam"],"picked":"Inflame","floor":12.0},{"not_picked":["Feel No Pain","Seeing Red"],"picked":"Clash","floor":14.0},{"not_picked":["Fiend Fire","Bludgeon"],"picked":"Juggernaut","floor":16.0},{"not_picked":["Cleave","Clash"],"picked":"Clothesline+1","floor":18.0},{"not_picked":["Clash","Pommel Strike"],"picked":"Perfected Strike","floor":20.0},{"not_picked":["Disarm","Warcry"],"picked":"Armaments","floor":21.0},{"not_picked":["Body Slam","Feel No Pain","Twin Strike"],"picked":"SKIP","floor":22.0},{"not_picked":["Pommel Strike","Inflame"],"picked":"Carnage","floor":23.0},{"not_picked":["Shrug It Off+1","Pommel Strike+1"],"picked":"Shockwave+1","floor":27.0},{"not_picked":["Dual Wield","Carnage"],"picked":"Perfected Strike+1","floor":29.0},{"not_picked":["Flex+1","Carnage"],"picked":"Pommel Strike+1","floor":31.0},{"not_picked":["Feed","Juggernaut"],"picked":"Reaper","floor":33.0},{"not_picked":["Iron Wave","Anger+1"],"picked":"Armaments+1","floor":35.0},{"not_picked":["Flex","Blood for Blood","Reckless Charge+1"],"picked":"SKIP","floor":37.0},{"not_picked":["Second Wind","Cleave"],"picked":"Disarm","floor":38.0},{"not_picked":["Berserk","Anger+1"],"picked":"Sword Boomerang+1","floor":42.0},{"not_picked":["Perfected Strike","Cleave"],"picked":"Shrug It Off","floor":44},{"not_picked":["Shrug It Off+1","Power Through"],"picked":"Uppercut+1","floor":45},{"not_picked":["Inflame+1","Fire Breathing"],"picked":"Metallicize+1","floor":47},{"not_picked":["True Grit","Corruption"],"picked":"Pommel Strike","floor":48}],"player_experience":0,"relics_obtained":[{"floor":8.0,"key":"Pantograph"},{"floor":9.0,"key":"Gremlin Horn"},{"floor":26.0,"key":"Lantern"},{"floor":43,"key":"Sundial"}],"event_choices":[{"damage_healed":0.0,"max_hp_gain":0.0,"max_hp_loss":0.0,"gold_gain":0.0,"event_name":"Shining Light","player_choice":"Entered Light","floor":3.0,"gold_loss":0.0,"damage_taken":16.0,"cards_upgraded":["Bash","Strike_R"]},{"cards_removed":["Anger"],"damage_healed":0.0,"max_hp_gain":0.0,"max_hp_loss":0.0,"gold_gain":0.0,"event_name":"Purifier","player_choice":"Purged","floor":19.0,"gold_loss":0.0,"damage_taken":0.0},{"cards_removed":["Clash"],"damage_healed":0.0,"max_hp_gain":0.0,"max_hp_loss":0.0,"gold_gain":0.0,"event_name":"Falling","player_choice":"Removed Attack","floor":39.0,"gold_loss":0.0,"damage_taken":0.0},{"damage_healed":20.0,"max_hp_gain":0.0,"max_hp_loss":0.0,"gold_gain":0.0,"event_name":"Winding Halls","player_choice":"Writhe","floor":41.0,"gold_loss":0.0,"damage_taken":0.0,"cards_obtained":["Writhe"]}],"is_beta":false,"boss_relics":[{"not_picked":["Calling Bell","Sozu"],"picked":"Snecko Eye"},{"not_picked":["Orrery","Busted Crown"],"picked":"Lizard Tail"}],"items_purged_floors":[24],"is_endless":false,"potions_floor_spawned":[7,12,14,20,27,29,33,38,44,45,48],"ascension_level":0}