{"gold_per_floor":[109,120,139,156,170,170,170,200,200,200,200,200,217,64,64,165,165,179,190,190],"floor_reached":20,"playtime":1115,"items_purged":[],"score":211,"play_id":"ee3c1a80-e763-445d-98cd-dee9e23bf1e3","local_time":"20190317184741","is_ascension_mode":true,"campfire_choices":[{"data":"Fission","floor":6,"key":"SMITH"},{"data":"Zap","floor":10,"key":"SMITH"},{"data":"Tempest","floor":12,"key":"SMITH"},{"floor":15,"key":"REST"}],"neow_cost":"PERCENT_DAMAGE","seed_source_timestamp":101130730740566,"circlet_count":0,"master_deck":["Strike_B","Strike_B","Strike_B","Defend_B","Defend_B","Defend_B","Defend_B","Zap+1","Dualcast","Tempest+1","Fusion","Conserve Battery","Ball Lightning","Fission+1","Redo","Redo","Biased Cognition"],"relics":["Cracked Core","Turnip","Matryoshka","Blood Vial","Shuriken","Cables","Regal Pillow","Black Star"],"potions_floor_usage":[4,8,8,18],"damage_taken":[{"damage":7,"enemies":"Jaw Worm","floor":1,"turns":3},{"damage":3,"enemies":"2 Louse","floor":2,"turns":2},{"damage":0,"enemies":"Cultist","floor":3,"turns":4},{"damage":0,"enemies":"Exordium Wildlife","floor":4,"turns":3},{"damage":17,"enemies":"Lots of Slimes","floor":5,"turns":4},{"damage":5,"enemies":"3 Sentries","floor":8,"turns":8},{"damage":0,"enemies":"Exordium Thugs","floor":13,"turns":3},{"damage":26,"enemies":"Slime Boss","floor":16,"turns":8},{"damage":0,"enemies":"Shell Parasite","floor":18,"turns":2},{"damage":35,"enemies":"2 Thieves","floor":19,"turns":4},{"damage":32,"enemies":"Centurion and Healer","floor":20,"turns":5}],"seed_played":"-4004910935004867816","potions_obtained":[{"floor":2,"key":"SpeedPotion"},{"floor":3,"key":"Regen Potion"},{"floor":4,"key":"PowerPotion"},{"floor":5,"key":"SneckoOil"}],"is_trial":false,"path_per_floor":["M","M","M","M","M","R","?","E","T","R","?","R","M","$","R","B",null,"M","M","M"],"character_chosen":"DEFECT","items_purchased":["Regal Pillow"],"campfire_rested":1,"item_purchase_floors":[14],"current_hp_per_floor":[47,44,44,53,36,36,24,19,19,19,19,19,21,21,58,34,75,75,40,10],"gold":190,"neow_bonus":"ONE_RARE_RELIC","is_prod":false,"is_daily":false,"chose_seed":false,"campfire_upgraded":3,"win_rate":0,"timestamp":1552873661,"path_taken":["M","M","M","M","M","R","?","E","T","R","?","R","M","$","R","BOSS","M","M","M"],"build_version":"2019-01-23","purchased_purges":0,"victory":false,"max_hp_per_floor":[75,75,75,75,75,75,75,75,75,75,75,75,75,75,75,75,75,75,75,75],"card_choices":[{"not_picked":["Turbo","Reprogram"],"picked":"Tempest","floor":1},{"not_picked":["Rebound","Steam"],"picked":"Fusion","floor":2},{"not_picked":["Beam Cell","Streamline"],"picked":"Conserve Battery","floor":3},{"not_picked":["Steam","Cold Snap"],"picked":"Ball Lightning","floor":4},{"not_picked":["Go for the Eyes","Redo"],"picked":"Fission","floor":5},{"not_picked":["Sweeping Beam","Hologram"],"picked":"Redo","floor":8},{"not_picked":["Go for the Eyes","Sweeping Beam"],"picked":"Redo","floor":13},{"not_picked":["Meteor Strike","Hyperbeam"],"picked":"Biased Cognition","floor":16},{"not_picked":["Steam Power","Beam Cell","Rebound"],"picked":"SKIP","floor":18},{"not_picked":["Coolheaded","Gash","Streamline"],"picked":"SKIP","floor":19}],"player_experience":192855,"relics_obtained":[{"floor":8,"key":"Blood Vial"},{"floor":9,"key":"Shuriken"},{"floor":9,"key":"Cables"}],"event_choices":[{"damage_healed":0,"gold_gain":0,"player_choice":"Success","damage_taken":12,"relics_obtained":["Matryoshka"],"max_hp_gain":0,"max_hp_loss":0,"event_name":"Scrap Ooze","floor":7,"gold_loss":0},{"cards_removed":["Strike_B"],"damage_healed":0,"gold_gain":0,"player_choice":"Purged","damage_taken":0,"max_hp_gain":0,"max_hp_loss":0,"event_name":"Purifier","floor":11,"gold_loss":0}],"is_beta":false,"boss_relics":[{"not_picked":["Eternal Feather","Velvet Choker"],"picked":"Black Star"}],"items_purged_floors":[],"is_endless":false,"potions_floor_spawned":[2,3,4,5],"killed_by":"Centurion and Healer","ascension_level":4}