{"path_per_floor":["M","M","?","M","M","R","M","M","T","M","M","R","M","?","R","B",null,"M","M","$","M","?","R"],"character_chosen":"IRONCLAD","items_purchased":["Spot Weakness+1","Bottled Flame","Rupture","Sword Boomerang"],"gold_per_floor":[117,129,204,223,238,238,253,263,263,274,290,290,300,300,300,399,399,419,433,15,35,35,35,35],"floor_reached":24,"campfire_rested":0,"playtime":2193,"item_purchase_floors":[20,20,20,20],"current_hp_per_floor":[80,80,69,73,69,69,74,71,71,77,78,78,73,73,73,14,80,69,46,46,35,35,35,0],"items_purged":[],"gold":35,"score":194,"play_id":"eff6d310-0ae4-41fe-b8c3-7436dc2b1900","local_time":"20180603015920","is_prod":false,"is_daily":false,"chose_seed":false,"is_ascension_mode":false,"campfire_upgraded":4,"win_rate":0.0,"timestamp":1527983960,"campfire_choices":[{"data":"Seeing Red","floor":6,"key":"SMITH"},{"data":"Combust","floor":12,"key":"SMITH"},{"data":"Headbutt","floor":15,"key":"SMITH"},{"data":"Rampage","floor":23,"key":"SMITH"}],"path_taken":["M","M","?","M","?","R","M","M","T","M","M","R","?","?","R","BOSS","M","M","$","M","?","R","M"],"build_version":"2018-05-31","seed_source_timestamp":36127446928559,"purchased_purges":0,"victory":false,"master_deck":["Strike_R","Strike_R","Strike_R","Strike_R","Strike_R","Defend_R","Defend_R","Defend_R","Defend_R","Bash","Clothesline","Seeing Red+1","Thunderclap","Pommel Strike","Shrug It Off","Headbutt","Headbutt+1","Anger","Combust+1","Anger","Berserk","Seeing Red+1","Rampage+1","Spot Weakness+1","Rupture","Sword Boomerang","Double Tap+1"],"max_hp_per_floor":[80,80,80,80,80,80,80,80,80,80,80,80,80,80,80,80,80,80,80,80,80,80,80,80],"relics":["Burning Blood","Toxic Egg 2","White Beast Statue","Bottled Flame"],"card_choices":[{"not_picked":["Heavy Blade","Thunderclap"],"picked":"Clothesline","floor":0},{"not_picked":["Armaments","Perfected Strike"],"picked":"Seeing Red","floor":1},{"not_picked":["Shrug It Off","Carnage"],"picked":"Thunderclap","floor":2},{"not_picked":["Bloodletting","Sword Boomerang"],"picked":"Pommel Strike","floor":4},{"not_picked":["Body Slam","Sever Soul"],"picked":"Shrug It Off","floor":5},{"not_picked":["Thunderclap","Heavy Blade"],"picked":"Headbutt","floor":7},{"not_picked":["Fiend Fire","Searing Blow"],"picked":"Headbutt","floor":8},{"not_picked":["Body Slam","True Grit+1"],"picked":"Anger","floor":10},{"not_picked":["Twin Strike","Clothesline"],"picked":"Combust","floor":11},{"not_picked":["Twin Strike","Clothesline"],"picked":"Anger","floor":13},{"not_picked":["Feed","Juggernaut"],"picked":"Berserk","floor":16},{"not_picked":["Cleave","Thunderclap"],"picked":"Seeing Red+1","floor":18},{"not_picked":["Twin Strike+1","True Grit+1"],"picked":"Rampage","floor":19},{"not_picked":["Intimidate+1","Blood for Blood+1"],"picked":"Double Tap+1","floor":21}],"player_experience":31381,"potions_floor_usage":[10,10,16,16,19,24],"damage_taken":[{"damage":5,"enemies":"Jaw Worm","floor":1,"turns":4},{"damage":0,"enemies":"Cultist","floor":2,"turns":3},{"damage":2,"enemies":"2 Louse","floor":4,"turns":3},{"damage":10,"enemies":"Large Slime","floor":5,"turns":6},{"damage":1,"enemies":"2 Fungi Beasts","floor":7,"turns":3},{"damage":9,"enemies":"Blue Slaver","floor":8,"turns":3},{"damage":0,"enemies":"Large Slime","floor":10,"turns":3},{"damage":5,"enemies":"Gremlin Gang","floor":11,"turns":4},{"damage":11,"enemies":"Blue Slaver","floor":13,"turns":3},{"damage":65,"enemies":"Hexaghost","floor":16,"turns":10},{"damage":17,"enemies":"Chosen","floor":18,"turns":5},{"damage":29,"enemies":"Spheric Guardian","floor":19,"turns":5},{"damage":17,"enemies":"Chosen and Byrds","floor":21,"turns":7},{"damage":36,"enemies":"Centurion and Healer","floor":24,"turns":4}],"relics_obtained":[{"floor":9,"key":"Toxic Egg 2"}],"event_choices":[{"event_name":"World of Goop","player_choice":"Gather Gold","floor":3,"damage_taken":0},{"event_name":"Liars Game","player_choice":"disagreed","floor":14,"damage_taken":0},{"event_name":"Addict","player_choice":"Ignored","floor":22,"damage_taken":0}],"boss_relics":[{"not_picked":["Ectoplasm","Sozu"],"picked":"White Beast Statue"}],"items_purged_floors":[],"potions_floor_spawned":[1,2,5,13,18,19,21],"seed_played":"-3986510516660236031","killed_by":"Centurion and Healer","ascension_level":0,"potions_obtained":[{"floor":1,"key":"Explosive Potion"},{"floor":2,"key":"Ancient Potion"},{"floor":5,"key":"PowerPotion"},{"floor":13,"key":"Explosive Potion"},{"floor":18,"key":"Explosive Potion"},{"floor":19,"key":"Energy Potion"},{"floor":21,"key":"Energy Potion"}],"is_trial":false}