{"gold_per_floor":[118,118,118,135,135,169,169,100,100,100,116,81,99,119,119,216,216,229,245,15,26,38,73,73,73,73,98,98,109,144,144,144,144],"floor_reached":33,"playtime":1408,"items_purged":[],"score":345,"play_id":"3b6b5986-9949-4c2a-b9af-ef6cf818b99d","local_time":"20180818024648","is_ascension_mode":true,"campfire_choices":[{"data":"Capacitor","floor":15,"key":"SMITH"},{"floor":24,"key":"REST"},{"floor":28,"key":"REST"},{"floor":32,"key":"REST"}],"neow_cost":"PERCENT_DAMAGE","seed_source_timestamp":21029138969229,"circlet_count":0,"master_deck":["Strike_B","Strike_B","Strike_B","Strike_B+1","Defend_B","Defend_B","Defend_B","Defend_B","Zap+1","Dualcast","Go for the Eyes","Gash+1","Beam Cell","Capacitor+1","Go for the Eyes","Buffer+1","Ball Lightning","All For One","Gash+1","Ball Lightning+1","Panache+1","Leap","Turbo+1","FTL","Gash+1","Loop+1","Recycle","Turbo+1"],"relics":["Cracked Core","Juzu Bracelet","Lantern","Frozen Egg 2","Black Star","Mango","Dead Branch","Shuriken","Regal Pillow","Omamori","Happy Flower","Anchor"],"potions_floor_usage":[16,19,21,21,23,33],"damage_taken":[{"damage":3,"enemies":"2 Louse","floor":1,"turns":2},{"damage":0,"enemies":"Cultist","floor":4,"turns":2},{"damage":29,"enemies":"Gremlin Nob","floor":6,"turns":5},{"damage":0,"enemies":"Jaw Worm","floor":11,"turns":3},{"damage":7,"enemies":"3 Louse","floor":13,"turns":3},{"damage":11,"enemies":"Red Slaver","floor":14,"turns":4},{"damage":24,"enemies":"Slime Boss","floor":16,"turns":8},{"damage":5,"enemies":"Chosen","floor":18,"turns":4},{"damage":31,"enemies":"3 Byrds","floor":19,"turns":5},{"damage":16,"enemies":"Snake Plant","floor":21,"turns":5},{"damage":11,"enemies":"Centurion and Healer","floor":22,"turns":5},{"damage":7,"enemies":"Book of Stabbing","floor":23,"turns":4},{"damage":35,"enemies":"Gremlin Leader","floor":27,"turns":6},{"damage":0,"enemies":"3 Cultists","floor":29,"turns":3},{"damage":27,"enemies":"Book of Stabbing","floor":30,"turns":4},{"damage":79,"enemies":"Champ","floor":33,"turns":7}],"seed_played":"2348951751798438963","potions_obtained":[{"floor":6,"key":"Dexterity Potion"},{"floor":11,"key":"SpeedPotion"},{"floor":16,"key":"Ancient Potion"},{"floor":18,"key":"Regen Potion"},{"floor":19,"key":"SpeedPotion"},{"floor":29,"key":"Energy Potion"}],"is_trial":false,"path_per_floor":["M","?","?","M","?","E","?","$","T","?","M","?","M","M","R","B",null,"M","M","$","M","M","E","R","?","T","E","R","M","E","?","R"],"character_chosen":"DEFECT","items_purchased":["Capacitor","Panache+1","Leap"],"campfire_rested":3,"item_purchase_floors":[8,20,20],"current_hp_per_floor":[51,85,85,85,68,39,67,67,67,49,49,70,63,52,52,28,85,80,59,59,43,32,39,68,48,48,13,59,59,32,32,78,0],"gold":144,"neow_bonus":"THREE_RARE_CARDS","is_prod":false,"is_daily":false,"chose_seed":false,"campfire_upgraded":1,"win_rate":0,"timestamp":1534553208,"path_taken":["M","?","?","M","?","E","?","$","T","?","M","?","M","M","R","BOSS","M","M","$","M","M","E","R","?","T","E","R","M","E","?","R","BOSS"],"build_version":"2018-08-16","purchased_purges":0,"victory":false,"max_hp_per_floor":[75,85,85,85,85,85,85,85,85,85,85,85,85,85,85,85,85,85,85,85,85,85,99,99,104,104,104,104,104,104,104,104,104],"card_choices":[{"not_picked":["Buffer","Creative AI"],"picked":"Rainbow","floor":0},{"not_picked":["Compile Driver","Auto Shields"],"picked":"Go for the Eyes","floor":1},{"not_picked":["Chill","Fusion"],"picked":"Gash","floor":4},{"not_picked":["Recycle","Streamline"],"picked":"Beam Cell","floor":6},{"not_picked":["Fusion","Skim"],"picked":"Go for the Eyes","floor":11},{"not_picked":["Steam","Go for the Eyes"],"picked":"Buffer+1","floor":13},{"not_picked":["Sweeping Beam","Streamline"],"picked":"Ball Lightning","floor":14},{"not_picked":["Biased Cognition+1","Seek"],"picked":"All For One","floor":16},{"not_picked":["Rebound+1","Reinforced Body"],"picked":"Gash+1","floor":18},{"not_picked":["Reinforced Body","Skim"],"picked":"Ball Lightning+1","floor":19},{"not_picked":["Redo+1","Steam"],"picked":"Turbo+1","floor":21},{"not_picked":["Beam Cell","Rebound"],"picked":"FTL","floor":22},{"not_picked":["Ball Lightning","Steam Power"],"picked":"Gash+1","floor":23},{"not_picked":["Seek","Steam+1"],"picked":"Loop+1","floor":27},{"not_picked":["Glacier","Darkness"],"picked":"Recycle","floor":29},{"not_picked":["Steam+1","Compile Driver"],"picked":"Turbo+1","floor":30}],"player_experience":153102,"relics_obtained":[{"floor":6,"key":"Juzu Bracelet"},{"floor":9,"key":"Lantern"},{"floor":23,"key":"Mango"},{"floor":23,"key":"Dead Branch"},{"floor":26,"key":"Shuriken"},{"floor":27,"key":"Regal Pillow"},{"floor":27,"key":"Omamori"},{"floor":30,"key":"Happy Flower"},{"floor":30,"key":"Anchor"}],"event_choices":[{"event_name":"Bonfire Elementals","player_choice":"RARE","floor":2,"damage_taken":0},{"event_name":"Accursed Blacksmith","player_choice":"Forge","floor":3,"damage_taken":0},{"event_name":"Shining Light","player_choice":"Entered Light","floor":5,"damage_taken":0},{"event_name":"Big Fish","player_choice":"Banana","floor":7,"damage_taken":0},{"event_name":"Scrap Ooze","player_choice":"success","floor":10,"damage_taken":18},{"event_name":"The Cleric","player_choice":"Healed","floor":12,"damage_taken":0},{"event_name":"Forgotten Altar","player_choice":"Shed Blood","floor":25,"damage_taken":0},{"event_name":"Ghosts","player_choice":"Ignored","floor":31,"damage_taken":0}],"is_beta":false,"boss_relics":[{"not_picked":["Orrery","Cursed Key"],"picked":"Black Star"}],"items_purged_floors":[],"is_endless":false,"potions_floor_spawned":[6,11,16,18,19,29],"killed_by":"Champ","ascension_level":1}