{"path_per_floor":["M","M","$","M","M","R","E","?","T","M","$","M","R","M","R","B",null,"M","M","$","M","?","R","M","R","T","R","?","M","?","M","R","B",null,"M","?"],"character_chosen":"THE_SILENT","items_purchased":["Sucker Punch","Cloak And Dagger"],"gold_per_floor":[115,132,57,68,87,87,112,112,112,127,0,13,13,33,33,132,132,142,152,4,16,16,16,33,33,33,33,33,48,48,62,62,162,162,173,173,173],"floor_reached":37,"campfire_rested":2,"playtime":2218,"current_hp_per_floor":[50,39,39,38,23,23,34,84,84,78,78,71,71,67,67,38,84,77,53,53,49,33,57,50,50,50,50,50,35,35,35,59,16,81,77,67,0],"items_purged":["Pain","Writhe","Parasite"],"gold":173,"score":398,"play_id":"a4fa30b1-dbfb-4999-84bd-d2b4f99f2673","local_time":"20180325183532","is_prod":false,"is_daily":false,"is_ascension_mode":false,"campfire_upgraded":5,"timestamp":1522028132,"path_taken":["M","?","$","M","M","R","E","?","T","M","?","?","R","M","R","BOSS","M","M","$","M","?","R","M","R","T","R","?","?","?","M","R","BOSS","M","?","?"],"build_version":"2018-03-22v2","purchased_purges":3,"victory":false,"master_deck":["Defend_G","Defend_G","Defend_G","Defend_G","Defend_G","Strike_G","Strike_G","Strike_G","Strike_G","Strike_G","Survivor","Neutralize","Noxious Fumes","Backflip","Noxious Fumes","Infinite Blades+1","Slice+1","Backflip+1","Sucker Punch+1","Bane+1","Malaise+1","Adrenaline+1","Finisher+1","Cloak And Dagger","Cloak And Dagger","Well Laid Plans+1","PiercingWail","Blade Dance+1","Envenom","Outmaneuver","Night Terror","Madness","Backflip","Prepared+1","Storm of Steel","Footwork+1","Madness","Madness"],"max_hp_per_floor":[70,70,70,70,70,70,84,84,84,84,84,84,84,84,84,84,84,84,84,81,81,81,81,81,81,81,81,81,81,81,81,81,81,81,81,81,81],"relics":["Calling Bell","Darkstone Periapt","Matryoshka","Molten Egg 2","Mango","Prayer Wheel","Shovel","Sozu","Enchiridion","Dream Catcher","Thread and Needle","Runic Pyramid"],"card_choices":[{"not_picked":["Dodge and Roll","Deflect"],"picked":"Noxious Fumes","floor":1},{"not_picked":["Acrobatics","Deflect"],"picked":"Backflip","floor":2},{"not_picked":["Backstab","PiercingWail"],"picked":"Noxious Fumes","floor":4},{"not_picked":["Cloak And Dagger","Sucker Punch"],"picked":"Infinite Blades","floor":5},{"not_picked":["Acrobatics","PiercingWail"],"picked":"Slice","floor":7},{"not_picked":["All Out Attack","Doppelganger"],"picked":"Backflip","floor":10},{"not_picked":["Dodge and Roll","Calculated Gamble"],"picked":"Bane","floor":12},{"not_picked":["Backflip","Underhanded Strike"],"picked":"Malaise","floor":14},{"not_picked":["Tools of the Trade","Unload"],"picked":"Adrenaline","floor":16},{"not_picked":["Prepared","Acrobatics"],"picked":"Finisher","floor":18},{"not_picked":["Choke","Slice"],"picked":"Cloak And Dagger","floor":19},{"not_picked":["Deadly Poison","Calculated Gamble"],"picked":"Well Laid Plans","floor":21},{"not_picked":["Dodge and Roll","Sucker Punch"],"picked":"PiercingWail","floor":24},{"not_picked":["Terror","Dodge and Roll"],"picked":"Blade Dance","floor":26},{"not_picked":["Flying Knee","Underhanded Strike"],"picked":"Outmaneuver","floor":29},{"not_picked":["Riddle With Holes","Deflect"],"picked":"Backflip","floor":31},{"not_picked":["Caltrops","Acrobatics"],"picked":"Prepared","floor":32},{"not_picked":["Unload","A Thousand Cuts"],"picked":"Storm of Steel","floor":33},{"not_picked":["Deadly Poison","Dagger Spray"],"picked":"Footwork","floor":35}],"player_experience":50774,"potions_floor_usage":[16],"damage_taken":[{"damage":20,"enemies":"Cultist","floor":1,"turns":6},{"damage":11,"enemies":"Jaw Worm","floor":2,"turns":6},{"damage":1,"enemies":"Small Slimes","floor":4,"turns":3},{"damage":15,"enemies":"Exordium Thugs","floor":5,"turns":7},{"damage":3,"enemies":"Lagavulin","floor":7,"turns":8},{"damage":6,"enemies":"Red Slaver","floor":10,"turns":5},{"damage":7,"enemies":"Blue Slaver","floor":12,"turns":4},{"damage":4,"enemies":"Exordium Wildlife","floor":14,"turns":4},{"damage":29,"enemies":"The Guardian","floor":16,"turns":9},{"damage":7,"enemies":"Spheric Guardian","floor":18,"turns":5},{"damage":24,"enemies":"2 Thieves","floor":19,"turns":4},{"damage":4,"enemies":"Snake Plant","floor":21,"turns":6},{"damage":7,"enemies":"Slaver and Parasite","floor":24,"turns":6},{"damage":15,"enemies":"3 Cultists","floor":29,"turns":6},{"damage":0,"enemies":"Snecko","floor":31,"turns":5},{"damage":43,"enemies":"Automaton","floor":33,"turns":8},{"damage":4,"enemies":"Orb Walker","floor":35,"turns":3},{"damage":77,"enemies":"Mysterious Sphere","floor":37,"turns":3}],"event_choices":[{"event_name":"Wheel of Change","player_choice":"Full Heal","floor":8,"damage_taken":0},{"event_name":"Cursed Tome","player_choice":"Obtained Book","floor":22,"damage_taken":0},{"event_name":"The Library","player_choice":"Read","floor":28,"damage_taken":0},{"event_name":"Match and Keep!","player_choice":"2 cards matched","floor":30,"damage_taken":0},{"event_name":"Winding Halls","player_choice":"Embrace Madness","floor":36,"damage_taken":0},{"event_name":"Mysterious Sphere","player_choice":"Fight","floor":37,"damage_taken":0}],"boss_relics":[{"not_picked":["Philosopher\u0027s Stone","Question Card"],"picked":"Sozu"},{"not_picked":["Cursed Key","Orrery"],"picked":"Runic Pyramid"}],"potions_floor_spawned":[1,10,12,14,16,19,29,33],"seed_played":"-4174778724715348913","killed_by":"Mysterious Sphere","ascension_level":0,"is_trial":false}