{"gold_per_floor":[110,35,35,48,64,64,76,102,154,185,200,150,165,195,195,294,294,308,190,241,241,241,270,270,296,296,316,348,362,380,398,398,495,495,511,511,511,524,538,538,550,550,550,570,599,599,599,616,616,616],"floor_reached":51,"playtime":3444,"items_purged":["Strike_G","Strike_G","Strike_G"],"score":951,"play_id":"dcd71a2c-e36a-49ff-9724-8f3cf1ca1e75","local_time":"20181025204016","is_ascension_mode":true,"campfire_choices":[{"floor":6,"key":"REST"},{"floor":15,"key":"REST"},{"data":"Backflip","floor":24,"key":"SMITH"},{"data":"Neutralize","floor":32,"key":"SMITH"},{"data":"Madness","floor":42,"key":"SMITH"},{"data":"Madness","floor":47,"key":"SMITH"},{"data":"Backflip","floor":49,"key":"SMITH"}],"neow_cost":"NONE","seed_source_timestamp":88806478469170,"circlet_count":0,"master_deck":["Defend_G+1","Defend_G+1","Defend_G+1","Defend_G+1","Defend_G+1","Strike_G+1","Strike_G+1","Survivor","Neutralize+1","Quick Slash","Quick Slash","Noxious Fumes+1","Dash","Backflip+1","Caltrops+1","Die Die Die+1","A Thousand Cuts+1","Infinite Blades+1","Backflip+1","Dagger Throw","Dodge and Roll+1","Blur+1","A Thousand Cuts+1","Dash","Master of Strategy","Backflip+1","Madness+1","Madness+1","Cloak And Dagger+1","Cloak And Dagger"],"relics":["Black Star","Frozen Egg 2","Centennial Puzzle","Smiling Mask","Snake Skull","PreservedInsect","Vajra","Strawberry","Whetstone","Sozu","Oddly Smooth Stone","Tough Bandages","FossilizedHelix","Pear","Singing Bowl","Paper Crane","Ice Cream","Unceasing Top","Eternal Feather","Kunai","Question Card","Bottled Lightning","Mummified Hand"],"potions_floor_usage":[10,50,50],"damage_taken":[{"damage":2,"enemies":"2 Louse","floor":1,"turns":4},{"damage":0,"enemies":"Small Slimes","floor":4,"turns":4},{"damage":1,"enemies":"Cultist","floor":5,"turns":5},{"damage":3,"enemies":"Red Slaver","floor":7,"turns":4},{"damage":10,"enemies":"3 Sentries","floor":8,"turns":8},{"damage":14,"enemies":"Gremlin Nob","floor":10,"turns":5},{"damage":14,"enemies":"Lots of Slimes","floor":11,"turns":4},{"damage":6,"enemies":"3 Louse","floor":13,"turns":3},{"damage":0,"enemies":"Lagavulin","floor":14,"turns":7},{"damage":11,"enemies":"Hexaghost","floor":16,"turns":7},{"damage":13,"enemies":"Spheric Guardian","floor":18,"turns":6},{"damage":0,"enemies":"Book of Stabbing","floor":23,"turns":5},{"damage":13,"enemies":"Slavers","floor":25,"turns":4},{"damage":2,"enemies":"3 Byrds","floor":27,"turns":5},{"damage":0,"enemies":"Book of Stabbing","floor":28,"turns":5},{"damage":0,"enemies":"Cultist and Chosen","floor":29,"turns":5},{"damage":0,"enemies":"Chosen and Byrds","floor":30,"turns":6},{"damage":0,"enemies":"Snake Plant","floor":31,"turns":4},{"damage":0,"enemies":"Champ","floor":33,"turns":14},{"damage":0,"enemies":"3 Shapes","floor":35,"turns":6},{"damage":0,"enemies":"Orb Walker","floor":38,"turns":4},{"damage":0,"enemies":"3 Darklings","floor":39,"turns":6},{"damage":0,"enemies":"Maw","floor":41,"turns":8},{"damage":0,"enemies":"4 Shapes","floor":44,"turns":6},{"damage":41,"enemies":"Nemesis","floor":45,"turns":7},{"damage":0,"enemies":"Writhing Mass","floor":48,"turns":5},{"damage":4,"enemies":"Time Eater","floor":50,"turns":11}],"seed_played":"-4110211199707848332","potions_obtained":[{"floor":7,"key":"SpeedPotion"},{"floor":13,"key":"Strength Potion"},{"floor":14,"key":"FearPotion"},{"floor":16,"key":"Ancient Potion"}],"is_trial":false,"path_per_floor":["M","$","?","M","M","R","M","E","T","E","M","$","M","E","R","B",null,"M","$","T","?","?","E","R","E","T","M","E","M","M","M","R","B",null,"M","?","?","M","M","?","M","R","T","M","E","T","R","M","R","B"],"character_chosen":"THE_SILENT","items_purchased":["Infinite Blades+1"],"campfire_rested":2,"item_purchase_floors":[19],"current_hp_per_floor":[68,68,43,43,42,63,60,50,50,36,22,22,16,23,46,35,77,64,64,64,50,50,50,50,49,49,47,49,49,49,51,51,51,98,98,98,98,98,100,87,89,102,102,104,63,63,78,78,96,92],"gold":616,"neow_bonus":"BOSS_RELIC","is_prod":false,"is_daily":false,"chose_seed":false,"campfire_upgraded":5,"win_rate":0,"timestamp":1540525216,"path_taken":["M","$","?","M","M","R","?","E","T","E","M","?","M","E","R","BOSS","M","$","?","?","?","E","R","E","T","M","E","?","M","?","R","BOSS","M","?","?","M","M","?","?","R","T","M","E","?","R","M","R","BOSS"],"build_version":"2018-10-25","purchased_purges":3,"victory":true,"max_hp_per_floor":[70,70,70,70,70,70,70,70,70,70,70,70,70,77,77,77,77,77,77,77,82,82,82,82,94,94,94,96,96,96,98,98,98,98,98,98,98,98,100,100,102,102,102,104,104,104,104,104,104,104],"card_choices":[{"not_picked":["Dagger Throw","Concentrate"],"picked":"Quick Slash","floor":1},{"not_picked":["Prepared","Poisoned Stab","PiercingWail"],"picked":"SKIP","floor":4},{"not_picked":["Outmaneuver","Slice"],"picked":"Quick Slash","floor":5},{"not_picked":["Blade Dance","Footwork+1"],"picked":"Noxious Fumes+1","floor":7},{"not_picked":["Flying Knee","Deadly Poison","Prepared"],"picked":"SKIP","floor":8},{"not_picked":["Escape Plan","Expertise"],"picked":"Dash","floor":10},{"not_picked":["Poisoned Stab","Slice"],"picked":"Backflip","floor":11},{"not_picked":["Setup","Dodge and Roll"],"picked":"Caltrops+1","floor":13},{"not_picked":["Quick Slash","Skewer"],"picked":"Die Die Die","floor":14},{"not_picked":["Bullet Time","Phantasmal Killer"],"picked":"A Thousand Cuts+1","floor":16},{"not_picked":["Accuracy+1","Prepared","Sucker Punch"],"picked":"SKIP","floor":18},{"not_picked":["Dagger Spray+1","Dagger Throw"],"picked":"Backflip","floor":23},{"not_picked":["Sucker Punch","Dagger Spray","Glass Knife"],"picked":"Singing Bowl","floor":25},{"not_picked":["Underhanded Strike","Dagger Spray"],"picked":"Dagger Throw","floor":27},{"not_picked":["Acrobatics","Poisoned Stab","Tactician+1"],"picked":"Singing Bowl","floor":28},{"not_picked":["Reflex","Tactician"],"picked":"Dodge and Roll+1","floor":29},{"not_picked":["All Out Attack","Sucker Punch+1"],"picked":"Blur+1","floor":30},{"not_picked":["Dagger Throw","Well Laid Plans+1","Deflect"],"picked":"Singing Bowl","floor":31},{"not_picked":["Die Die Die","Envenom+1"],"picked":"A Thousand Cuts+1","floor":33},{"not_picked":["PiercingWail","Caltrops+1"],"picked":"Dash","floor":35},{"not_picked":["HandOfGreed","Swift Strike"],"picked":"Master of Strategy","floor":36},{"not_picked":["Flechettes","Well Laid Plans+1"],"picked":"Backflip+1","floor":38},{"not_picked":["Prepared","Bane+1","Venomology"],"picked":"Singing Bowl","floor":39},{"not_picked":["Calculated Gamble","Bouncing Flask+1","Quick Slash+1"],"picked":"Singing Bowl","floor":41},{"not_picked":["Backflip","Dagger Spray","Deflect"],"picked":"Singing Bowl","floor":44},{"not_picked":["Caltrops+1","Riddle With Holes"],"picked":"Cloak And Dagger+1","floor":45},{"not_picked":["Expertise","Eviscerate","Riddle With Holes"],"picked":"Cloak And Dagger","floor":48}],"player_experience":90499,"relics_obtained":[{"floor":8,"key":"Centennial Puzzle"},{"floor":8,"key":"Smiling Mask"},{"floor":9,"key":"Snake Skull"},{"floor":10,"key":"PreservedInsect"},{"floor":10,"key":"Vajra"},{"floor":14,"key":"Strawberry"},{"floor":14,"key":"Whetstone"},{"floor":20,"key":"Oddly Smooth Stone"},{"floor":23,"key":"Tough Bandages"},{"floor":23,"key":"FossilizedHelix"},{"floor":25,"key":"Pear"},{"floor":25,"key":"Singing Bowl"},{"floor":26,"key":"Paper Crane"},{"floor":28,"key":"Ice Cream"},{"floor":28,"key":"Unceasing Top"},{"floor":43,"key":"Kunai"},{"floor":45,"key":"Question Card"},{"floor":45,"key":"Bottled Lightning"},{"floor":46,"key":"Mummified Hand"}],"event_choices":[{"damage_healed":0,"gold_gain":0,"player_choice":"Success","damage_taken":25,"relics_obtained":["Frozen Egg 2"],"max_hp_gain":0,"max_hp_loss":0,"event_name":"Scrap Ooze","floor":3,"gold_loss":0},{"damage_healed":0,"gold_gain":0,"player_choice":"Shed Blood","damage_taken":19,"max_hp_gain":5,"max_hp_loss":0,"event_name":"Forgotten Altar","floor":21,"gold_loss":0},{"damage_healed":0,"gold_gain":0,"player_choice":"Simplicity","damage_taken":0,"max_hp_gain":0,"max_hp_loss":0,"event_name":"Back to Basics","floor":22,"gold_loss":0,"cards_upgraded":["Defend_G","Defend_G","Defend_G","Defend_G","Defend_G","Strike_G"]},{"damage_healed":0,"gold_gain":0,"player_choice":"Memory 1","damage_taken":0,"max_hp_gain":0,"max_hp_loss":0,"event_name":"SensoryStone","floor":36,"gold_loss":0},{"damage_healed":0,"gold_gain":0,"player_choice":"Ignored","damage_taken":0,"max_hp_gain":0,"max_hp_loss":0,"event_name":"Tomb of Lord Red Mask","floor":37,"gold_loss":0},{"damage_healed":0,"gold_gain":0,"player_choice":"Embrace Madness","damage_taken":13,"max_hp_gain":0,"max_hp_loss":0,"event_name":"Winding Halls","floor":40,"gold_loss":0,"cards_obtained":["Madness","Madness"]}],"is_beta":false,"boss_relics":[{"not_picked":["WristBlade","Philosopher\u0027s Stone"],"picked":"Sozu"},{"not_picked":["White Beast Statue","Runic Pyramid"],"picked":"Eternal Feather"}],"items_purged_floors":[2,12,19],"is_endless":false,"potions_floor_spawned":[7,13,14,16,25,27,28,30,33,38,44,48],"ascension_level":1}