{"gold_per_floor":[111,111,111,186,200,234,234,264,264,289,301,301,301,333,333,432,432,446,464,478,111,111,111,145,164,188,199,214,246,266,294,294,395,395,410,185,200,200,200,226,252,285,285,285,348,7,22,41,41,41],"floor_reached":50,"playtime":4031,"items_purged":[],"score":1202,"play_id":"181572bf-b684-4b2b-ab0b-b59222fe2feb","local_time":"20181112222618","is_ascension_mode":true,"campfire_choices":[{"floor":7.0,"key":"REST"},{"floor":12,"key":"REST"},{"floor":15,"key":"REST"},{"floor":23,"key":"REST"},{"floor":32,"key":"REST"},{"floor":44,"key":"REST"},{"floor":49,"key":"REST"}],"neow_cost":"NONE","seed_source_timestamp":0,"circlet_count":0,"master_deck":["Survivor+1","Neutralize+1","Dagger Throw+1","Expertise+1","Outmaneuver+1","Poisoned Stab+1","Underhanded Strike+1","Dash+1","Cloak And Dagger+1","All Out Attack+1","Poisoned Stab+1","Adrenaline+1","Underhanded Strike+1","Glass Knife+1","Quick Slash+1","Leg Sweep+1","Endless Agony+1","Corpse Explosion+1","Slice+1","Quick Slash+1","Terror+1","Tools of the Trade+1","Infinite Blades+1","Blur+1","Predator+1","Predator+1","Footwork+1","Underhanded Strike+1","Dagger Spray+1","Envenom+1","Underhanded Strike+1","Die Die Die+1","Deadly Poison+1","Underhanded Strike+1","Prepared+1","Finesse","Distraction+1"],"special_seed":0,"relics":["Pandora\u0027s Box","Kunai","Bottled Lightning","Paper Crane","PreservedInsect","GremlinMask","Bag of Preparation","Fusion Hammer","Blood Vial","Anchor","MutagenicStrength","Matryoshka","Dodecahedron","Smiling Mask","Pear","Potion Belt","Empty Cage","Juzu Bracelet","Mark of the Bloom","Mango","Shuriken","Snake Skull","Boot","Singing Bowl","Tiny Chest","Art of War"],"potions_floor_usage":[16,18,24,33,42,45,50,50,50,50,50,50,50,50,50],"damage_taken":[{"damage":4.0,"enemies":"Jaw Worm","floor":1.0,"turns":3.0},{"damage":0.0,"enemies":"Small Slimes","floor":5.0,"turns":2.0},{"damage":6.0,"enemies":"3 Sentries","floor":6.0,"turns":4.0},{"damage":10.0,"enemies":"Gremlin Nob","floor":8.0,"turns":4.0},{"damage":4.0,"enemies":"3 Sentries","floor":10.0,"turns":4.0},{"damage":0,"enemies":"2 Louse","floor":11,"turns":1},{"damage":12,"enemies":"Lagavulin","floor":14,"turns":5},{"damage":0,"enemies":"Slime Boss","floor":16,"turns":3},{"damage":12,"enemies":"Shell Parasite","floor":18,"turns":3},{"damage":0,"enemies":"Chosen","floor":19,"turns":3},{"damage":0,"enemies":"Sentry and Sphere","floor":20,"turns":3},{"damage":0,"enemies":"Gremlin Leader","floor":24,"turns":2},{"damage":3,"enemies":"Shelled Parasite and Fungi","floor":25,"turns":2},{"damage":0,"enemies":"Cultist and Chosen","floor":27,"turns":3},{"damage":0,"enemies":"Snake Plant","floor":28,"turns":3},{"damage":17,"enemies":"Book of Stabbing","floor":29,"turns":3},{"damage":0,"enemies":"3 Cultists","floor":30,"turns":2},{"damage":0,"enemies":"Gremlin Leader","floor":31,"turns":3},{"damage":47,"enemies":"Champ","floor":33,"turns":9},{"damage":0,"enemies":"3 Darklings","floor":35,"turns":2},{"damage":4,"enemies":"Orb Walker","floor":37,"turns":3},{"damage":11,"enemies":"Nemesis","floor":40,"turns":3},{"damage":0,"enemies":"Giant Head","floor":42,"turns":4},{"damage":2,"enemies":"Reptomancer","floor":45,"turns":3},{"damage":3,"enemies":"Maw","floor":47,"turns":3},{"damage":0,"enemies":"Transient","floor":48,"turns":5},{"damage":56,"enemies":"Awakened One","floor":50,"turns":8}],"seed_played":"8704059347141851908","potions_obtained":[{"floor":5.0,"key":"LiquidBronze"},{"floor":8.0,"key":"Weak Potion"},{"floor":10.0,"key":"SteroidPotion"},{"floor":16,"key":"SteroidPotion"},{"floor":19,"key":"PowerPotion"},{"floor":20,"key":"SteroidPotion"},{"floor":29,"key":"Poison Potion"},{"floor":31,"key":"SmokeBomb"},{"floor":35,"key":"PowerPotion"},{"floor":37,"key":"PowerPotion"},{"floor":42,"key":"SkillPotion"},{"floor":48,"key":"LiquidBronze"}],"is_trial":false,"path_per_floor":["M","?","?","?","M","E","R","E","T","E","M","R","?","E","R","B",null,"M","M","M","$","?","R","E","M","T","M","M","E","M","E","R","B",null,"M","$","M","?","?","E","T","E","T","R","E","$","M","M","R","B"],"character_chosen":"THE_SILENT","items_purchased":["Blood Vial","Anchor","Tools of the Trade","Juzu Bracelet","Die Die Die","EntropicBrew","Art of War","Finesse"],"campfire_rested":7,"item_purchase_floors":[21,21,21,36,36,46,46,46],"current_hp_per_floor":[59,59,45,34,34,28,49,39,39,35,35,56,56,44,65,65,69,57,57,57,57,57,70,70,67,67,69,70,63,65,67,80,33,68,70,70,68,68,68,57,57,57,57,57,55,55,52,52,52,0],"gold":41,"neow_bonus":"BOSS_RELIC","is_prod":false,"is_daily":false,"chose_seed":false,"campfire_upgraded":0,"win_rate":0,"timestamp":1542054378,"path_taken":["M","?","?","?","M","E","R","E","T","E","M","R","?","E","R","BOSS","M","?","?","$","?","R","E","M","T","M","M","E","M","E","R","BOSS","M","$","M","?","?","E","?","E","T","R","E","$","M","M","R","BOSS"],"build_version":"2018-11-08","purchased_purges":0,"victory":false,"max_hp_per_floor":[70,70,70,70,70,70,70,70,70,70,70,70,70,70,70,70,70,70,70,70,70,70,70,70,70,70,70,70,80,80,80,80,80,80,80,80,80,80,76,90,90,90,90,90,92,92,94,94,94,94],"card_choices":[{"not_picked":["Acrobatics","Backflip"],"picked":"Poisoned Stab","floor":1.0},{"not_picked":["Choke","All Out Attack"],"picked":"Adrenaline","floor":5.0},{"not_picked":["Choke","Quick Slash"],"picked":"Underhanded Strike","floor":6.0},{"not_picked":["Blade Dance","Concentrate"],"picked":"Glass Knife","floor":8.0},{"not_picked":["Blade Dance","Bullet Time"],"picked":"Quick Slash","floor":10.0},{"not_picked":["Blade Dance","Bane"],"picked":"Leg Sweep","floor":11},{"not_picked":["Finisher","Reflex"],"picked":"Endless Agony","floor":14},{"not_picked":["Night Terror","Grand Finale"],"picked":"Corpse Explosion","floor":16},{"not_picked":["Blur","Prepared"],"picked":"Slice","floor":18},{"not_picked":["Well Laid Plans","Deadly Poison"],"picked":"Quick Slash","floor":19},{"not_picked":["Quick Slash","Deflect"],"picked":"Terror+1","floor":20},{"not_picked":["Outmaneuver","Flying Knee+1"],"picked":"Infinite Blades+1","floor":24},{"not_picked":["Dodge and Roll","Bane"],"picked":"Blur","floor":25},{"not_picked":["Blade Dance+1","Underhanded Strike"],"picked":"Predator","floor":27},{"not_picked":["Riddle With Holes","Venomology"],"picked":"Predator","floor":28},{"not_picked":["Flying Knee","Deflect"],"picked":"Footwork+1","floor":29},{"not_picked":["Distraction","Blur"],"picked":"Underhanded Strike","floor":30},{"not_picked":["Setup","Flying Knee"],"picked":"Dagger Spray","floor":31},{"not_picked":["Adrenaline","Tools of the Trade"],"picked":"Envenom","floor":33},{"not_picked":["Distraction+1","Backflip"],"picked":"Underhanded Strike","floor":35},{"not_picked":["Blade Dance","Bouncing Flask"],"picked":"Deadly Poison+1","floor":37},{"not_picked":["Skewer","Flechettes"],"picked":"Underhanded Strike+1","floor":40},{"not_picked":["Acrobatics+1","Quick Slash"],"picked":"Prepared+1","floor":42},{"not_picked":["All Out Attack+1","Storm of Steel","Catalyst+1"],"picked":"Singing Bowl","floor":45},{"not_picked":["Well Laid Plans","All Out Attack+1","Blade Dance"],"picked":"Singing Bowl","floor":47},{"not_picked":["Acrobatics","Tactician"],"picked":"Distraction+1","floor":48}],"player_experience":289929,"relics_obtained":[{"floor":6.0,"key":"Kunai"},{"floor":8.0,"key":"Bottled Lightning"},{"floor":9.0,"key":"Paper Crane"},{"floor":10.0,"key":"PreservedInsect"},{"floor":14,"key":"Bag of Preparation"},{"floor":24,"key":"Matryoshka"},{"floor":26,"key":"Dodecahedron"},{"floor":26,"key":"Smiling Mask"},{"floor":29,"key":"Pear"},{"floor":31,"key":"Potion Belt"},{"floor":40,"key":"Mango"},{"floor":41,"key":"Shuriken"},{"floor":41,"key":"Snake Skull"},{"floor":42,"key":"Boot"},{"floor":43,"key":"Singing Bowl"},{"floor":45,"key":"Tiny Chest"}],"event_choices":[{"damage_healed":0.0,"max_hp_gain":0.0,"max_hp_loss":0.0,"gold_gain":0.0,"event_name":"The Cleric","player_choice":"Leave","floor":2.0,"gold_loss":0.0,"damage_taken":0.0},{"damage_healed":0.0,"max_hp_gain":0.0,"max_hp_loss":0.0,"gold_gain":0.0,"event_name":"Shining Light","player_choice":"Entered Light","floor":3.0,"gold_loss":0.0,"damage_taken":14.0,"cards_upgraded":["Outmaneuver","Cloak And Dagger"]},{"damage_healed":0.0,"max_hp_gain":0.0,"max_hp_loss":0.0,"gold_gain":75.0,"event_name":"World of Goop","player_choice":"Gather Gold","floor":4.0,"gold_loss":0.0,"damage_taken":11.0},{"damage_healed":0,"gold_gain":0,"player_choice":"Trade","damage_taken":0,"relics_obtained":["GremlinMask"],"max_hp_gain":0,"max_hp_loss":0,"event_name":"FaceTrader","floor":13,"gold_loss":0},{"damage_healed":0,"gold_gain":0,"player_choice":"Inject Mutagens","damage_taken":0,"relics_obtained":["MutagenicStrength"],"max_hp_gain":0,"max_hp_loss":0,"event_name":"Drug Dealer","floor":22,"gold_loss":0},{"damage_healed":0,"gold_gain":0,"player_choice":"Upgrade","damage_taken":0,"relics_obtained":["Mark of the Bloom"],"max_hp_gain":0,"max_hp_loss":0,"event_name":"MindBloom","floor":38,"gold_loss":0,"cards_upgraded":["Survivor","Neutralize","Dagger Throw","Expertise","Poisoned Stab","Underhanded Strike","Dash","All Out Attack","Poisoned Stab","Adrenaline","Underhanded Strike","Glass Knife","Quick Slash","Leg Sweep","Endless Agony","Corpse Explosion","Slice","Quick Slash","Tools of the Trade","Blur","Predator","Predator","Underhanded Strike","Dagger Spray","Envenom","Underhanded Strike","Die Die Die"]},{"damage_healed":0,"gold_gain":0,"player_choice":"Max HP","damage_taken":0,"max_hp_gain":0,"max_hp_loss":4,"event_name":"Winding Halls","floor":39,"gold_loss":0}],"is_beta":true,"boss_relics":[{"not_picked":["Runic Pyramid","Velvet Choker"],"picked":"Fusion Hammer"},{"not_picked":["Busted Crown","Orrery"],"picked":"Empty Cage"}],"items_purged_floors":[],"is_endless":false,"potions_floor_spawned":[5,8,10,11,16,19,20,29,30,31,35,37,42,48],"killed_by":"Awakened One","ascension_level":9}