{"gold_per_floor":[118,118,128,104,104,142,142,186,186,186,219,169,169,182,182,311,311,251,166,166,116,116,116,116,116,116,116,116,116,116,116,116,116],"floor_reached":33,"playtime":2257,"items_purged":[],"score":482,"play_id":"7fdd69d9-0e40-4545-9d41-4ca9509cb7a5","local_time":"20190526054536","is_ascension_mode":true,"campfire_choices":[{"floor":7,"key":"REST"},{"data":"Biased Cognition","floor":10,"key":"SMITH"},{"data":"Zap","floor":13,"key":"SMITH"},{"floor":15,"key":"REST"},{"floor":29,"key":"REST"},{"floor":32,"key":"REST"}],"neow_cost":"NONE","seed_source_timestamp":307314004683089,"circlet_count":0,"master_deck":["AscendersBane","Strike_B","Strike_B","Strike_B","Strike_B","Defend_B","Defend_B","Defend_B","Defend_B","Zap+1","Dualcast","Compile Driver","Glacier","Cold Snap","Steam+1","Biased Cognition+1","Chaos+1","Redo+1","Electrodynamics","Cold Snap","Redo+1","White Noise+1","Undo+1","Conserve Battery+1","Sweeping Beam","Thunder Strike"],"relics":["Cracked Core","Golden Idol","Toxic Egg 2","Turnip","Bottled Tornado","Orichalcum","Ectoplasm","Calipers","DataDisk","Centennial Puzzle","Juzu Bracelet"],"potions_floor_usage":[6,8,18,23,33],"damage_taken":[{"damage":10,"enemies":"2 Louse","floor":1,"turns":2},{"damage":7,"enemies":"Jaw Worm","floor":3,"turns":2},{"damage":5,"enemies":"Lagavulin","floor":6,"turns":11},{"damage":3,"enemies":"3 Sentries","floor":8,"turns":13},{"damage":17,"enemies":"Lagavulin","floor":11,"turns":8},{"damage":0,"enemies":"Cultist","floor":14,"turns":2},{"damage":38,"enemies":"Hexaghost","floor":16,"turns":12},{"damage":5,"enemies":"2 Thieves","floor":18,"turns":3},{"damage":0,"enemies":"Shell Parasite","floor":20,"turns":3},{"damage":3,"enemies":"Snake Plant","floor":22,"turns":4},{"damage":19,"enemies":"Book of Stabbing","floor":23,"turns":4},{"damage":0,"enemies":"Chosen and Byrds","floor":27,"turns":5},{"damage":0,"enemies":"Centurion and Healer","floor":30,"turns":7},{"damage":18,"enemies":"Gremlin Leader","floor":31,"turns":4},{"damage":120,"enemies":"Champ","floor":33,"turns":14}],"seed_played":"-4032619480756386981","potions_obtained":[{"floor":3,"key":"EssenceOfSteel"},{"floor":6,"key":"EssenceOfSteel"},{"floor":8,"key":"Explosive Potion"},{"floor":18,"key":"Block Potion"},{"floor":22,"key":"Block Potion"},{"floor":23,"key":"Poison Potion"},{"floor":24,"key":"Energy Potion"},{"floor":31,"key":"FairyPotion"}],"is_trial":false,"path_per_floor":["M","?","M","$","?","E","R","E","T","R","E","?","R","M","R","B",null,"M","?","M","?","M","E","?","$","T","M","$","R","M","E","R","B"],"character_chosen":"DEFECT","items_purchased":["Cold Snap"],"campfire_rested":4,"item_purchase_floors":[4],"current_hp_per_floor":[65,65,58,58,58,53,77,74,74,74,57,57,57,57,81,43,72,67,67,67,67,64,45,45,45,45,45,45,69,69,51,75,0],"gold":116,"neow_bonus":"TEN_PERCENT_HP_BONUS","is_prod":false,"is_daily":false,"chose_seed":false,"campfire_upgraded":2,"win_rate":0,"timestamp":1558838736,"path_taken":["M","?","M","$","?","E","R","E","T","R","E","?","R","M","R","BOSS","M","?","M","?","?","E","?","?","T","M","$","R","M","E","R","BOSS"],"build_version":"2019-01-23","purchased_purges":0,"victory":false,"max_hp_per_floor":[82,82,82,82,82,82,82,82,82,82,82,82,82,82,82,82,82,82,82,82,82,82,82,82,82,82,82,82,82,82,82,82,82],"card_choices":[{"not_picked":["Stack","Turbo"],"picked":"Compile Driver","floor":1},{"not_picked":["Tempest","Auto Shields"],"picked":"Glacier","floor":3},{"not_picked":["Amplify","Melter"],"picked":"Steam","floor":6},{"not_picked":["Storm","Redo+1"],"picked":"Biased Cognition","floor":8},{"not_picked":["Skim+1","Ball Lightning"],"picked":"Chaos+1","floor":11},{"not_picked":["Self Repair","Stack+1"],"picked":"Redo+1","floor":14},{"not_picked":["Core Surge","Fission+1"],"picked":"Electrodynamics","floor":16},{"not_picked":["Barrage","Beam Cell+1"],"picked":"Cold Snap","floor":18},{"not_picked":["Scrape","Self Repair"],"picked":"Redo+1","floor":20},{"not_picked":["Genetic Algorithm+1","Go for the Eyes"],"picked":"White Noise+1","floor":22},{"not_picked":["Melter","Stack+1"],"picked":"Undo+1","floor":23},{"not_picked":["Recycle+1","Gash"],"picked":"Conserve Battery+1","floor":27},{"not_picked":["Rip and Tear","Fission+1"],"picked":"Sweeping Beam","floor":30},{"not_picked":["Redo+1","Recycle+1"],"picked":"Thunder Strike","floor":31}],"player_experience":531279,"relics_obtained":[{"floor":6,"key":"Toxic Egg 2"},{"floor":8,"key":"Turnip"},{"floor":9,"key":"Bottled Tornado"},{"floor":11,"key":"Orichalcum"},{"floor":23,"key":"DataDisk"},{"floor":26,"key":"Centennial Puzzle"},{"floor":31,"key":"Juzu Bracelet"}],"event_choices":[{"damage_healed":0,"gold_gain":0,"player_choice":"Ignored","damage_taken":0,"max_hp_gain":0,"max_hp_loss":0,"event_name":"Golden Wing","floor":2,"gold_loss":0},{"damage_healed":0,"gold_gain":0,"player_choice":"Take Wound","damage_taken":0,"relics_obtained":["Golden Idol"],"max_hp_gain":0,"max_hp_loss":0,"event_name":"Golden Idol","floor":5,"gold_loss":0,"cards_obtained":["Injury"]},{"cards_removed":["Injury"],"damage_healed":0,"gold_gain":0,"player_choice":"Card Removal","damage_taken":0,"max_hp_gain":0,"max_hp_loss":0,"event_name":"The Cleric","floor":12,"gold_loss":50},{"damage_healed":0,"gold_gain":0,"player_choice":"Obtained Relic","damage_taken":0,"relics_obtained":["Calipers"],"max_hp_gain":0,"max_hp_loss":0,"event_name":"Addict","floor":19,"gold_loss":85},{"damage_healed":0,"gold_gain":0,"player_choice":"Bet on Murderer","damage_taken":0,"max_hp_gain":0,"max_hp_loss":0,"event_name":"The Joust","floor":21,"gold_loss":50},{"damage_healed":0,"gold_gain":0,"player_choice":"Got Potions","damage_taken":0,"max_hp_gain":0,"max_hp_loss":0,"event_name":"Lab","floor":24,"gold_loss":0}],"is_beta":false,"boss_relics":[{"not_picked":["Sozu","Snecko Eye"],"picked":"Ectoplasm"}],"items_purged_floors":[],"is_endless":false,"potions_floor_spawned":[3,6,8,18,22,23,31],"killed_by":"Champ","ascension_level":12}