{"gold_per_floor":[113,127,127,145,197,222,50,65,112,112,112,140,40,74,74,170,170,190,206,219,229,229,229,257,182,182,182,182,182,202,215,215,215],"floor_reached":33,"playtime":2094,"items_purged":["Strike_R"],"score":385,"play_id":"3bc438ab-d415-4e53-b005-916b34d005e8","local_time":"20190406121315","is_ascension_mode":true,"campfire_choices":[{"data":"Uppercut","floor":11.0,"key":"SMITH"},{"data":"Armaments","floor":15.0,"key":"SMITH"},{"floor":23.0,"key":"REST"},{"data":"Dark Embrace","floor":27.0,"key":"SMITH"},{"floor":29.0,"key":"REST"},{"floor":32,"key":"REST"}],"neow_cost":"TEN_PERCENT_HP_LOSS","seed_source_timestamp":0,"circlet_count":0,"master_deck":["Strike_R","Defend_R","Defend_R","Defend_R","Defend_R","Bash","Power Through","Uppercut+1","Uppercut+1","Evolve","Headbutt","Whirlwind","Armaments+1","Shockwave","Dark Embrace+1","Shrug It Off","Havoc+1","Intimidate","J.A.X.","Intimidate","Iron Wave+1","Clothesline+1"],"special_seed":0,"relics":["Black Blood","Singing Bowl","Boot","Bronze Scales","Strawberry","Blood Vial","Unceasing Top"],"potions_floor_usage":[33,33,33],"damage_taken":[{"damage":1.0,"enemies":"Jaw Worm","floor":1.0,"turns":5.0},{"damage":0.0,"enemies":"2 Louse","floor":2.0,"turns":4.0},{"damage":4.0,"enemies":"Cultist","floor":4.0,"turns":3.0},{"damage":25.0,"enemies":"Lagavulin","floor":6.0,"turns":6.0},{"damage":11.0,"enemies":"Exordium Wildlife","floor":8.0,"turns":4.0},{"damage":10.0,"enemies":"3 Sentries","floor":12.0,"turns":6.0},{"damage":6.0,"enemies":"Gremlin Nob","floor":14.0,"turns":3.0},{"damage":25.0,"enemies":"The Guardian","floor":16.0,"turns":13.0},{"damage":31.0,"enemies":"Spheric Guardian","floor":18.0,"turns":7.0},{"damage":11.0,"enemies":"Shell Parasite","floor":19.0,"turns":8.0},{"damage":51.0,"enemies":"Sentry and Sphere","floor":20.0,"turns":11.0},{"damage":10.0,"enemies":"Shelled Parasite and Fungi","floor":21.0,"turns":10.0},{"damage":55.0,"enemies":"Slavers","floor":24.0,"turns":3.0},{"damage":17.0,"enemies":"Centurion and Healer","floor":30.0,"turns":8.0},{"damage":33.0,"enemies":"Snecko","floor":31.0,"turns":8.0},{"damage":61,"enemies":"Automaton","floor":33,"turns":10}],"seed_played":"-2904706945280991479","potions_obtained":[{"floor":1.0,"key":"Explosive Potion"},{"floor":2.0,"key":"PowerPotion"},{"floor":8.0,"key":"Poison Potion"},{"floor":12.0,"key":"BloodPotion"},{"floor":18.0,"key":"Regen Potion"},{"floor":21.0,"key":"Regen Potion"},{"floor":24.0,"key":"Strength Potion"},{"floor":28.0,"key":"FearPotion"},{"floor":28.0,"key":"Energy Potion"},{"floor":28.0,"key":"EssenceOfSteel"},{"floor":30.0,"key":"Poison Potion"}],"is_trial":false,"path_per_floor":["M","M","?","M","?","E","$","M","T","?","R","E","$","E","R","B",null,"M","M","M","M","?","R","E","?","T","R","?","R","M","M","R","B"],"character_chosen":"IRONCLAD","items_purchased":["Evolve","Headbutt","Armaments","SteroidPotion"],"campfire_rested":3,"item_purchase_floors":[7,7,13,13],"current_hp_per_floor":[72,72,77,77,77,60,60,57,57,57,57,53,53,68,68,49,78,57,73,32,32,32,59,23,23,23,23,23,50,45,24,51,0],"gold":215,"neow_bonus":"REMOVE_TWO","is_prod":false,"is_daily":false,"chose_seed":false,"campfire_upgraded":3,"win_rate":0,"timestamp":1554577995,"path_taken":["M","M","?","M","?","E","$","M","T","?","R","E","$","E","R","BOSS","M","?","M","M","?","R","E","?","T","R","?","R","M","?","R","BOSS"],"build_version":"2019-01-23","purchased_purges":1,"victory":false,"max_hp_per_floor":[72,72,77,77,77,79,79,81,81,81,81,81,81,88,88,88,88,88,90,90,90,90,90,90,90,90,90,90,90,90,90,90,90],"card_choices":[{"not_picked":["Seeing Red","Warcry"],"picked":"Power Through","floor":1.0},{"not_picked":["Second Wind","Heavy Blade"],"picked":"Uppercut","floor":2.0},{"not_picked":["Anger","Warcry"],"picked":"Uppercut","floor":4.0},{"not_picked":["Hemokinesis","Blood for Blood","Warcry"],"picked":"Singing Bowl","floor":6.0},{"not_picked":["Heavy Blade","Dropkick","Cleave"],"picked":"Singing Bowl","floor":8.0},{"not_picked":["Bludgeon","Cleave"],"picked":"Whirlwind","floor":12.0},{"not_picked":["Warcry","Power Through"],"picked":"Shockwave","floor":14.0},{"not_picked":["Offering","Barricade"],"picked":"Dark Embrace","floor":16.0},{"not_picked":["Heavy Blade","Entrench"],"picked":"Shrug It Off","floor":18.0},{"not_picked":["Heavy Blade+1","Thunderclap","Anger"],"picked":"Singing Bowl","floor":19.0},{"not_picked":["Thunderclap","Rupture"],"picked":"Havoc+1","floor":20.0},{"not_picked":["Thunderclap","Cleave"],"picked":"Intimidate","floor":21.0},{"not_picked":["Bludgeon","Cleave"],"picked":"Intimidate","floor":24.0},{"not_picked":["Anger","Headbutt"],"picked":"Iron Wave+1","floor":30.0},{"not_picked":["Spot Weakness","Dual Wield"],"picked":"Clothesline+1","floor":31.0}],"player_experience":271007,"relics_obtained":[{"floor":6.0,"key":"Singing Bowl"},{"floor":9.0,"key":"Boot"},{"floor":12.0,"key":"Bronze Scales"},{"floor":14.0,"key":"Strawberry"},{"floor":24.0,"key":"Blood Vial"},{"floor":26.0,"key":"Unceasing Top"}],"event_choices":[{"damage_healed":0.0,"max_hp_gain":5.0,"max_hp_loss":0.0,"gold_gain":0.0,"event_name":"Big Fish","player_choice":"Donut","floor":3.0,"gold_loss":0.0,"damage_taken":0.0},{"damage_healed":0.0,"max_hp_gain":0.0,"max_hp_loss":0.0,"gold_gain":52.0,"event_name":"Golden Wing","player_choice":"Gained Gold","floor":5.0,"gold_loss":0.0,"damage_taken":0.0},{"damage_healed":0.0,"max_hp_gain":0.0,"max_hp_loss":0.0,"gold_gain":0.0,"event_name":"Upgrade Shrine","player_choice":"Upgraded","floor":10.0,"gold_loss":0.0,"damage_taken":0.0,"cards_upgraded":["Uppercut"]},{"damage_healed":0.0,"max_hp_gain":0.0,"max_hp_loss":0.0,"gold_gain":0.0,"event_name":"Drug Dealer","player_choice":"Obtain J.A.X.","floor":22.0,"gold_loss":0.0,"damage_taken":0.0,"cards_obtained":["J.A.X."]},{"cards_removed":["Strike_R"],"damage_healed":0.0,"max_hp_gain":0.0,"max_hp_loss":0.0,"gold_gain":0.0,"event_name":"Beggar","player_choice":"Gave Gold","floor":25.0,"gold_loss":75.0,"damage_taken":0.0},{"damage_healed":0.0,"max_hp_gain":0.0,"max_hp_loss":0.0,"gold_gain":0.0,"event_name":"Lab","player_choice":"Got Potions","floor":28.0,"gold_loss":0.0,"damage_taken":0.0}],"is_beta":false,"boss_relics":[{"not_picked":["Runic Pyramid","Pandora\u0027s Box"],"picked":"Black Blood"}],"items_purged_floors":[7],"is_endless":false,"potions_floor_spawned":[1,2,8,12,18,21,24,30],"killed_by":"Automaton","ascension_level":7}