{"gold_per_floor":[14,31,49,69,69,69,104,104,127,4,4,20,48,63,63,63],"floor_reached":16,"playtime":693,"items_purged":[],"score":179,"play_id":"977d626b-aa3d-49dd-a619-26ed1161bbc7","local_time":"20190512112035","is_ascension_mode":true,"campfire_choices":[{"data":"Zap","floor":6,"key":"SMITH"},{"data":"Dualcast","floor":8,"key":"SMITH"},{"data":"White Noise","floor":11,"key":"SMITH"},{"data":"Leap","floor":15,"key":"SMITH"}],"neow_cost":"NO_GOLD","seed_source_timestamp":1274586028075167,"circlet_count":0,"master_deck":["AscendersBane","Strike_B","Strike_B","Strike_B","Defend_B","Defend_B","Defend_B","Defend_B","Zap+1","Dualcast+1","Undo","Go for the Eyes","Leap+1","Self Repair","Go for the Eyes","White Noise+1"],"relics":["Cracked Core","Nunchaku","Blood Vial","Strawberry","Regal Pillow"],"potions_floor_usage":[4,7,7,13],"damage_taken":[{"damage":0,"enemies":"Cultist","floor":1,"turns":3},{"damage":0,"enemies":"Jaw Worm","floor":2,"turns":4},{"damage":0,"enemies":"2 Louse","floor":3,"turns":2},{"damage":5,"enemies":"Gremlin Gang","floor":4,"turns":5},{"damage":17,"enemies":"3 Sentries","floor":7,"turns":9},{"damage":1,"enemies":"Red Slaver","floor":12,"turns":3},{"damage":2,"enemies":"Lagavulin","floor":13,"turns":7},{"damage":0,"enemies":"2 Fungi Beasts","floor":14,"turns":4},{"damage":81,"enemies":"Hexaghost","floor":16,"turns":16}],"seed_played":"-7403247345001986916","potions_obtained":[{"floor":1,"key":"LiquidBronze"},{"floor":2,"key":"Fire Potion"},{"floor":4,"key":"Dexterity Potion"}],"is_trial":false,"path_per_floor":["M","M","M","M","?","R","E","R","T","$","R","M","E","M","R","B"],"character_chosen":"DEFECT","items_purchased":["White Noise","SkillPotion"],"campfire_rested":0,"item_purchase_floors":[10,10],"current_hp_per_floor":[68,68,68,63,56,56,46,46,53,53,53,61,68,77,77,0],"gold":63,"neow_bonus":"ONE_RARE_RELIC","is_prod":false,"is_daily":false,"chose_seed":false,"campfire_upgraded":4,"win_rate":0,"timestamp":1557685235,"path_taken":["M","?","?","?","?","R","E","R","T","$","R","M","E","M","R","BOSS"],"build_version":"2019-01-23","purchased_purges":0,"victory":false,"max_hp_per_floor":[75,75,75,75,75,75,75,75,82,82,82,82,82,82,82,82],"card_choices":[{"not_picked":["Genetic Algorithm","Reprogram"],"picked":"Undo","floor":1},{"not_picked":["Gash","Double Energy"],"picked":"Go for the Eyes","floor":2},{"not_picked":["Redo","Force Field"],"picked":"Leap","floor":3},{"not_picked":["Leap","Gash"],"picked":"Self Repair","floor":4},{"not_picked":["Undo","Self Repair"],"picked":"Go for the Eyes","floor":7},{"not_picked":["Rebound","Barrage","Beam Cell"],"picked":"SKIP","floor":12},{"not_picked":["Redo","Rip and Tear","Steam"],"picked":"SKIP","floor":13},{"not_picked":["Stack","Gash","Beam Cell"],"picked":"SKIP","floor":14}],"player_experience":378376,"relics_obtained":[{"floor":7,"key":"Blood Vial"},{"floor":9,"key":"Strawberry"},{"floor":13,"key":"Regal Pillow"}],"event_choices":[{"cards_removed":["Strike_B"],"damage_healed":0,"gold_gain":0,"player_choice":"Card Removal","damage_taken":7,"max_hp_gain":0,"max_hp_loss":0,"event_name":"Golden Wing","floor":5,"gold_loss":0}],"is_beta":false,"boss_relics":[],"items_purged_floors":[],"is_endless":false,"potions_floor_spawned":[1,2,4],"killed_by":"Hexaghost","ascension_level":12}