{"gold_per_floor":[115,126,144,196,196,231,231,249,272,284,329,359,371,383,395,508,520,548,560,623,654,683,695,735,747,833,875,900,542,542,576,576,675,675,695,710,726,741,2,27,27,59,59,85,85,85,96,124,124,124],"floor_reached":51,"playtime":3111,"items_purged":["Shame","Decay"],"score":1468,"play_id":"934a889e-f0e3-4900-b85b-48127ba9ce6a","local_time":"20190115231050","is_ascension_mode":true,"campfire_choices":[{"floor":7,"key":"REST"},{"floor":10,"key":"REST"},{"floor":13,"key":"REST"},{"floor":15,"key":"REST"},{"floor":23,"key":"REST"},{"floor":25,"key":"REST"},{"floor":30,"key":"REST"},{"floor":32,"key":"REST"},{"floor":41,"key":"REST"},{"floor":49,"key":"REST"}],"neow_cost":"NONE","seed_source_timestamp":2319307819881552,"circlet_count":0,"master_deck":["AscendersBane","Strike_R","Strike_R","Strike_R","Strike_R","Strike_R","Defend_R","Defend_R","Defend_R+1","Defend_R","Bash","Shrug It Off","Inflame","Sever Soul","Armaments","Uppercut","Pommel Strike","Perfected Strike","Bludgeon","Shrug It Off","Ghostly Armor","Flex+1","Flex","Uppercut+1","Twin Strike","Pommel Strike","Fiend Fire","Inflame","Body Slam+1","Metallicize","Blood for Blood","Sword Boomerang+1","Inflame+1","Feel No Pain+1","Thunderclap+1","Sword Boomerang"],"relics":["Burning Blood","Bag of Preparation","Matryoshka","MawBank","Strawberry","Blood Vial","Happy Flower","Kunai","Cursed Key","Art of War","Bag of Marbles","Mango","Champion Belt","Lantern","War Paint","Centennial Puzzle","Philosopher\u0027s Stone","Bronze Scales","Toolbox","Girya","Vajra","Frozen Egg 2","Darkstone Periapt","Red Skull","Self Forming Clay"],"potions_floor_usage":[6,8,11,22,33,37,40,50,50,50,50],"damage_taken":[{"damage":11,"enemies":"Cultist","floor":1,"turns":4},{"damage":10,"enemies":"Jaw Worm","floor":2,"turns":5},{"damage":7,"enemies":"2 Louse","floor":3,"turns":3},{"damage":62,"enemies":"3 Sentries","floor":6,"turns":10},{"damage":28,"enemies":"Exordium Thugs","floor":8,"turns":6},{"damage":22,"enemies":"Gremlin Nob","floor":11,"turns":4},{"damage":14,"enemies":"Blue Slaver","floor":12,"turns":4},{"damage":84,"enemies":"The Guardian","floor":16,"turns":10},{"damage":0,"enemies":"Spheric Guardian","floor":18,"turns":3},{"damage":15,"enemies":"3 Byrds","floor":21,"turns":6},{"damage":16,"enemies":"Centurion and Healer","floor":22,"turns":4},{"damage":56,"enemies":"Book of Stabbing","floor":24,"turns":7},{"damage":35,"enemies":"Slavers","floor":27,"turns":6},{"damage":14,"enemies":"Cultist and Chosen","floor":28,"turns":5},{"damage":34,"enemies":"Book of Stabbing","floor":31,"turns":4},{"damage":62,"enemies":"Champ","floor":33,"turns":11},{"damage":0,"enemies":"3 Shapes","floor":35,"turns":2},{"damage":0,"enemies":"Orb Walker","floor":36,"turns":3},{"damage":42,"enemies":"4 Shapes","floor":37,"turns":3},{"damage":6,"enemies":"Spire Growth","floor":38,"turns":4},{"damage":9,"enemies":"Giant Head","floor":40,"turns":6},{"damage":40,"enemies":"Nemesis","floor":42,"turns":4},{"damage":21,"enemies":"Giant Head","floor":44,"turns":6},{"damage":3,"enemies":"Sphere and 2 Shapes","floor":47,"turns":3},{"damage":18,"enemies":"Nemesis","floor":48,"turns":5},{"damage":80,"enemies":"Awakened One","floor":50,"turns":13}],"seed_played":"7857035612335420214","potions_obtained":[{"floor":1,"key":"SneckoOil"},{"floor":2,"key":"PowerPotion"},{"floor":5,"key":"Fruit Juice"},{"floor":8,"key":"Ancient Potion"},{"floor":16,"key":"Strength Potion"},{"floor":21,"key":"SteroidPotion"},{"floor":28,"key":"SneckoOil"},{"floor":36,"key":"Energy Potion"},{"floor":40,"key":"EntropicBrew"},{"floor":47,"key":"Regen Potion"}],"is_trial":false,"path_per_floor":["M","M","M","T","?","E","R","M","T","R","E","M","R","T","R","B",null,"M","?","T","M","M","R","E","R","T","E","M","$","R","E","R","B",null,"M","M","M","M","$","E","R","E","T","E","?","$","M","E","R","B",null],"character_chosen":"IRONCLAD","items_purchased":["Lantern","War Paint","Bronze Scales","Toolbox","Girya"],"campfire_rested":10,"item_purchase_floors":[29,29,39,39,39],"current_hp_per_floor":[75,71,70,70,70,19,46,24,31,61,45,39,69,69,99,22,81,89,89,89,82,74,100,64,98,98,71,65,65,99,73,107,53,99,107,114,78,80,80,79,113,80,80,67,67,67,72,62,96,39],"gold":124,"neow_bonus":"TEN_PERCENT_HP_BONUS","is_prod":false,"is_daily":false,"chose_seed":false,"campfire_upgraded":0,"win_rate":0,"timestamp":1547586650,"path_taken":["M","M","?","?","?","E","R","?","T","R","E","M","R","?","R","BOSS","M","?","?","M","M","R","E","R","T","E","M","?","R","E","R","BOSS","M","M","M","M","$","E","R","E","T","E","?","$","?","E","R","BOSS"],"build_version":"2019-01-14v2","purchased_purges":2,"victory":true,"max_hp_per_floor":[88,88,88,88,88,93,93,93,100,100,100,100,100,100,100,100,100,100,100,100,100,100,100,114,114,114,114,114,114,114,114,114,114,114,114,114,114,114,114,114,114,114,114,114,114,114,114,114,114,114],"card_choices":[{"not_picked":["Second Wind","Feel No Pain"],"picked":"Shrug It Off","floor":1},{"not_picked":["Flex","Ghostly Armor"],"picked":"Inflame","floor":2},{"not_picked":["Warcry","Anger"],"picked":"Sever Soul","floor":3},{"not_picked":["Spot Weakness","Second Wind"],"picked":"Armaments","floor":6},{"not_picked":["Searing Blow","Thunderclap"],"picked":"Uppercut","floor":8},{"not_picked":["Reckless Charge","Cleave"],"picked":"Pommel Strike","floor":11},{"not_picked":["Armaments","Sword Boomerang"],"picked":"Perfected Strike","floor":12},{"not_picked":["Reaper","Double Tap"],"picked":"Bludgeon","floor":16},{"not_picked":["Anger","Sword Boomerang"],"picked":"Shrug It Off","floor":18},{"not_picked":["Evolve","Burning Pact"],"picked":"Ghostly Armor","floor":21},{"not_picked":["Flame Barrier","Shockwave"],"picked":"Flex","floor":22},{"not_picked":["Twin Strike","Battle Trance"],"picked":"Flex","floor":24},{"not_picked":["Berserk","Clothesline"],"picked":"Uppercut+1","floor":27},{"not_picked":["Corruption","True Grit"],"picked":"Twin Strike","floor":28},{"not_picked":["Limit Break","Shrug It Off"],"picked":"Pommel Strike","floor":31},{"not_picked":["Barricade","Limit Break"],"picked":"Fiend Fire","floor":33},{"not_picked":["Anger+1","Cleave+1"],"picked":"Inflame","floor":35},{"not_picked":["Heavy Blade","Burning Pact"],"picked":"Body Slam+1","floor":36},{"not_picked":["Shrug It Off","Pommel Strike"],"picked":"Metallicize","floor":37},{"not_picked":["Rampage+1","Cleave"],"picked":"Blood for Blood","floor":38},{"not_picked":["Blood for Blood","Body Slam"],"picked":"Sword Boomerang+1","floor":40},{"not_picked":["Limit Break","Infernal Blade+1"],"picked":"Inflame+1","floor":42},{"not_picked":["Body Slam","Wild Strike"],"picked":"Feel No Pain+1","floor":44},{"not_picked":["Havoc","Body Slam"],"picked":"Thunderclap+1","floor":47},{"not_picked":["Uppercut","Clash"],"picked":"Sword Boomerang","floor":48}],"player_experience":377440,"relics_obtained":[{"floor":4,"key":"Bag of Preparation"},{"floor":6,"key":"Matryoshka"},{"floor":9,"key":"MawBank"},{"floor":9,"key":"Strawberry"},{"floor":11,"key":"Blood Vial"},{"floor":14,"key":"Happy Flower"},{"floor":14,"key":"Kunai"},{"floor":20,"key":"Bag of Marbles"},{"floor":24,"key":"Mango"},{"floor":27,"key":"Champion Belt"},{"floor":31,"key":"Centennial Puzzle"},{"floor":40,"key":"Vajra"},{"floor":42,"key":"Frozen Egg 2"},{"floor":43,"key":"Darkstone Periapt"},{"floor":44,"key":"Red Skull"},{"floor":48,"key":"Self Forming Clay"}],"event_choices":[{"damage_healed":0,"gold_gain":0,"player_choice":"Got Potions","damage_taken":0,"max_hp_gain":0,"max_hp_loss":0,"event_name":"Lab","floor":5,"gold_loss":0},{"damage_healed":0,"gold_gain":0,"player_choice":"Opened","damage_taken":0,"relics_obtained":["Art of War"],"max_hp_gain":0,"max_hp_loss":0,"event_name":"The Mausoleum","floor":19,"gold_loss":0},{"cards_removed":["Writhe"],"damage_healed":0,"gold_gain":0,"player_choice":"Purged","damage_taken":0,"max_hp_gain":0,"max_hp_loss":0,"event_name":"Purifier","floor":45,"gold_loss":0}],"is_beta":true,"boss_relics":[{"not_picked":["Sozu","White Beast Statue"],"picked":"Cursed Key"},{"not_picked":["Astrolabe","Empty Cage"],"picked":"Philosopher\u0027s Stone"}],"items_purged_floors":[29,39],"is_endless":false,"potions_floor_spawned":[1,2,8,16,21,28,36,40,47,48],"ascension_level":12}