{"gold_per_floor":[18,18,36,36,49,49,78,78,78,96,96,112,137,167,179,292,304,329,341,353,19,19,19,19,45,45,7,23,49,49,67,67,170,170,184,229,229,229,247,247],"floor_reached":40,"playtime":2318,"items_purged":["Pain"],"score":771,"play_id":"eecc19fb-94cf-44ac-9087-7618e2a32ac7","local_time":"20190526045909","is_ascension_mode":true,"campfire_choices":[{"data":"Zap","floor":6,"key":"SMITH"},{"floor":8,"key":"REST"},{"floor":11,"key":"REST"},{"floor":15,"key":"REST"},{"floor":23,"key":"REST"},{"floor":24,"key":"REST"},{"floor":32,"key":"REST"}],"neow_cost":"NO_GOLD","seed_source_timestamp":304465176227120,"circlet_count":0,"master_deck":["AscendersBane","Strike_B+1","Strike_B+1","Strike_B+1","Strike_B+1","Defend_B+1","Defend_B+1","Defend_B+1","Defend_B+1","Zap+1","Dualcast","Bandage Up","Cold Snap","Beam Cell","Gash","Go for the Eyes","Go for the Eyes","Defragment","Electrodynamics","Glacier","Biased Cognition","Beam Cell","Shame","Machine Learning","Gash","Glacier","Undo","Core Surge","Auto Shields","Leap","Finesse","Sweeping Beam+1"],"relics":["Cracked Core","WarpedTongs","Bottled Flame","Letter Opener","MawBank","Sozu","Membership Card","WingedGreaves","Pear","Mercury Hourglass","Question Card","Incense Burner","Fusion Hammer","StoneCalendar"],"potions_floor_usage":[7,13,14,16,18],"damage_taken":[{"damage":9,"enemies":"Jaw Worm","floor":1,"turns":3},{"damage":1,"enemies":"Cultist","floor":3,"turns":3},{"damage":3,"enemies":"2 Louse","floor":5,"turns":3},{"damage":34,"enemies":"Lagavulin","floor":7,"turns":6},{"damage":9,"enemies":"Red Slaver","floor":10,"turns":2},{"damage":23,"enemies":"3 Louse","floor":12,"turns":2},{"damage":21,"enemies":"3 Sentries","floor":13,"turns":6},{"damage":3,"enemies":"2 Fungi Beasts","floor":14,"turns":2},{"damage":2,"enemies":"Slime Boss","floor":16,"turns":5},{"damage":21,"enemies":"Shell Parasite","floor":18,"turns":4},{"damage":28,"enemies":"Slavers","floor":25,"turns":3},{"damage":0,"enemies":"Chosen","floor":28,"turns":3},{"damage":32,"enemies":"Book of Stabbing","floor":29,"turns":5},{"damage":22,"enemies":"Snake Plant","floor":31,"turns":4},{"damage":24,"enemies":"Collector","floor":33,"turns":11},{"damage":3,"enemies":"3 Shapes","floor":35,"turns":4},{"damage":57,"enemies":"2 Orb Walkers","floor":36,"turns":7},{"damage":14,"enemies":"Orb Walker","floor":39,"turns":3},{"damage":71,"enemies":"Giant Head","floor":40,"turns":10}],"seed_played":"-2844448810260467910","potions_obtained":[{"floor":1,"key":"Swift Potion"},{"floor":10,"key":"Block Potion"},{"floor":13,"key":"Strength Potion"},{"floor":14,"key":"Fire Potion"},{"floor":16,"key":"SkillPotion"}],"is_trial":false,"path_per_floor":["M","?","M","?","M","R","E","R","T","M","R","M","E","M","R","B",null,"M","?","?","$","?","R","R","E","T","$","M","E","?","M","R","B",null,"M","?","?","?","M","E"],"character_chosen":"DEFECT","items_purchased":["Membership Card","WingedGreaves"],"campfire_rested":6,"item_purchase_floors":[21,21],"current_hp_per_floor":[63,63,66,66,67,67,37,59,59,50,72,53,36,37,59,61,72,51,51,37,37,47,74,90,62,62,62,66,40,40,22,49,29,75,72,19,79,79,65,0],"gold":247,"neow_bonus":"RANDOM_COLORLESS_2","is_prod":false,"is_daily":false,"chose_seed":false,"campfire_upgraded":1,"win_rate":0,"timestamp":1558835949,"path_taken":["M","?","?","?","M","R","E","R","T","M","R","M","E","?","R","BOSS","M","?","?","$","?","R","R","E","T","?","M","E","?","?","R","BOSS","M","?","?","?","?","E"],"build_version":"2019-01-23","purchased_purges":1,"victory":false,"max_hp_per_floor":[75,75,75,75,75,75,75,75,75,75,75,75,75,75,75,75,75,75,75,80,80,90,90,90,90,90,90,90,90,90,90,90,90,90,90,90,79,79,79,79],"card_choices":[{"not_picked":["Scrape","Steam"],"picked":"Cold Snap","floor":1},{"not_picked":["Lockon","Steam Power"],"picked":"Beam Cell","floor":3},{"not_picked":["Ball Lightning","Conserve Battery"],"picked":"Gash","floor":5},{"not_picked":["Genetic Algorithm","Barrage"],"picked":"Go for the Eyes","floor":7},{"not_picked":["Stack","Streamline"],"picked":"Go for the Eyes","floor":10},{"not_picked":["Redo","Storm"],"picked":"Defragment","floor":12},{"not_picked":["Coolheaded","Thunder Strike"],"picked":"Electrodynamics","floor":13},{"not_picked":["Sweeping Beam","Heatsinks"],"picked":"Glacier","floor":14},{"not_picked":["Machine Learning","Fission"],"picked":"Biased Cognition","floor":16},{"not_picked":["Tempest","Hologram"],"picked":"Beam Cell","floor":18},{"not_picked":["Rip and Tear","Capacitor"],"picked":"Machine Learning","floor":25},{"not_picked":["Hello World+1","Coolheaded","Lockon"],"picked":"Gash","floor":28},{"not_picked":["Hologram","Static Discharge","Storm"],"picked":"Glacier","floor":29},{"not_picked":["Beam Cell","Conserve Battery","Turbo"],"picked":"Undo","floor":31},{"not_picked":["Rainbow","Creative AI","Reboot"],"picked":"Core Surge","floor":33},{"not_picked":["Rebound+1","Ball Lightning","Melter"],"picked":"Auto Shields","floor":35},{"not_picked":["Rebound+1","Genetic Algorithm","Rip and Tear"],"picked":"Leap","floor":36},{"not_picked":["Thinking Ahead","Panacea","Discovery"],"picked":"Finesse","floor":38},{"not_picked":["Streamline","Conserve Battery","Go for the Eyes"],"picked":"Sweeping Beam+1","floor":39}],"player_experience":528460,"relics_obtained":[{"floor":7,"key":"Bottled Flame"},{"floor":9,"key":"Letter Opener"},{"floor":13,"key":"MawBank"},{"floor":25,"key":"Mercury Hourglass"},{"floor":26,"key":"Question Card"},{"floor":29,"key":"Incense Burner"},{"floor":36,"key":"StoneCalendar"}],"event_choices":[{"cards_removed":["Purity"],"damage_healed":0,"gold_gain":0,"player_choice":"Purged","damage_taken":0,"max_hp_gain":0,"max_hp_loss":0,"event_name":"Purifier","floor":2,"gold_loss":0},{"damage_healed":0,"gold_gain":0,"player_choice":"Rummage","damage_taken":0,"relics_obtained":["WarpedTongs"],"max_hp_gain":0,"max_hp_loss":0,"event_name":"Accursed Blacksmith","floor":4,"gold_loss":0,"cards_obtained":["Pain"]},{"damage_healed":0,"gold_gain":0,"player_choice":"Simplicity","damage_taken":0,"max_hp_gain":0,"max_hp_loss":0,"event_name":"Back to Basics","floor":19,"gold_loss":0,"cards_upgraded":["Strike_B","Strike_B","Strike_B","Strike_B","Defend_B","Defend_B","Defend_B","Defend_B"]},{"damage_healed":0,"gold_gain":0,"player_choice":"Shed Blood","damage_taken":19,"max_hp_gain":5,"max_hp_loss":0,"event_name":"Forgotten Altar","floor":20,"gold_loss":0},{"damage_healed":0,"gold_gain":0,"player_choice":"Stole Relic","damage_taken":0,"relics_obtained":["Pear"],"max_hp_gain":0,"max_hp_loss":0,"event_name":"Addict","floor":22,"gold_loss":0,"cards_obtained":["Shame"]},{"damage_healed":0,"gold_gain":0,"player_choice":"Ignored","damage_taken":0,"max_hp_gain":0,"max_hp_loss":0,"event_name":"Vampires","floor":30,"gold_loss":0},{"damage_healed":0,"gold_gain":0,"player_choice":"Fight","damage_taken":0,"max_hp_gain":0,"max_hp_loss":0,"event_name":"Mysterious Sphere","floor":36,"gold_loss":0},{"damage_healed":79,"gold_gain":0,"player_choice":"Heal","damage_taken":0,"max_hp_gain":0,"max_hp_loss":11,"event_name":"The Moai Head","floor":37,"gold_loss":0},{"damage_healed":0,"gold_gain":0,"player_choice":"Memory 1","damage_taken":0,"max_hp_gain":0,"max_hp_loss":0,"event_name":"SensoryStone","floor":38,"gold_loss":0}],"is_beta":false,"boss_relics":[{"not_picked":["Snecko Eye","Orrery"],"picked":"Sozu"},{"not_picked":["FrozenCore","Velvet Choker"],"picked":"Fusion Hammer"}],"items_purged_floors":[27],"is_endless":false,"potions_floor_spawned":[1,10,13,14,16,18,31,33,36,39],"killed_by":"Giant Head","ascension_level":12}