{"gold_per_floor":[119,194,40,40,5,44,69,90,90,106,106,131,131,131,131,131],"floor_reached":16,"playtime":731,"items_purged":[],"score":105,"play_id":"af4ec716-324b-4c5b-8e49-9066a22a0f59","local_time":"20180828234127","is_ascension_mode":true,"campfire_choices":[{"floor":13,"key":"REST"},{"data":"Cloak And Dagger","floor":15,"key":"SMITH"}],"neow_cost":"TEN_PERCENT_HP_LOSS","seed_source_timestamp":26929828121000,"circlet_count":0,"master_deck":["Defend_G","Defend_G","Defend_G","Defend_G","Defend_G","Strike_G","Strike_G","Strike_G","Strike_G","Strike_G","Survivor","Neutralize","Envenom+1","Poisoned Stab","Injury","Cloak And Dagger+1","Heel Hook+1","Riddle With Holes+1","PiercingWail","Dodge and Roll"],"relics":["Ring of the Snake","Happy Flower","Golden Idol","Molten Egg 2","Matryoshka"],"potions_floor_usage":[12,16],"damage_taken":[{"damage":8,"enemies":"2 Louse","floor":1,"turns":3},{"damage":33,"enemies":"Lagavulin","floor":6,"turns":8},{"damage":1,"enemies":"Small Slimes","floor":7,"turns":3},{"damage":0,"enemies":"Jaw Worm","floor":8,"turns":4},{"damage":0,"enemies":"Blue Slaver","floor":10,"turns":2},{"damage":0,"enemies":"2 Fungi Beasts","floor":12,"turns":3},{"damage":49,"enemies":"Slime Boss","floor":16,"turns":10}],"seed_played":"8476076739599964877","potions_obtained":[{"floor":7,"key":"Explosive Potion"},{"floor":12,"key":"PowerPotion"}],"is_trial":false,"path_per_floor":["M","?","$","?","?","E","M","M","T","M","?","M","R","?","R"],"character_chosen":"THE_SILENT","items_purchased":["Happy Flower"],"campfire_rested":1,"item_purchase_floors":[3],"current_hp_per_floor":[55,44,44,44,59,26,25,25,25,25,25,25,43,48,48,0],"gold":131,"neow_bonus":"THREE_RARE_CARDS","is_prod":false,"is_daily":false,"chose_seed":false,"campfire_upgraded":1,"win_rate":0,"timestamp":1535492487,"path_taken":["M","?","$","?","?","E","M","M","T","?","?","M","R","?","R","BOSS"],"build_version":"2018-08-23v2","purchased_purges":0,"victory":false,"max_hp_per_floor":[63,63,63,63,63,63,63,63,63,63,63,63,63,68,68,68],"card_choices":[{"not_picked":["Unload","Grand Finale"],"picked":"Envenom","floor":0},{"not_picked":["Outmaneuver","Deflect"],"picked":"Poisoned Stab","floor":1},{"not_picked":["Concentrate","Caltrops"],"picked":"Cloak And Dagger","floor":6},{"not_picked":["Reflex","Caltrops"],"picked":"Heel Hook+1","floor":7},{"not_picked":["Acrobatics","Flying Knee+1"],"picked":"Riddle With Holes+1","floor":8},{"not_picked":["Choke+1","Dodge and Roll"],"picked":"PiercingWail","floor":10},{"not_picked":["Outmaneuver","Quick Slash+1"],"picked":"Dodge and Roll","floor":12}],"player_experience":205633,"relics_obtained":[{"floor":6,"key":"Molten Egg 2"},{"floor":9,"key":"Matryoshka"}],"event_choices":[{"event_name":"World of Goop","player_choice":"Gather Gold","floor":2,"damage_taken":0},{"event_name":"Golden Idol","player_choice":"Take Wound","floor":4,"damage_taken":0},{"event_name":"The Cleric","player_choice":"Healed","floor":5,"damage_taken":0},{"event_name":"Living Wall","player_choice":"Grow","floor":11,"damage_taken":0},{"event_name":"Big Fish","player_choice":"Donut","floor":14,"damage_taken":0}],"is_beta":false,"boss_relics":[],"items_purged_floors":[],"is_endless":false,"potions_floor_spawned":[7,12],"killed_by":"Slime Boss","ascension_level":1}