{"gold_per_floor":[114,74,89,106,106,106,119,119,119,153,62,62,93,104,104,180,180,190,190,115,134,166,198,198,224,224,244,244,244,263,297,297,370,370,384,384,434,454,464,464,478,478,502,502],"floor_reached":44,"playtime":8022,"items_purged":["Pain"],"score":1002,"play_id":"9d162733-c86e-4c86-b8cb-00586bfb49d6","local_time":"20190524171331","is_ascension_mode":true,"campfire_choices":[{"data":"Dagger Spray","floor":6.0,"key":"SMITH"},{"floor":8.0,"key":"REST"},{"data":"Flying Knee","floor":15.0,"key":"SMITH"},{"floor":24.0,"key":"REST"},{"data":"Crippling Poison","floor":28.0,"key":"SMITH"},{"floor":32.0,"key":"REST"},{"data":"Footwork","floor":40.0,"key":"SMITH"},{"data":"Wraith Form v2","floor":42.0,"key":"SMITH"}],"neow_cost":"TEN_PERCENT_HP_LOSS","seed_source_timestamp":0,"circlet_count":0,"master_deck":["AscendersBane","Defend_G+1","Defend_G+1","Defend_G+1","Defend_G+1","Defend_G+1","Strike_G+1","Strike_G+1","Strike_G+1","Survivor","Neutralize","Flying Knee+1","Well Laid Plans","Backstab+1","Dagger Spray+1","Dagger Throw+1","Footwork+1","Infinite Blades","Prepared","Crippling Poison+1","Adrenaline","Noxious Fumes","Blade Dance","Footwork","Bullet Time","Dodge and Roll","Noxious Fumes","Wraith Form v2+1","Underhanded Strike+1","Die Die Die+1","Escape Plan","Corpse Explosion","Caltrops","Acrobatics"],"special_seed":0,"relics":["Ring of the Snake","Pear","Mummified Hand","WarpedTongs","Shuriken","Runic Pyramid","Red Mask","Prayer Wheel","Molten Egg 2","Bottled Flame","Whetstone","Sozu","Art of War"],"potions_floor_usage":[],"damage_taken":[{"damage":11.0,"enemies":"Cultist","floor":1.0,"turns":7.0},{"damage":1.0,"enemies":"2 Louse","floor":3.0,"turns":4.0},{"damage":0.0,"enemies":"Small Slimes","floor":4.0,"turns":4.0},{"damage":0.0,"enemies":"Exordium Wildlife","floor":7.0,"turns":2.0},{"damage":16.0,"enemies":"Lagavulin","floor":10.0,"turns":7.0},{"damage":11.0,"enemies":"3 Sentries","floor":13.0,"turns":6.0},{"damage":1.0,"enemies":"3 Louse","floor":14.0,"turns":2.0},{"damage":26.0,"enemies":"Slime Boss","floor":16.0,"turns":8.0},{"damage":10.0,"enemies":"Spheric Guardian","floor":18.0,"turns":7.0},{"damage":8.0,"enemies":"3 Byrds","floor":21.0,"turns":4.0},{"damage":6.0,"enemies":"Masked Bandits","floor":22.0,"turns":4.0},{"damage":8.0,"enemies":"Book of Stabbing","floor":23.0,"turns":5.0},{"damage":0.0,"enemies":"Slavers","floor":25.0,"turns":4.0},{"damage":11.0,"enemies":"Snake Plant","floor":27.0,"turns":5.0},{"damage":26.0,"enemies":"Shelled Parasite and Fungi","floor":30.0,"turns":5.0},{"damage":2.0,"enemies":"Book of Stabbing","floor":31.0,"turns":6.0},{"damage":20.0,"enemies":"Champ","floor":33.0,"turns":11.0},{"damage":27.0,"enemies":"3 Darklings","floor":35.0,"turns":4.0},{"damage":5.0,"enemies":"3 Shapes","floor":38.0,"turns":3.0},{"damage":20.0,"enemies":"Transient","floor":39.0,"turns":6.0},{"damage":0.0,"enemies":"Jaw Worm Horde","floor":41.0,"turns":4.0},{"damage":42,"enemies":"Nemesis","floor":44,"turns":8}],"seed_played":"9024752114163082848","potions_obtained":[{"floor":1.0,"key":"AttackPotion"},{"floor":16.0,"key":"GhostInAJar"},{"floor":18.0,"key":"AttackPotion"},{"floor":21.0,"key":"GhostInAJar"},{"floor":22.0,"key":"EntropicBrew"},{"floor":31.0,"key":"Energy Potion"}],"is_trial":false,"path_per_floor":["M","$","M","M","?","R","M","R","T","E","$","?","E","M","R","B",null,"M","?","$","M","?","E","R","E","T","M","R","?","M","E","R","B",null,"M","?","?","M","M","R","M","R","T","E"],"character_chosen":"THE_SILENT","items_purchased":["Well Laid Plans","Infinite Blades","AttackPotion"],"campfire_rested":3,"item_purchase_floors":[2,11,11],"current_hp_per_floor":[48,48,47,47,29,29,29,47,57,41,41,41,30,29,29,3,53,43,43,43,35,29,21,42,42,42,31,31,31,5,3,24,4,54,27,57,57,52,32,32,32,32,32,0],"gold":502,"neow_bonus":"REMOVE_TWO","is_prod":false,"is_daily":false,"chose_seed":false,"campfire_upgraded":5,"win_rate":0,"timestamp":1558743211,"path_taken":["M","$","M","M","?","R","M","R","T","E","$","?","E","?","R","BOSS","M","?","$","M","?","E","R","E","T","M","R","?","M","E","R","BOSS","M","?","?","M","?","R","M","R","T","E"],"build_version":"2019-01-23","purchased_purges":1,"victory":false,"max_hp_per_floor":[60,60,60,60,60,60,60,60,70,70,70,70,70,70,70,70,70,70,70,70,70,70,70,70,70,70,70,70,70,70,70,70,70,70,70,57,57,57,57,57,57,57,57,57],"card_choices":[{"not_picked":["Masterful Stab","Cloak And Dagger"],"picked":"Flying Knee","floor":1.0},{"not_picked":["Footwork","Flechettes"],"picked":"Backstab","floor":3.0},{"not_picked":["Deadly Poison","Sucker Punch"],"picked":"Dagger Spray","floor":4.0},{"not_picked":["Dagger Spray","Expertise"],"picked":"Dagger Throw","floor":7.0},{"not_picked":["Cloak And Dagger","Tools of the Trade"],"picked":"Footwork","floor":10.0},{"not_picked":["Quick Slash","Distraction"],"picked":"Prepared","floor":13.0},{"not_picked":["Deadly Poison","Heel Hook"],"picked":"Crippling Poison","floor":14.0},{"not_picked":["Venomology","Tools of the Trade"],"picked":"Adrenaline","floor":16.0},{"not_picked":["Acrobatics+1","Blade Dance"],"picked":"Noxious Fumes","floor":18.0},{"not_picked":["Dagger Throw","Choke"],"picked":"Blade Dance","floor":21.0},{"not_picked":["Slice","All Out Attack"],"picked":"Footwork","floor":22.0},{"not_picked":["Flechettes","Footwork"],"picked":"Bullet Time","floor":23.0},{"not_picked":["Backflip","Backstab"],"picked":"Dodge and Roll","floor":25.0},{"not_picked":["Poisoned Stab+1","Slice+1"],"picked":"Noxious Fumes","floor":27.0},{"not_picked":["Flechettes+1","Outmaneuver","Expertise"],"picked":"SKIP","floor":27.0},{"not_picked":["Setup","Masterful Stab+1"],"picked":"Wraith Form v2","floor":30.0},{"not_picked":["Deflect","Poisoned Stab+1","Blade Dance"],"picked":"SKIP","floor":30.0},{"not_picked":["Setup","Dagger Throw+1"],"picked":"Underhanded Strike+1","floor":31.0},{"not_picked":["Venomology","Envenom"],"picked":"Die Die Die+1","floor":33.0},{"not_picked":["Predator+1","Flying Knee+1"],"picked":"Escape Plan","floor":35.0},{"not_picked":["Deadly Poison","Dagger Throw+1","Acrobatics+1"],"picked":"SKIP","floor":35.0},{"not_picked":["Choke+1","Flying Knee+1"],"picked":"Corpse Explosion","floor":38.0},{"not_picked":["Backflip","Dagger Throw+1","Slice+1"],"picked":"SKIP","floor":38.0},{"not_picked":["Predator+1","Outmaneuver"],"picked":"Caltrops","floor":39.0},{"not_picked":["Predator+1","Riddle With Holes+1","Slice+1"],"picked":"SKIP","floor":39.0},{"not_picked":["Blade Dance+1","Quick Slash+1"],"picked":"Acrobatics","floor":41.0},{"not_picked":["Poisoned Stab+1","Slice+1","Flying Knee+1"],"picked":"SKIP","floor":41.0}],"player_experience":1426523,"relics_obtained":[{"floor":9.0,"key":"Pear"},{"floor":10.0,"key":"Mummified Hand"},{"floor":13.0,"key":"Shuriken"},{"floor":22.0,"key":"Red Mask"},{"floor":23.0,"key":"Prayer Wheel"},{"floor":25.0,"key":"Molten Egg 2"},{"floor":26.0,"key":"Bottled Flame"},{"floor":31.0,"key":"Whetstone"},{"floor":43.0,"key":"Art of War"}],"event_choices":[{"damage_healed":0.0,"max_hp_gain":0.0,"max_hp_loss":0.0,"gold_gain":0.0,"event_name":"Shining Light","player_choice":"Entered Light","floor":5.0,"gold_loss":0.0,"damage_taken":18.0,"cards_upgraded":["Defend_G","Defend_G"]},{"damage_healed":0.0,"max_hp_gain":0.0,"max_hp_loss":0.0,"gold_gain":0.0,"event_name":"Accursed Blacksmith","player_choice":"Rummage","floor":12.0,"gold_loss":0.0,"damage_taken":0.0,"relics_obtained":["WarpedTongs"],"cards_obtained":["Pain"]},{"damage_healed":0.0,"max_hp_gain":0.0,"max_hp_loss":0.0,"gold_gain":0.0,"event_name":"Back to Basics","player_choice":"Simplicity","floor":19.0,"gold_loss":0.0,"damage_taken":0.0,"cards_upgraded":["Defend_G","Defend_G","Defend_G","Strike_G","Strike_G","Strike_G"]},{"damage_healed":0.0,"max_hp_gain":0.0,"max_hp_loss":0.0,"gold_gain":0.0,"event_name":"Masked Bandits","player_choice":"Fought Bandits","floor":22.0,"gold_loss":0.0,"damage_taken":0.0},{"damage_healed":0.0,"max_hp_gain":0.0,"max_hp_loss":0.0,"gold_gain":0.0,"event_name":"Ghosts","player_choice":"Ignored","floor":29.0,"gold_loss":0.0,"damage_taken":0.0},{"damage_healed":57.0,"max_hp_gain":0.0,"max_hp_loss":13.0,"gold_gain":0.0,"event_name":"The Moai Head","player_choice":"Heal","floor":36.0,"gold_loss":0.0,"damage_taken":0.0},{"damage_healed":0.0,"max_hp_gain":0.0,"max_hp_loss":0.0,"gold_gain":50.0,"event_name":"Golden Shrine","player_choice":"Pray","floor":37.0,"gold_loss":0.0,"damage_taken":0.0}],"is_beta":false,"boss_relics":[{"not_picked":["Ectoplasm","Calling Bell"],"picked":"Runic Pyramid"},{"not_picked":["Ring of the Serpent","Coffee Dripper"],"picked":"Sozu"}],"items_purged_floors":[20],"is_endless":false,"potions_floor_spawned":[1,16,18,21,22,31,35,41],"killed_by":"Nemesis","ascension_level":20}