{"gold_per_floor":[109,23,73,84,102,102,129,129,152,185,201,212,243,77,77,149,149,161,1,24,24,35,63,63,93,117,127,154,154,184,184,184,258,308,326,343,99,99,109,134,148,148,199,199,227,238,109,125,125,125],"floor_reached":51,"playtime":3018,"items_purged":["Strike_R"],"score":1553,"play_id":"11170b81-1d6f-4c44-8b80-e7d49a14a480","local_time":"20190205122617","is_ascension_mode":true,"campfire_choices":[{"data":"Shrug It Off","floor":6,"key":"SMITH"},{"floor":8,"key":"REST"},{"floor":15,"key":"REST"},{"floor":24,"key":"REST"},{"floor":29,"key":"REST"},{"floor":32,"key":"REST"},{"floor":42,"key":"REST"},{"floor":44,"key":"REST"},{"floor":49,"key":"REST"}],"neow_cost":"NONE","seed_source_timestamp":1242885771175448,"circlet_count":0,"master_deck":["AscendersBane","Strike_R","Strike_R","Strike_R","Strike_R+1","Defend_R","Defend_R+1","Defend_R","Defend_R","Bash+1","Perfected Strike","Feel No Pain","Inflame","Shrug It Off+1","Rage","Clothesline","Corruption","Battle Trance+1","Infernal Blade","Offering","Twin Strike","Shrug It Off","Reaper+1","Perfected Strike","Perfected Strike+1","Rage","Pommel Strike","Impervious","Sword Boomerang","Twin Strike","Pommel Strike","Feel No Pain","Perfected Strike+1","Demon Form","Pommel Strike","Sentinel","Demon Form","Sword Boomerang","Twin Strike"],"relics":["Burning Blood","Red Skull","Lantern","Pear","War Paint","Bronze Scales","Philosopher\u0027s Stone","Blood Vial","Anchor","Self Forming Clay","Mercury Hourglass","Potion Belt","Blue Candle","Bottled Tornado","Tiny House","PreservedInsect","Whetstone","Oddly Smooth Stone","Pen Nib"],"potions_floor_usage":[10,10,11,23,27,33,41,45,50,50,50,50],"damage_taken":[{"damage":1,"enemies":"Cultist","floor":1,"turns":3},{"damage":4,"enemies":"Small Slimes","floor":4,"turns":3},{"damage":9,"enemies":"2 Louse","floor":5,"turns":2},{"damage":35,"enemies":"3 Sentries","floor":7,"turns":10},{"damage":20,"enemies":"Lagavulin","floor":10,"turns":6},{"damage":26,"enemies":"Exordium Thugs","floor":11,"turns":5},{"damage":13,"enemies":"Red Slaver","floor":12,"turns":4},{"damage":6,"enemies":"Gremlin Nob","floor":13,"turns":3},{"damage":29,"enemies":"Slime Boss","floor":16,"turns":10},{"damage":0,"enemies":"Chosen","floor":18,"turns":3},{"damage":13,"enemies":"Shell Parasite","floor":22,"turns":4},{"damage":36,"enemies":"Slavers","floor":23,"turns":4},{"damage":66,"enemies":"Gremlin Leader","floor":25,"turns":5},{"damage":6,"enemies":"Sentry and Sphere","floor":27,"turns":3},{"damage":16,"enemies":"Slavers","floor":28,"turns":4},{"damage":26,"enemies":"Book of Stabbing","floor":30,"turns":4},{"damage":73,"enemies":"Automaton","floor":33,"turns":8},{"damage":0,"enemies":"Orb Walker","floor":35,"turns":3},{"damage":2,"enemies":"3 Shapes","floor":36,"turns":4},{"damage":10,"enemies":"Writhing Mass","floor":39,"turns":4},{"damage":63,"enemies":"Giant Head","floor":40,"turns":6},{"damage":7,"enemies":"Transient","floor":41,"turns":6},{"damage":7,"enemies":"Reptomancer","floor":45,"turns":4},{"damage":18,"enemies":"Jaw Worm Horde","floor":46,"turns":3},{"damage":26,"enemies":"Maw","floor":48,"turns":7},{"damage":70,"enemies":"Donu and Deca","floor":50,"turns":8}],"seed_played":"8327893450434156219","potions_obtained":[{"floor":0,"key":"SkillPotion"},{"floor":0,"key":"Regen Potion"},{"floor":0,"key":"Poison Potion"},{"floor":10,"key":"Explosive Potion"},{"floor":16,"key":"Poison Potion"},{"floor":22,"key":"GamblersBrew"},{"floor":23,"key":"BloodPotion"},{"floor":25,"key":"Energy Potion"},{"floor":34,"key":"Dexterity Potion"},{"floor":36,"key":"SkillPotion"},{"floor":40,"key":"AttackPotion"},{"floor":41,"key":"SkillPotion"},{"floor":46,"key":"Fire Potion"},{"floor":48,"key":"Swift Potion"}],"is_trial":false,"path_per_floor":["M","$","?","M","M","R","E","R","T","E","M","M","E","$","R","B",null,"M","$","T","$","M","E","R","E","T","M","E","R","E","?","R","B",null,"M","M","$","?","M","E","M","R","T","R","E","M","$","M","R","B",null],"character_chosen":"IRONCLAD","items_purchased":["Feel No Pain","Bronze Scales","Blood Vial","PreservedInsect","Feel No Pain","Fire Potion"],"campfire_rested":8,"item_purchase_floors":[2,14,19,37,37,47],"current_hp_per_floor":[73,73,66,68,65,65,36,58,58,66,46,39,39,39,64,41,74,80,80,80,80,75,47,72,14,14,33,33,58,46,46,71,16,73,81,90,90,90,86,38,39,66,66,90,89,78,78,67,90,41],"gold":125,"neow_bonus":"THREE_SMALL_POTIONS","is_prod":false,"is_daily":false,"chose_seed":false,"campfire_upgraded":1,"win_rate":0,"timestamp":1549362377,"path_taken":["M","$","?","M","M","R","E","R","T","E","M","M","E","$","R","BOSS","M","$","?","?","M","E","R","E","T","M","E","R","E","?","R","BOSS","M","M","$","?","M","E","M","R","T","R","E","M","?","?","R","BOSS"],"build_version":"2019-01-23","purchased_purges":1,"victory":true,"max_hp_per_floor":[75,75,75,75,75,75,75,75,75,85,85,85,85,85,85,85,85,85,85,85,85,85,85,85,85,85,85,85,85,85,85,85,85,90,90,90,90,90,90,90,90,90,90,90,90,90,90,90,90,90],"card_choices":[{"not_picked":["Pommel Strike","Evolve"],"picked":"Perfected Strike","floor":1},{"not_picked":["Shockwave","Havoc"],"picked":"Inflame","floor":4},{"not_picked":["Anger","Burning Pact"],"picked":"Shrug It Off","floor":5},{"not_picked":["Intimidate","Shockwave"],"picked":"Rage","floor":7},{"not_picked":["Entrench","Flex"],"picked":"Clothesline","floor":10},{"not_picked":["Warcry","Wild Strike"],"picked":"Corruption","floor":11},{"not_picked":["Intimidate","Anger"],"picked":"Battle Trance","floor":12},{"not_picked":["Brutality","Entrench"],"picked":"Infernal Blade","floor":13},{"not_picked":["Fiend Fire","Berserk"],"picked":"Offering","floor":16},{"not_picked":["Seeing Red","True Grit+1"],"picked":"Twin Strike","floor":18},{"not_picked":["Seeing Red","Armaments"],"picked":"Shrug It Off","floor":22},{"not_picked":["Clothesline","Dropkick"],"picked":"Reaper","floor":23},{"not_picked":["Havoc","Hemokinesis"],"picked":"Perfected Strike","floor":25},{"not_picked":["Inflame","Disarm"],"picked":"Perfected Strike+1","floor":27},{"not_picked":["Corruption","Thunderclap"],"picked":"Rage","floor":28},{"not_picked":["Armaments","Wild Strike"],"picked":"Pommel Strike","floor":30},{"not_picked":["Immolate","Bludgeon"],"picked":"Impervious","floor":33},{"not_picked":["Cleave","Clothesline"],"picked":"Sword Boomerang","floor":34},{"not_picked":["Rupture+1","Shockwave+1"],"picked":"Twin Strike","floor":35},{"not_picked":["Corruption","Warcry"],"picked":"Pommel Strike","floor":36},{"not_picked":["Fire Breathing","Warcry+1"],"picked":"Demon Form","floor":39},{"not_picked":["Warcry","Anger"],"picked":"Pommel Strike","floor":40},{"not_picked":["Clothesline+1","True Grit"],"picked":"Sentinel","floor":41},{"not_picked":["Havoc+1","Flex"],"picked":"Demon Form","floor":45},{"not_picked":["Hemokinesis","Anger"],"picked":"Sword Boomerang","floor":46},{"not_picked":["Heavy Blade+1","Clash"],"picked":"Twin Strike","floor":48}],"player_experience":424492,"relics_obtained":[{"floor":7,"key":"Red Skull"},{"floor":9,"key":"Lantern"},{"floor":10,"key":"Pear"},{"floor":13,"key":"War Paint"},{"floor":20,"key":"Anchor"},{"floor":23,"key":"Self Forming Clay"},{"floor":25,"key":"Mercury Hourglass"},{"floor":26,"key":"Potion Belt"},{"floor":28,"key":"Blue Candle"},{"floor":30,"key":"Bottled Tornado"},{"floor":40,"key":"Whetstone"},{"floor":43,"key":"Oddly Smooth Stone"},{"floor":45,"key":"Pen Nib"}],"event_choices":[{"damage_healed":0,"gold_gain":50,"player_choice":"Touch","damage_taken":7,"max_hp_gain":0,"max_hp_loss":0,"event_name":"FaceTrader","floor":3,"gold_loss":0},{"damage_healed":0,"gold_gain":0,"player_choice":"Ignored","damage_taken":0,"max_hp_gain":0,"max_hp_loss":0,"event_name":"Vampires","floor":31,"gold_loss":0},{"damage_healed":0,"gold_gain":0,"player_choice":"Copied","damage_taken":0,"max_hp_gain":0,"max_hp_loss":0,"event_name":"Duplicator","floor":38,"gold_loss":0,"cards_obtained":["Perfected Strike"]}],"is_beta":true,"boss_relics":[{"not_picked":["Empty Cage","Runic Cube"],"picked":"Philosopher\u0027s Stone"},{"not_picked":["Runic Dome","Velvet Choker"],"picked":"Tiny House"}],"items_purged_floors":[47],"is_endless":false,"potions_floor_spawned":[5,7,10,16,22,23,25,36,40,41,46,48],"ascension_level":18}