{"gold_per_floor":[210,230,244,25,25,55,55,87,160,160,187,187,206,221,221,298,298,311,8,28,28,40,40,40,40,40,54,66,66,66,92,92,164,214,227,53,53,13,26,26,40,40,40,54,71,71,71,81,81,81],"floor_reached":51,"playtime":3563,"items_purged":["Strike_G","Strike_G"],"score":1190,"play_id":"77400e9c-95cc-4f6a-9565-5522681973ef","local_time":"20190525212143","is_ascension_mode":true,"campfire_choices":[{"data":"Footwork","floor":7,"key":"SMITH"},{"floor":10,"key":"REST"},{"data":"Backstab","floor":12,"key":"SMITH"},{"data":"Bouncing Flask","floor":15,"key":"SMITH"},{"data":"Apotheosis","floor":23,"key":"SMITH"},{"data":"Cloak And Dagger","floor":29,"key":"SMITH"},{"floor":32,"key":"REST"},{"data":"Cloak And Dagger","floor":42,"key":"SMITH"},{"floor":47,"key":"REST"},{"floor":49,"key":"REST"}],"neow_cost":"NONE","seed_source_timestamp":531209353719651,"circlet_count":0,"master_deck":["AscendersBane","Defend_G","Defend_G","Defend_G","Defend_G","Defend_G","Strike_G+1","Survivor","Neutralize+1","Predator+1","Footwork+1","Leg Sweep","Bouncing Flask+1","Escape Plan","Backstab+1","Leg Sweep","PiercingWail","Envenom","Underhanded Strike+1","Noxious Fumes","Apotheosis+1","Backflip","PiercingWail","Cloak And Dagger+1","Backflip+1","After Image","Well Laid Plans+1","Malaise","Cloak And Dagger+1","Catalyst","Skewer","Tactician","Acrobatics","Parasite","Tools of the Trade","Backflip","Impatience","Violence","Madness","Underhanded Strike"],"relics":["Ring of the Snake","Mango","Whetstone","Kunai","Gremlin Horn","HoveringKite","Mercury Hourglass","Regal Pillow","Tiny House","Unceasing Top"],"potions_floor_usage":[6,8,22,22,33,45,50,50],"damage_taken":[{"damage":1,"enemies":"Small Slimes","floor":1,"turns":4},{"damage":0,"enemies":"Cultist","floor":2,"turns":4},{"damage":0,"enemies":"Jaw Worm","floor":3,"turns":5},{"damage":28,"enemies":"Lagavulin","floor":6,"turns":11},{"damage":13,"enemies":"Gremlin Nob","floor":8,"turns":5},{"damage":6,"enemies":"Lagavulin","floor":11,"turns":7},{"damage":0,"enemies":"Lots of Slimes","floor":13,"turns":2},{"damage":0,"enemies":"Looter","floor":14,"turns":4},{"damage":9,"enemies":"Hexaghost","floor":16,"turns":11},{"damage":0,"enemies":"Chosen","floor":18,"turns":5},{"damage":0,"enemies":"3 Byrds","floor":20,"turns":5},{"damage":3,"enemies":"3 Cultists","floor":22,"turns":6},{"damage":1,"enemies":"Snake Plant","floor":27,"turns":4},{"damage":0,"enemies":"Centurion and Healer","floor":28,"turns":6},{"damage":10,"enemies":"Book of Stabbing","floor":31,"turns":6},{"damage":11,"enemies":"Collector","floor":33,"turns":12},{"damage":15,"enemies":"Orb Walker","floor":35,"turns":5},{"damage":9,"enemies":"3 Darklings","floor":39,"turns":6},{"damage":12,"enemies":"Jaw Worm Horde","floor":41,"turns":6},{"damage":17,"enemies":"Writhing Mass","floor":44,"turns":9},{"damage":11,"enemies":"Transient","floor":45,"turns":5},{"damage":0,"enemies":"3 Darklings","floor":48,"turns":6},{"damage":45,"enemies":"Donu and Deca","floor":50,"turns":11}],"seed_played":"-854081237231147409","potions_obtained":[{"floor":1,"key":"Ancient Potion"},{"floor":3,"key":"Explosive Potion"},{"floor":6,"key":"SkillPotion"},{"floor":13,"key":"Fire Potion"},{"floor":14,"key":"Fire Potion"},{"floor":22,"key":"PowerPotion"},{"floor":27,"key":"Fire Potion"},{"floor":33,"key":"Strength Potion"},{"floor":48,"key":"Swift Potion"}],"is_trial":false,"path_per_floor":["M","M","M","$","?","E","R","E","T","R","E","R","M","M","R","B",null,"M","$","M","?","M","R","?","?","T","M","M","R","?","E","R","B",null,"M","$","?","$","M","?","M","R","T","M","M","?","R","M","R","B",null],"character_chosen":"THE_SILENT","items_purchased":["Footwork","Leg Sweep","Noxious Fumes","Apotheosis","Backflip","Catalyst","Skewer"],"campfire_rested":4,"item_purchase_floors":[4,4,19,19,19,36,38],"current_hp_per_floor":[58,58,58,58,58,44,44,31,31,55,49,49,49,49,49,40,70,70,70,70,70,67,67,67,44,44,43,43,43,43,33,73,62,84,69,69,69,69,60,60,48,48,48,31,20,10,52,52,90,45],"gold":81,"neow_bonus":"HUNDRED_GOLD","is_prod":false,"is_daily":false,"chose_seed":false,"campfire_upgraded":6,"win_rate":0,"timestamp":1558844503,"path_taken":["M","M","M","$","?","E","R","E","T","R","E","R","?","M","R","BOSS","M","$","M","?","?","R","?","?","T","M","M","R","?","E","R","BOSS","M","$","?","?","M","?","M","R","T","M","?","?","R","M","R","BOSS"],"build_version":"2019-01-23","purchased_purges":2,"victory":true,"max_hp_per_floor":[66,66,66,66,66,80,80,80,80,80,80,80,80,80,80,80,80,80,80,80,80,80,80,80,85,85,85,85,85,85,85,85,85,90,90,90,90,90,90,90,90,90,90,90,90,90,90,90,90,90],"card_choices":[{"not_picked":["Flying Knee","Accuracy"],"picked":"Predator","floor":1},{"not_picked":["Blade Dance","Eviscerate","Choke"],"picked":"SKIP","floor":2},{"not_picked":["Dagger Spray","Sucker Punch","Deadly Poison"],"picked":"SKIP","floor":3},{"not_picked":["Sucker Punch","Terror"],"picked":"Bouncing Flask","floor":6},{"not_picked":["Outmaneuver","Flying Knee"],"picked":"Escape Plan","floor":8},{"not_picked":["Finisher","Choke"],"picked":"Backstab","floor":11},{"not_picked":["Poisoned Stab","Phantasmal Killer"],"picked":"Leg Sweep","floor":13},{"not_picked":["Acrobatics","Outmaneuver"],"picked":"PiercingWail","floor":14},{"not_picked":["Die Die Die","Wraith Form v2"],"picked":"Envenom","floor":16},{"not_picked":["Dodge and Roll","Prepared"],"picked":"Underhanded Strike+1","floor":18},{"not_picked":["Poisoned Stab","Blade Dance"],"picked":"PiercingWail","floor":20},{"not_picked":["Quick Slash","Deadly Poison"],"picked":"Cloak And Dagger","floor":22},{"not_picked":["PiercingWail","Choke"],"picked":"Backflip","floor":27},{"not_picked":["Blur","Flying Knee"],"picked":"After Image","floor":28},{"not_picked":["Acrobatics","Cloak And Dagger"],"picked":"Well Laid Plans","floor":31},{"not_picked":["Tools of the Trade","Unload"],"picked":"Malaise","floor":33},{"not_picked":["Acrobatics","Dagger Spray"],"picked":"Cloak And Dagger","floor":34},{"not_picked":["Sucker Punch","Eviscerate","Dagger Throw"],"picked":"SKIP","floor":35},{"not_picked":["Glass Knife","Dagger Throw+1"],"picked":"Tactician","floor":39},{"not_picked":["Caltrops","PiercingWail"],"picked":"Acrobatics","floor":41},{"not_picked":["Setup+1","Outmaneuver"],"picked":"Tools of the Trade","floor":44},{"not_picked":["Deflect+1","Backstab"],"picked":"Backflip","floor":45},{"not_picked":["Secret Weapon","Finesse"],"picked":"Impatience","floor":46},{"not_picked":["Thinking Ahead","Deep Breath"],"picked":"Violence","floor":46},{"not_picked":["Violence","Forethought"],"picked":"Madness","floor":46},{"not_picked":["Choke","Quick Slash"],"picked":"Underhanded Strike","floor":48}],"player_experience":414021,"relics_obtained":[{"floor":6,"key":"Mango"},{"floor":8,"key":"Whetstone"},{"floor":9,"key":"Kunai"},{"floor":11,"key":"Gremlin Horn"},{"floor":26,"key":"Mercury Hourglass"},{"floor":31,"key":"Regal Pillow"},{"floor":43,"key":"Unceasing Top"}],"event_choices":[{"damage_healed":0,"gold_gain":0,"player_choice":"Upgraded","damage_taken":0,"max_hp_gain":0,"max_hp_loss":0,"event_name":"Upgrade Shrine","floor":5,"gold_loss":0,"cards_upgraded":["Predator"]},{"cards_removed":["Strike_G"],"damage_healed":0,"gold_gain":0,"player_choice":"Card Removal","damage_taken":0,"max_hp_gain":0,"max_hp_loss":0,"event_name":"Wheel of Change","floor":21,"gold_loss":0},{"damage_healed":0,"gold_gain":0,"player_choice":"Ignored","damage_taken":0,"max_hp_gain":0,"max_hp_loss":0,"event_name":"Vampires","floor":24,"gold_loss":0},{"damage_healed":0,"gold_gain":0,"player_choice":"Shed Blood","damage_taken":28,"max_hp_gain":5,"max_hp_loss":0,"event_name":"Forgotten Altar","floor":25,"gold_loss":0},{"damage_healed":0,"gold_gain":0,"player_choice":"Ignored","damage_taken":0,"max_hp_gain":0,"max_hp_loss":0,"event_name":"Beggar","floor":30,"gold_loss":0},{"cards_removed":["Strike_G"],"damage_healed":0,"gold_gain":0,"player_choice":"Offered Basic","damage_taken":0,"max_hp_gain":0,"max_hp_loss":0,"event_name":"Bonfire Elementals","floor":37,"gold_loss":0},{"damage_healed":0,"gold_gain":0,"player_choice":"Upgraded","damage_taken":0,"max_hp_gain":0,"max_hp_loss":0,"event_name":"Upgrade Shrine","floor":40,"gold_loss":0,"cards_upgraded":["Well Laid Plans"]},{"damage_healed":0,"gold_gain":0,"player_choice":"Memory 3","damage_taken":10,"max_hp_gain":0,"max_hp_loss":0,"event_name":"SensoryStone","floor":46,"gold_loss":0}],"is_beta":false,"boss_relics":[{"not_picked":["Eternal Feather","Ring of the Serpent"],"picked":"HoveringKite"},{"not_picked":["WristBlade","Calling Bell"],"picked":"Tiny House"}],"items_purged_floors":[4,36],"is_endless":false,"potions_floor_spawned":[1,3,6,13,14,16,22,27,33,35,44,48],"ascension_level":15}