{"path_per_floor":["M","?","?","M","?","E","R","M","T","M","M","M","M","?","R","B",null,"M","?","$","M","?","E","?","E","T","E","M","?","R","M","R"],"character_chosen":"THE_SILENT","items_purchased":["Cloak And Dagger","Well Laid Plans"],"gold_per_floor":[115,115,65,76,151,184,184,195,195,211,231,247,264,264,264,383,383,396,396,195,220,220,264,264,308,308,343,366,366,366,389,389,389],"floor_reached":33,"campfire_rested":2,"playtime":2160,"current_hp_per_floor":[63,63,63,63,52,34,52,51,65,60,56,48,48,29,52,5,77,65,65,65,63,63,48,48,8,8,7,7,94,94,94,94,0],"items_purged":["Strike_G"],"gold":389,"score":332,"play_id":"c4f4d4fc-b210-4757-8ce6-c962dc8b813b","local_time":"20180331094830","is_prod":false,"is_daily":false,"is_ascension_mode":false,"campfire_upgraded":2,"timestamp":1522514910,"path_taken":["M","?","?","M","?","E","R","M","T","M","M","M","M","?","R","BOSS","M","?","$","M","?","E","?","E","T","E","M","?","R","M","R","BOSS"],"build_version":"2018-03-29v2","purchased_purges":1,"victory":false,"master_deck":["Defend_G+1","Defend_G+1","Defend_G+1","Defend_G+1","Defend_G+1","Strike_G+1","Strike_G+1","Strike_G+1","Survivor","Neutralize+1","Blade Dance","Quick Slash","Calculated Gamble","Backstab","Quick Slash","Escape Plan","Quick Slash","Deflect","Venomology+1","Cloak And Dagger","Well Laid Plans","Dagger Throw","After Image+1","Dagger Throw+1","Cloak And Dagger+1"],"max_hp_per_floor":[63,63,63,63,63,63,63,63,77,77,77,77,77,77,77,77,77,77,77,77,77,77,84,84,84,84,84,84,94,94,94,94,94],"relics":["Ring of the Snake","Sundial","Dream Catcher","Mango","Golden Idol","Cursed Key","Strawberry","Mummified Hand","Shovel"],"card_choices":[{"not_picked":["Dodge and Roll","Outmaneuver"],"picked":"Blade Dance","floor":4},{"not_picked":["All Out Attack","Dagger Spray"],"picked":"Doppelganger","floor":6},{"not_picked":["PiercingWail","Underhanded Strike"],"picked":"Quick Slash","floor":7},{"not_picked":["Outmaneuver","PiercingWail"],"picked":"Calculated Gamble","floor":8},{"not_picked":["Outmaneuver","Endless Agony"],"picked":"Backstab","floor":10},{"not_picked":["Deadly Poison","Sucker Punch"],"picked":"Quick Slash","floor":11},{"not_picked":["Sucker Punch","Dodge and Roll"],"picked":"Escape Plan","floor":12},{"not_picked":["Finisher","Catalyst"],"picked":"Quick Slash","floor":13},{"not_picked":["Dagger Spray","Phantasmal Killer"],"picked":"Deflect","floor":15},{"not_picked":["Envenom","Burst"],"picked":"Venomology","floor":16},{"not_picked":["Deadly Poison","Prepared"],"picked":"Dagger Throw","floor":23},{"not_picked":["Crippling Poison","Flying Knee"],"picked":"After Image","floor":25},{"not_picked":["Deflect","Bullet Time"],"picked":"Dagger Throw","floor":27},{"not_picked":["Catalyst","Skewer"],"picked":"Cloak And Dagger","floor":31}],"player_experience":54531,"potions_floor_usage":[16,16,21,23,23,23,25,25,27,28,33],"damage_taken":[{"damage":0,"enemies":"2 Louse","floor":1,"turns":3},{"damage":0,"enemies":"Cultist","floor":4,"turns":4},{"damage":18,"enemies":"3 Sentries","floor":6,"turns":13},{"damage":1,"enemies":"Jaw Worm","floor":8,"turns":4},{"damage":5,"enemies":"2 Fungi Beasts","floor":10,"turns":3},{"damage":4,"enemies":"Large Slime","floor":11,"turns":6},{"damage":8,"enemies":"Exordium Thugs","floor":12,"turns":4},{"damage":0,"enemies":"Looter","floor":13,"turns":2},{"damage":47,"enemies":"Hexaghost","floor":16,"turns":12},{"damage":12,"enemies":"2 Thieves","floor":18,"turns":5},{"damage":2,"enemies":"Shell Parasite","floor":21,"turns":6},{"damage":22,"enemies":"Slavers","floor":23,"turns":8},{"damage":40,"enemies":"Gremlin Leader","floor":25,"turns":8},{"damage":1,"enemies":"Book of Stabbing","floor":27,"turns":6},{"damage":0,"enemies":"Centurion and Healer","floor":28,"turns":6},{"damage":0,"enemies":"3 Cultists","floor":31,"turns":6},{"damage":101,"enemies":"Champ","floor":33,"turns":18}],"event_choices":[{"event_name":"Upgrade Shrine","player_choice":"Upgraded","floor":2,"damage_taken":0},{"event_name":"The Cleric","player_choice":"Card Removal","floor":3,"damage_taken":0},{"event_name":"World of Goop","player_choice":"Gather Gold","floor":5,"damage_taken":0},{"event_name":"Golden Idol","player_choice":"Take Damage","floor":14,"damage_taken":0},{"event_name":"Ghosts","player_choice":"Ignored","floor":19,"damage_taken":0},{"event_name":"Back to Basics","player_choice":"Simplicity","floor":22,"damage_taken":0},{"event_name":"Drug Dealer","player_choice":"Ignored","floor":24,"damage_taken":0},{"event_name":"Bonfire Elementals","player_choice":"RARE","floor":29,"damage_taken":0}],"boss_relics":[{"not_picked":["White Beast Statue","Philosopher\u0027s Stone"],"picked":"Cursed Key"}],"potions_floor_spawned":[8,10,13,21,25],"seed_played":"3810122577646893717","killed_by":"Champ","ascension_level":0,"is_trial":false}