{"path_per_floor":["M","M","M","M","M","R","E","R","T","M","E","?","E","$","R","B",null,"M","?","M","M","M","R","M","E","T","R","M","M","R","?","R","B",null,"M","M","?","$","M","E","$","?","T","M","R","?","$","M","R","B"],"character_chosen":"IRONCLAD","items_purchased":["Molten Egg 2","Flex","Uppercut","Ancient Tea Set","Metallicize"],"gold_per_floor":[113,126,137,148,167,167,198,198,223,239,270,345,372,37,37,134,134,150,65,76,92,110,110,124,159,184,184,200,220,220,220,220,324,324,344,361,361,170,187,222,0,0,24,40,40,0,0,13,13,13],"floor_reached":51,"campfire_rested":4,"playtime":2681,"current_hp_per_floor":[80,78,78,76,67,67,51,51,51,47,43,32,21,21,60,42,80,80,80,78,71,69,69,64,42,49,49,40,42,42,42,83,35,87,87,85,74,74,72,52,52,52,52,30,71,71,71,63,87,47],"items_purged":["Strike_R","Bash"],"gold":13,"score":773,"play_id":"a9f2e6ee-c006-4c7a-9b29-067aeb24dea7","local_time":"20180323220916","is_prod":false,"is_daily":false,"is_ascension_mode":false,"campfire_upgraded":5,"timestamp":1521868156,"path_taken":["M","M","M","M","?","R","E","R","T","M","E","?","E","$","R","BOSS","M","?","M","?","M","R","M","E","T","R","M","M","R","?","R","BOSS","M","M","?","$","M","E","$","?","T","M","R","?","?","M","R","BOSS"],"build_version":"2018-03-22v2","purchased_purges":2,"victory":true,"master_deck":["Defend_R","Defend_R","Defend_R","Defend_R","Clothesline","Shrug It Off","Uppercut+1","Flex","Heavy Blade+1","Iron Wave+1","Shrug It Off","Pommel Strike+1","Heavy Blade+1","Offering","Pommel Strike+1","Headbutt+1","Pummel+1","Armaments","Spot Weakness","Iron Wave+1","Inflame+1","Shrug It Off","Clothesline+1","Flex","Uppercut+1","Shrug It Off+1","Dropkick+1","Bite+1","Bite+1","Bite+1","Bite+1","Bite+1","Double Tap","Thunderclap+1","Battle Trance","Madness","Flex","Uppercut+1","Twin Strike+1","Metallicize"],"max_hp_per_floor":[80,80,80,80,80,80,80,80,80,80,80,80,80,80,80,80,80,80,80,80,80,80,80,80,80,87,87,87,87,87,87,87,87,87,87,87,87,87,87,87,87,87,87,87,87,87,87,87,87,87],"relics":["Sozu","Whetstone","Regal Pillow","Vajra","Molten Egg 2","Orrery","Bronze Scales","Sundial","Strawberry","Runic Dome","Anchor","Ancient Tea Set","Bag of Marbles","Red Mask"],"card_choices":[{"not_picked":["Evolve","Seeing Red"],"picked":"Clothesline","floor":1},{"not_picked":["Twin Strike","Anger"],"picked":"Shrug It Off","floor":2},{"not_picked":["Burning Pact","Whirlwind"],"picked":"Uppercut","floor":3},{"not_picked":["Heavy Blade","Sword Boomerang"],"picked":"Flex","floor":4},{"not_picked":["Thunderclap","Hemokinesis"],"picked":"Heavy Blade","floor":5},{"not_picked":["Rampage","Immolate"],"picked":"Iron Wave","floor":7},{"not_picked":["Flame Barrier","Body Slam"],"picked":"Shrug It Off","floor":10},{"not_picked":["Entrench","Wild Strike"],"picked":"Pommel Strike","floor":11},{"not_picked":["Pummel","Flex"],"picked":"Heavy Blade","floor":13},{"not_picked":["Feed","Berserk"],"picked":"Offering","floor":16},{"not_picked":["Searing Blow","Headbutt"],"picked":"Pommel Strike","floor":17},{"not_picked":["Anger","Pummel"],"picked":"Headbutt","floor":17},{"not_picked":["True Grit","Perfected Strike"],"picked":"Pummel","floor":17},{"not_picked":["Twin Strike","Sever Soul"],"picked":"Armaments","floor":17},{"not_picked":["Carnage","Cleave"],"picked":"Spot Weakness","floor":17},{"not_picked":["Sword Boomerang","Inflame"],"picked":"Iron Wave","floor":18},{"not_picked":["Thunderclap","Seeing Red"],"picked":"Inflame","floor":20},{"not_picked":["Clash","Perfected Strike"],"picked":"Shrug It Off","floor":21},{"not_picked":["Flame Barrier","Armaments"],"picked":"Clothesline","floor":22},{"not_picked":["Dark Embrace","True Grit"],"picked":"Flex","floor":24},{"not_picked":["Dual Wield","Barricade"],"picked":"Uppercut","floor":25},{"not_picked":["Seeing Red","Inflame"],"picked":"Shrug It Off","floor":28},{"not_picked":["Sword Boomerang","Wild Strike"],"picked":"Dropkick","floor":29},{"not_picked":["Feed","Fiend Fire"],"picked":"Double Tap","floor":33},{"not_picked":["Uppercut","Intimidate"],"picked":"Thunderclap","floor":35},{"not_picked":["Clash","Intimidate"],"picked":"Battle Trance","floor":36},{"not_picked":["Rampage","Searing Blow"],"picked":"Twin Strike","floor":39}],"player_experience":25760,"potions_floor_usage":[],"damage_taken":[{"damage":0,"enemies":"Cultist","floor":1,"turns":2},{"damage":2,"enemies":"Small Slimes","floor":2,"turns":4},{"damage":0,"enemies":"2 Louse","floor":3,"turns":2},{"damage":2,"enemies":"Exordium Thugs","floor":4,"turns":4},{"damage":9,"enemies":"3 Louse","floor":5,"turns":3},{"damage":16,"enemies":"Lagavulin","floor":7,"turns":4},{"damage":4,"enemies":"Blue Slaver","floor":10,"turns":3},{"damage":4,"enemies":"Gremlin Nob","floor":11,"turns":3},{"damage":13,"enemies":"Lagavulin","floor":13,"turns":5},{"damage":20,"enemies":"Hexaghost","floor":16,"turns":8},{"damage":0,"enemies":"Spheric Guardian","floor":18,"turns":3},{"damage":2,"enemies":"Chosen","floor":20,"turns":3},{"damage":9,"enemies":"Centurion and Healer","floor":21,"turns":4},{"damage":4,"enemies":"Cultist and Chosen","floor":22,"turns":4},{"damage":7,"enemies":"Snake Plant","floor":24,"turns":3},{"damage":24,"enemies":"Book of Stabbing","floor":25,"turns":3},{"damage":11,"enemies":"Centurion and Healer","floor":28,"turns":5},{"damage":0,"enemies":"Snecko","floor":29,"turns":3},{"damage":54,"enemies":"Collector","floor":33,"turns":7},{"damage":0,"enemies":"Orb Walker","floor":35,"turns":2},{"damage":4,"enemies":"3 Shapes","floor":36,"turns":5},{"damage":14,"enemies":"Maw","floor":39,"turns":6},{"damage":32,"enemies":"Giant Head","floor":40,"turns":6},{"damage":31,"enemies":"Sphere and 2 Shapes","floor":44,"turns":6},{"damage":17,"enemies":"4 Shapes","floor":48,"turns":5},{"damage":43,"enemies":"Time Eater","floor":50,"turns":7}],"event_choices":[{"event_name":"World of Goop","player_choice":"Gather Gold","floor":12,"damage_taken":0},{"event_name":"Addict","player_choice":"Obtained Relic","floor":19,"damage_taken":0},{"event_name":"Vampires","player_choice":"Became a vampire (Vial)","floor":31,"damage_taken":0},{"event_name":"Winding Halls","player_choice":"Embrace Madness","floor":37,"damage_taken":0},{"event_name":"Tomb of Lord Red Mask","player_choice":"Paid","floor":46,"damage_taken":0}],"boss_relics":[{"not_picked":["Runic Cube","Eternal Feather"],"picked":"Orrery"},{"not_picked":["White Beast Statue","Astrolabe"],"picked":"Runic Dome"}],"potions_floor_spawned":[1,4,5,11,16,18,20,28,29,39,40,44,48],"seed_played":"3264751407237253171","ascension_level":0,"is_trial":false}