{"gold_per_floor":[118,118,134,43,53,53,80,96,96,128,138,168,187,54,54,158,158,168,187,187,187,187,187,201,61,84,84,84,10,41,57,57,155,155,168,168,17,35,35],"floor_reached":39,"playtime":1519,"items_purged":[],"score":558,"play_id":"0ef74987-6946-4159-8d20-596dd869d088","local_time":"20181103153129","is_ascension_mode":true,"campfire_choices":[{"data":"True Grit","floor":6,"key":"SMITH"},{"data":"Pommel Strike","floor":15,"key":"SMITH"},{"data":"Sentinel","floor":23,"key":"SMITH"},{"data":"Whirlwind","floor":27,"key":"SMITH"},{"data":"Iron Wave","floor":32,"key":"SMITH"}],"neow_cost":"NONE","seed_source_timestamp":849816718653153,"circlet_count":0,"master_deck":["Defend_R","Defend_R","Defend_R+1","Bash","True Grit+1","Sentinel+1","Pommel Strike+1","Anger","Bloodletting+1","Cleave","True Grit+1","Dual Wield+1","Sentinel+1","Armaments+1","Immolate+1","Sever Soul","Twin Strike+1","Bite","Bite","Bite","Bite","Bite","Thunderclap+1","Shrug It Off+1","Iron Wave+1","Whirlwind+1","Offering+1","Flex+1","Immolate","Headbutt","Madness+1","Madness+1","Warcry+1"],"relics":["Busted Crown","Toxic Egg 2","Mummified Hand","Darkstone Periapt","Art of War","Mark of Pain","MutagenicStrength","Blood Vial","Oddly Smooth Stone","Runic Pyramid","Orichalcum"],"potions_floor_usage":[7,10,12,33,33],"damage_taken":[{"damage":7,"enemies":"Small Slimes","floor":1,"turns":3},{"damage":0,"enemies":"Cultist","floor":3,"turns":3},{"damage":0,"enemies":"2 Louse","floor":5,"turns":3},{"damage":3,"enemies":"Gremlin Nob","floor":7,"turns":3},{"damage":0,"enemies":"Blue Slaver","floor":8,"turns":4},{"damage":21,"enemies":"3 Sentries","floor":10,"turns":8},{"damage":0,"enemies":"Large Slime","floor":11,"turns":4},{"damage":15,"enemies":"Gremlin Nob","floor":12,"turns":4},{"damage":6,"enemies":"Lots of Slimes","floor":13,"turns":4},{"damage":11,"enemies":"Hexaghost","floor":16,"turns":9},{"damage":17,"enemies":"Shell Parasite","floor":18,"turns":5},{"damage":0,"enemies":"Chosen","floor":19,"turns":3},{"damage":26,"enemies":"Shelled Parasite and Fungi","floor":24,"turns":6},{"damage":0,"enemies":"Gremlin Leader","floor":30,"turns":3},{"damage":0,"enemies":"Snecko","floor":31,"turns":3},{"damage":27,"enemies":"Collector","floor":33,"turns":6},{"damage":21,"enemies":"Orb Walker","floor":35,"turns":3},{"damage":8,"enemies":"3 Shapes","floor":38,"turns":2},{"damage":39,"enemies":"Writhing Mass","floor":39,"turns":5}],"seed_played":"3634253104627628439","potions_obtained":[{"floor":1,"key":"Ancient Potion"},{"floor":5,"key":"Fire Potion"},{"floor":10,"key":"Fruit Juice"},{"floor":13,"key":"PowerPotion"},{"floor":16,"key":"Regen Potion"},{"floor":18,"key":"Poison Potion"},{"floor":33,"key":"PowerPotion"},{"floor":35,"key":"AttackPotion"}],"is_trial":false,"path_per_floor":["M","?","M","$","M","R","E","M","T","E","M","E","M","$","R","B",null,"M","M","?","?","?","R","M","$","T","R","?","$","E","M","R","B",null,"M","?","$","M","M"],"character_chosen":"IRONCLAD","items_purchased":["Sentinel","Pommel Strike","Sentinel+1","Armaments+1","Shrug It Off+1","Iron Wave","Whirlwind","Offering+1","Orichalcum"],"campfire_rested":0,"item_purchase_floors":[4,4,14,14,25,25,25,29,37],"current_hp_per_floor":[73,73,73,73,73,73,70,70,70,54,54,39,33,33,33,22,85,68,68,68,59,59,59,48,48,48,48,48,48,58,59,59,50,59,40,33,33,29,0],"gold":35,"neow_bonus":"BOSS_RELIC","is_prod":false,"is_daily":false,"chose_seed":false,"campfire_upgraded":5,"win_rate":0,"timestamp":1541284289,"path_taken":["M","?","?","$","M","R","E","?","T","E","M","E","M","$","R","BOSS","M","M","?","?","?","R","?","?","T","R","?","$","E","M","R","BOSS","M","?","$","M","M"],"build_version":"2018-11-01","purchased_purges":0,"victory":false,"max_hp_per_floor":[80,80,80,80,80,80,80,80,80,85,85,85,85,85,85,85,85,85,85,85,59,59,59,59,59,59,59,59,59,59,59,59,59,59,59,59,59,59,59],"card_choices":[{"not_picked":["Havoc"],"picked":"SKIP","floor":1},{"not_picked":[],"picked":"True Grit","floor":3},{"not_picked":[],"picked":"Anger","floor":5},{"not_picked":[],"picked":"Bloodletting","floor":7},{"not_picked":[],"picked":"Cleave","floor":8},{"not_picked":["Heavy Blade"],"picked":"SKIP","floor":10},{"not_picked":[],"picked":"True Grit+1","floor":11},{"not_picked":["True Grit+1"],"picked":"SKIP","floor":12},{"not_picked":[],"picked":"Dual Wield+1","floor":13},{"not_picked":[],"picked":"Immolate","floor":16},{"not_picked":[],"picked":"Sever Soul","floor":18},{"not_picked":[],"picked":"Twin Strike+1","floor":19},{"not_picked":[],"picked":"Thunderclap+1","floor":24},{"not_picked":["Perfected Strike+1"],"picked":"SKIP","floor":30},{"not_picked":[],"picked":"Flex+1","floor":31},{"not_picked":[],"picked":"Immolate","floor":33},{"not_picked":[],"picked":"Headbutt","floor":35},{"not_picked":[],"picked":"Warcry+1","floor":38}],"player_experience":162139,"relics_obtained":[{"floor":7,"key":"Toxic Egg 2"},{"floor":9,"key":"Mummified Hand"},{"floor":10,"key":"Darkstone Periapt"},{"floor":12,"key":"Art of War"},{"floor":26,"key":"Blood Vial"},{"floor":30,"key":"Oddly Smooth Stone"}],"event_choices":[{"damage_healed":0,"gold_gain":0,"player_choice":"Upgraded","damage_taken":0,"max_hp_gain":0,"max_hp_loss":0,"event_name":"Upgrade Shrine","floor":2,"gold_loss":0,"cards_upgraded":["Defend_R"]},{"damage_healed":0,"gold_gain":0,"player_choice":"Inject Mutagens","damage_taken":0,"relics_obtained":["MutagenicStrength"],"max_hp_gain":0,"max_hp_loss":0,"event_name":"Drug Dealer","floor":20,"gold_loss":0},{"damage_healed":0,"gold_gain":0,"player_choice":"Became a vampire","damage_taken":0,"max_hp_gain":0,"max_hp_loss":26,"event_name":"Vampires","floor":21,"gold_loss":0,"cards_obtained":["Bite","Bite","Bite","Bite","Bite"]},{"cards_removed":["Defend_R"],"damage_healed":0,"gold_gain":0,"player_choice":"Purged","damage_taken":0,"max_hp_gain":0,"max_hp_loss":0,"event_name":"Purifier","floor":22,"gold_loss":0},{"damage_healed":0,"gold_gain":0,"player_choice":"Upgraded","damage_taken":0,"max_hp_gain":0,"max_hp_loss":0,"event_name":"Upgrade Shrine","floor":28,"gold_loss":0,"cards_upgraded":["Immolate"]},{"damage_healed":0,"gold_gain":0,"player_choice":"Embrace Madness","damage_taken":7,"max_hp_gain":0,"max_hp_loss":0,"event_name":"Winding Halls","floor":36,"gold_loss":0,"cards_obtained":["Madness","Madness"]}],"is_beta":false,"boss_relics":[{"not_picked":["Tiny House","Philosopher\u0027s Stone"],"picked":"Mark of Pain"},{"not_picked":["Calling Bell","Eternal Feather"],"picked":"Runic Pyramid"}],"items_purged_floors":[],"is_endless":false,"potions_floor_spawned":[1,5,10,13,16,18,31,33,35],"killed_by":"Writhing Mass","ascension_level":4}