{"path_per_floor":["M","M","M","M","?","E","R","M","T","$","E","M","R","?","R"],"character_chosen":"THE_SILENT","items_purchased":["Oddly Smooth Stone","Footwork"],"gold_per_floor":[110,124,142,155,231,257,257,274,274,47,76,95,95,119,119,119],"floor_reached":16,"campfire_rested":2,"playtime":1317,"item_purchase_floors":[10,10],"current_hp_per_floor":[69,64,64,62,62,60,60,60,60,60,26,26,51,45,70,0],"items_purged":[],"gold":119,"score":112,"play_id":"a4a75fff-caf4-4958-952f-332486b89c14","local_time":"20180606003919","is_prod":false,"is_daily":false,"chose_seed":false,"is_ascension_mode":false,"campfire_upgraded":1,"win_rate":0.0,"timestamp":1528238359,"campfire_choices":[{"data":"Distraction","floor":7,"key":"SMITH"},{"floor":13,"key":"REST"},{"floor":15,"key":"REST"}],"path_taken":["M","M","?","M","?","E","R","M","T","$","E","M","R","?","R","BOSS"],"build_version":"2018-05-31","seed_source_timestamp":27433379500900,"purchased_purges":0,"victory":false,"master_deck":["Defend_G","Defend_G","Defend_G","Defend_G","Defend_G","Strike_G","Strike_G","Strike_G","Strike_G","Strike_G","Survivor","Neutralize","Slice","Distraction+1","Distraction","All Out Attack","PiercingWail","Dodge and Roll","Footwork","Footwork","Dagger Spray","Cloak And Dagger"],"max_hp_per_floor":[70,70,70,70,70,84,84,84,84,84,84,84,84,84,84,84],"relics":["Ring of the Snake","Mango","Ginger","Oddly Smooth Stone","Bottled Flame","Odd Mushroom"],"card_choices":[{"not_picked":["Skewer","Calculated Gamble"],"picked":"Slice","floor":1},{"not_picked":["Bouncing Flask","Dagger Spray"],"picked":"Distraction","floor":2},{"not_picked":["Quick Slash","Dagger Throw"],"picked":"Distraction","floor":3},{"not_picked":["Flying Knee","Outmaneuver"],"picked":"All Out Attack","floor":4},{"not_picked":["Dagger Spray","Envenom"],"picked":"PiercingWail","floor":6},{"not_picked":["Poisoned Stab","Acrobatics"],"picked":"Dodge and Roll","floor":8},{"not_picked":["Masterful Stab","Sucker Punch"],"picked":"Footwork","floor":11},{"not_picked":["Calculated Gamble","Heel Hook"],"picked":"Dagger Spray","floor":12},{"not_picked":["Unload","Backflip"],"picked":"Cloak And Dagger","floor":14}],"player_experience":75616,"potions_floor_usage":[11,16,16],"damage_taken":[{"damage":1,"enemies":"Cultist","floor":1,"turns":3},{"damage":5,"enemies":"Jaw Worm","floor":2,"turns":4},{"damage":0,"enemies":"Small Slimes","floor":3,"turns":3},{"damage":2,"enemies":"Red Slaver","floor":4,"turns":3},{"damage":16,"enemies":"3 Sentries","floor":6,"turns":5},{"damage":0,"enemies":"Large Slime","floor":8,"turns":6},{"damage":34,"enemies":"Gremlin Nob","floor":11,"turns":6},{"damage":0,"enemies":"3 Louse","floor":12,"turns":1},{"damage":6,"enemies":"The Mushroom Lair","floor":14,"turns":2},{"damage":70,"enemies":"Hexaghost","floor":16,"turns":16}],"relics_obtained":[{"floor":6,"key":"Mango"},{"floor":9,"key":"Ginger"},{"floor":11,"key":"Bottled Flame"},{"floor":14,"key":"Odd Mushroom"}],"event_choices":[{"event_name":"Golden Wing","player_choice":"Gained Gold","floor":5,"damage_taken":0},{"event_name":"Mushrooms","player_choice":"Fought Mushrooms","floor":14,"damage_taken":0}],"boss_relics":[],"items_purged_floors":[],"potions_floor_spawned":[1,8,11],"seed_played":"6348786817196348855","killed_by":"Hexaghost","ascension_level":0,"potions_obtained":[{"floor":1,"key":"Swift Potion"},{"floor":8,"key":"Dexterity Potion"},{"floor":11,"key":"PowerPotion"}],"is_trial":false}