{"gold_per_floor":[115,125,144,162,177,190,177,277,300,300,314,325,341,357,357,357],"floor_reached":16,"playtime":515,"items_purged":[],"score":102,"play_id":"e52622b2-7029-4cef-b691-c287de5b9832","local_time":"20190508205923","is_ascension_mode":false,"campfire_choices":[{"data":"Skewer","floor":10,"key":"SMITH"},{"data":"Noxious Fumes","floor":15,"key":"SMITH"}],"neow_cost":"NONE","seed_source_timestamp":963890858218976,"circlet_count":0,"master_deck":["Defend_G","Defend_G","Defend_G","Defend_G","Defend_G","Strike_G","Strike_G","Strike_G","Strike_G","Strike_G","Survivor","Neutralize","Poisoned Stab","Dagger Spray","PiercingWail","Dodge and Roll","Skewer+1","Backflip","Noxious Fumes+1","Blur","Quick Slash"],"relics":["Ring of the Snake","NeowsBlessing","Oddly Smooth Stone"],"potions_floor_usage":[],"damage_taken":[{"damage":0,"enemies":"Cultist","floor":1,"turns":1},{"damage":0,"enemies":"Jaw Worm","floor":2,"turns":1},{"damage":0,"enemies":"Small Slimes","floor":3,"turns":1},{"damage":2,"enemies":"Exordium Thugs","floor":4,"turns":5},{"damage":6,"enemies":"Gremlin Gang","floor":5,"turns":4},{"damage":1,"enemies":"3 Louse","floor":6,"turns":5},{"damage":1,"enemies":"Exordium Thugs","floor":7,"turns":4},{"damage":3,"enemies":"Gremlin Gang","floor":11,"turns":6},{"damage":10,"enemies":"Large Slime","floor":12,"turns":7},{"damage":0,"enemies":"Looter","floor":13,"turns":3},{"damage":0,"enemies":"Red Slaver","floor":14,"turns":5},{"damage":0,"enemies":"The Guardian","floor":16,"turns":1}],"seed_played":"-1370339145025044256","potions_obtained":[{"floor":2,"key":"Block Potion"},{"floor":3,"key":"SteroidPotion"},{"floor":7,"key":"Dexterity Potion"}],"is_trial":false,"path_per_floor":["M","M","M","M","M","M","M","?","T","R","M","M","M","M","R","B"],"character_chosen":"THE_SILENT","items_purchased":[],"campfire_rested":0,"item_purchase_floors":[],"current_hp_per_floor":[70,70,70,68,62,61,60,60,60,60,57,47,47,47,47,47],"gold":357,"neow_bonus":"THREE_ENEMY_KILL","is_prod":false,"is_daily":false,"chose_seed":false,"campfire_upgraded":2,"win_rate":0,"timestamp":1557374363,"path_taken":["M","M","M","M","M","?","M","?","T","R","M","?","M","M","R","BOSS"],"build_version":"2019-01-23","purchased_purges":0,"victory":false,"max_hp_per_floor":[70,70,70,70,70,70,70,70,70,70,70,70,70,70,70,70],"card_choices":[{"not_picked":["Deadly Poison","Concentrate"],"picked":"Poisoned Stab","floor":1},{"not_picked":["Expertise","Blade Dance"],"picked":"Dagger Spray","floor":2},{"not_picked":["Dagger Throw","Slice"],"picked":"PiercingWail","floor":3},{"not_picked":["Acrobatics","Accuracy"],"picked":"Dodge and Roll","floor":4},{"not_picked":["Sucker Punch","Deadly Poison"],"picked":"Skewer","floor":5},{"not_picked":["Die Die Die","Quick Slash"],"picked":"Backflip","floor":6},{"not_picked":["Expertise","Dagger Throw"],"picked":"Noxious Fumes","floor":7},{"not_picked":["Prepared","Dagger Throw","Acrobatics"],"picked":"SKIP","floor":11},{"not_picked":["Distraction","Sucker Punch"],"picked":"Blur","floor":12},{"not_picked":["Flying Knee","Dagger Spray"],"picked":"Quick Slash","floor":13},{"not_picked":["Slice","Quick Slash","Outmaneuver"],"picked":"SKIP","floor":14}],"player_experience":341281,"relics_obtained":[{"floor":9,"key":"Oddly Smooth Stone"}],"event_choices":[{"damage_healed":0,"gold_gain":100,"player_choice":"Pray","damage_taken":0,"max_hp_gain":0,"max_hp_loss":0,"event_name":"Golden Shrine","floor":8,"gold_loss":0}],"is_beta":false,"boss_relics":[],"items_purged_floors":[],"is_endless":false,"potions_floor_spawned":[2,3,7,11,14],"killed_by":"The Guardian","ascension_level":0}