{"gold_per_floor":[116,116,116,41,53,53,85,85,111,164,193,22,22,37,37,113,113,129,129,129,143,163,163,198,198,244,260,270,270,290,290,290,290],"floor_reached":33,"playtime":1325,"items_purged":["Pain"],"score":580,"play_id":"c78de707-3378-46e4-8bb9-f925e4256567","local_time":"20190207203000","is_ascension_mode":true,"campfire_choices":[{"data":"Rage","floor":6,"key":"SMITH"},{"floor":13,"key":"REST"},{"floor":15,"key":"REST"},{"floor":23,"key":"REST"},{"floor":25,"key":"REST"},{"floor":32,"key":"REST"}],"neow_cost":"NONE","seed_source_timestamp":1446415352462490,"circlet_count":0,"master_deck":["AscendersBane","Strike_R","Strike_R","Strike_R","Strike_R","Strike_R","Defend_R","Defend_R","Defend_R","Defend_R+1","Bash","Hemokinesis","Rage+1","Shrug It Off+1","Headbutt","Anger","Immolate","Headbutt","Armaments+1","True Grit+1","Iron Wave","Inflame+1","Feel No Pain"],"relics":["Burning Blood","NeowsBlessing","WarpedTongs","Red Skull","Question Card","Bag of Marbles","Art of War","Juzu Bracelet","War Paint","Philosopher\u0027s Stone","Spirit Poop","Kunai","Lantern","MutagenicStrength"],"potions_floor_usage":[11,21,22,24,27],"damage_taken":[{"damage":0,"enemies":"Jaw Worm","floor":1,"turns":1},{"damage":0,"enemies":"Cultist","floor":5,"turns":1},{"damage":0,"enemies":"Gremlin Nob","floor":7,"turns":1},{"damage":46,"enemies":"3 Sentries","floor":11,"turns":8},{"damage":11,"enemies":"2 Louse","floor":14,"turns":2},{"damage":42,"enemies":"The Guardian","floor":16,"turns":9},{"damage":11,"enemies":"Spheric Guardian","floor":18,"turns":4},{"damage":10,"enemies":"3 Byrds","floor":21,"turns":3},{"damage":3,"enemies":"Snecko","floor":22,"turns":3},{"damage":46,"enemies":"Gremlin Leader","floor":24,"turns":8},{"damage":22,"enemies":"Shelled Parasite and Fungi","floor":27,"turns":5},{"damage":3,"enemies":"Centurion and Healer","floor":28,"turns":2},{"damage":11,"enemies":"Chosen and Byrds","floor":30,"turns":4},{"damage":80,"enemies":"Automaton","floor":33,"turns":6}],"seed_played":"7568678422417454799","potions_obtained":[{"floor":5,"key":"SpeedPotion"},{"floor":7,"key":"Strength Potion"},{"floor":14,"key":"Energy Potion"},{"floor":21,"key":"Poison Potion"},{"floor":24,"key":"Dexterity Potion"}],"is_trial":false,"path_per_floor":["M","$","?","$","M","R","E","?","T","T","E","$","R","M","R","B",null,"M","?","?","M","M","R","E","R","T","M","M","?","M","?","R","B"],"character_chosen":"IRONCLAD","items_purchased":["War Paint"],"campfire_rested":5,"item_purchase_floors":[12],"current_hp_per_floor":[74,74,74,74,75,75,75,75,75,75,35,35,57,52,74,38,66,61,61,40,36,39,63,23,47,47,31,34,34,29,29,53,0],"gold":290,"neow_bonus":"THREE_ENEMY_KILL","is_prod":false,"is_daily":false,"chose_seed":false,"campfire_upgraded":1,"win_rate":0,"timestamp":1549564200,"path_taken":["M","$","?","?","?","R","E","?","T","?","E","$","R","M","R","BOSS","M","?","?","M","M","R","E","R","T","M","M","?","M","?","R","BOSS"],"build_version":"2019-02-06","purchased_purges":1,"victory":false,"max_hp_per_floor":[75,75,75,75,75,75,75,75,75,75,75,75,75,75,75,75,75,75,75,80,80,80,80,80,80,80,80,80,80,80,80,80,80],"card_choices":[{"not_picked":["Body Slam","Rupture"],"picked":"Hemokinesis","floor":1},{"not_picked":["Evolve","Perfected Strike"],"picked":"Rage","floor":5},{"not_picked":["Flex","True Grit"],"picked":"Shrug It Off","floor":7},{"not_picked":["Fiend Fire","Dropkick","Anger"],"picked":"Headbutt","floor":11},{"not_picked":["Perfected Strike","Shrug It Off","Reckless Charge"],"picked":"Anger","floor":14},{"not_picked":["Reaper","Bludgeon","Offering"],"picked":"Immolate","floor":16},{"not_picked":["Perfected Strike","Havoc","Armaments"],"picked":"Headbutt","floor":18},{"not_picked":["Sword Boomerang+1","Havoc","True Grit"],"picked":"Armaments+1","floor":21},{"not_picked":["Thunderclap","Clothesline+1","Iron Wave"],"picked":"True Grit+1","floor":22},{"not_picked":["Shockwave","Twin Strike","Searing Blow"],"picked":"Iron Wave","floor":24},{"not_picked":["Anger","Limit Break","Heavy Blade","Armaments"],"picked":"SKIP","floor":27},{"not_picked":["Headbutt","Whirlwind","Sword Boomerang"],"picked":"Inflame+1","floor":28},{"not_picked":["Iron Wave","Carnage+1","Bloodletting+1"],"picked":"Feel No Pain","floor":30}],"player_experience":433445,"relics_obtained":[{"floor":7,"key":"Red Skull"},{"floor":9,"key":"Bag of Marbles"},{"floor":10,"key":"Art of War"},{"floor":11,"key":"Juzu Bracelet"},{"floor":24,"key":"Kunai"},{"floor":26,"key":"Lantern"}],"event_choices":[{"damage_healed":0,"gold_gain":0,"player_choice":"Rummage","damage_taken":0,"relics_obtained":["WarpedTongs"],"max_hp_gain":0,"max_hp_loss":0,"event_name":"Accursed Blacksmith","floor":3,"gold_loss":0,"cards_obtained":["Pain"]},{"damage_healed":0,"gold_gain":0,"player_choice":"Box","damage_taken":0,"relics_obtained":["Question Card"],"max_hp_gain":0,"max_hp_loss":0,"event_name":"Big Fish","floor":8,"gold_loss":0,"cards_obtained":["Regret"]},{"cards_removed":["Regret"],"damage_healed":0,"gold_gain":0,"player_choice":"Offered Curse","damage_taken":0,"relics_obtained":["Spirit Poop"],"max_hp_gain":0,"max_hp_loss":0,"event_name":"Bonfire Elementals","floor":19,"gold_loss":0},{"damage_healed":0,"gold_gain":0,"player_choice":"Shed Blood","damage_taken":26,"max_hp_gain":5,"max_hp_loss":0,"event_name":"Forgotten Altar","floor":20,"gold_loss":0},{"damage_healed":0,"gold_gain":0,"player_choice":"Ignored","damage_taken":0,"max_hp_gain":0,"max_hp_loss":0,"event_name":"Ghosts","floor":29,"gold_loss":0},{"damage_healed":0,"gold_gain":0,"player_choice":"Inject Mutagens","damage_taken":0,"relics_obtained":["MutagenicStrength"],"max_hp_gain":0,"max_hp_loss":0,"event_name":"Drug Dealer","floor":31,"gold_loss":0}],"is_beta":true,"boss_relics":[{"not_picked":["Orrery","Coffee Dripper"],"picked":"Philosopher\u0027s Stone"}],"items_purged_floors":[4],"is_endless":false,"potions_floor_spawned":[5,7,14,21,24],"killed_by":"Automaton","ascension_level":19}