{"gold_per_floor":[117,117,117,67,17,17,32,32,32,32,48,73,93,122,134,251,263,294,306,318,0,0],"floor_reached":22,"playtime":693,"items_purged":[],"score":269,"play_id":"5c953487-6d44-4d73-9b59-870fd747d486","local_time":"20190323195830","is_ascension_mode":true,"campfire_choices":[{"data":"Neutralize","floor":6,"key":"SMITH"},{"data":"Noxious Fumes","floor":15,"key":"SMITH"}],"neow_cost":"NONE","seed_source_timestamp":82110732568076,"circlet_count":0,"master_deck":["Defend_G","Defend_G","Defend_G","Defend_G","Defend_G","Strike_G","Strike_G","Strike_G","Strike_G","Strike_G","Survivor","Neutralize+1","Quick Slash","Noxious Fumes+1","Glass Knife","Panacea","Backflip","Deflect","After Image","Backflip+1"],"relics":["Ring of the Snake","Mercury Hourglass","PreservedInsect","Bag of Marbles","Nunchaku","MawBank","HoveringKite","Nilry\u0027s Codex"],"potions_floor_usage":[16,16,16],"damage_taken":[{"damage":4,"enemies":"2 Louse","floor":1,"turns":3},{"damage":0,"enemies":"Small Slimes","floor":7,"turns":2},{"damage":2,"enemies":"Jaw Worm","floor":11,"turns":3},{"damage":0,"enemies":"Gremlin Nob","floor":12,"turns":2},{"damage":0,"enemies":"Looter","floor":13,"turns":2},{"damage":2,"enemies":"3 Sentries","floor":14,"turns":4},{"damage":36,"enemies":"Slime Boss","floor":16,"turns":9},{"damage":20,"enemies":"Spheric Guardian","floor":18,"turns":4},{"damage":9,"enemies":"2 Thieves","floor":22,"turns":1}],"seed_played":"5120185978996655113","potions_obtained":[{"floor":1,"key":"Block Potion"},{"floor":7,"key":"Explosive Potion"},{"floor":12,"key":"SneckoOil"}],"is_trial":false,"path_per_floor":["M","?","?","?","$","R","M","T","T","?","M","E","M","E","R","B",null,"M","?","?","?","M"],"character_chosen":"THE_SILENT","items_purchased":["Quick Slash"],"campfire_rested":0,"item_purchase_floors":[5],"current_hp_per_floor":[66,59,59,59,59,59,59,59,59,59,57,57,57,55,55,19,57,37,21,8,8,0],"gold":0,"neow_bonus":"RANDOM_COLORLESS","is_prod":false,"is_daily":false,"chose_seed":false,"campfire_upgraded":2,"win_rate":0,"timestamp":1553396310,"path_taken":["M","?","?","?","?","R","M","?","T","?","?","E","M","E","R","BOSS","M","?","?","?","M"],"build_version":"2019-01-23","purchased_purges":0,"victory":false,"max_hp_per_floor":[70,70,70,70,70,70,70,70,70,70,70,70,70,70,70,70,70,70,70,75,75,75],"card_choices":[{"not_picked":["Caltrops","PiercingWail","Prepared"],"picked":"SKIP","floor":1},{"not_picked":["Outmaneuver","Slice"],"picked":"Noxious Fumes","floor":7},{"not_picked":["Well Laid Plans","Noxious Fumes"],"picked":"Backflip","floor":11},{"not_picked":["Poisoned Stab","PiercingWail"],"picked":"Deflect","floor":12},{"not_picked":["Slice","Dagger Throw","Infinite Blades"],"picked":"SKIP","floor":13},{"not_picked":["Caltrops","Endless Agony","Masterful Stab"],"picked":"SKIP","floor":14},{"not_picked":["Die Die Die","Malaise"],"picked":"After Image","floor":16},{"not_picked":["Leg Sweep","Poisoned Stab"],"picked":"Backflip+1","floor":18}],"player_experience":235864,"relics_obtained":[{"floor":8,"key":"PreservedInsect"},{"floor":9,"key":"Bag of Marbles"},{"floor":12,"key":"Nunchaku"},{"floor":14,"key":"MawBank"},{"floor":19,"key":"Nilry\u0027s Codex"}],"event_choices":[{"cards_removed":["Purity"],"damage_healed":0,"gold_gain":0,"player_choice":"Card Removal","damage_taken":7,"max_hp_gain":0,"max_hp_loss":0,"event_name":"Golden Wing","floor":2,"gold_loss":0},{"damage_healed":0,"gold_gain":0,"player_choice":"Box","damage_taken":0,"relics_obtained":["Mercury Hourglass"],"max_hp_gain":0,"max_hp_loss":0,"event_name":"Big Fish","floor":3,"gold_loss":0,"cards_obtained":["Regret"]},{"cards_removed":["Regret"],"damage_healed":0,"gold_gain":0,"player_choice":"Card Removal","damage_taken":0,"max_hp_gain":0,"max_hp_loss":0,"event_name":"The Cleric","floor":4,"gold_loss":50},{"damage_healed":0,"gold_gain":0,"player_choice":"2 cards matched","damage_taken":0,"max_hp_gain":0,"max_hp_loss":0,"event_name":"Match and Keep!","floor":10,"gold_loss":0,"cards_obtained":["Glass Knife","Panacea"]},{"damage_healed":0,"gold_gain":0,"player_choice":"Obtained Book","damage_taken":16,"max_hp_gain":0,"max_hp_loss":0,"event_name":"Cursed Tome","floor":19,"gold_loss":0},{"damage_healed":0,"gold_gain":0,"player_choice":"Shed Blood","damage_taken":18,"max_hp_gain":5,"max_hp_loss":0,"event_name":"Forgotten Altar","floor":20,"gold_loss":0},{"damage_healed":0,"gold_gain":0,"player_choice":"Paid Fearfully","damage_taken":0,"max_hp_gain":0,"max_hp_loss":0,"event_name":"Masked Bandits","floor":21,"gold_loss":330}],"is_beta":false,"boss_relics":[{"not_picked":["Runic Dome","Fusion Hammer"],"picked":"HoveringKite"}],"items_purged_floors":[],"is_endless":false,"potions_floor_spawned":[1,7,12],"killed_by":"2 Thieves","ascension_level":5}