{"gold_per_floor":[111,123,123,198,35,63,63,88,139,139,139,139,43,54,54,150,150,170,170,188,208,208,208,56,56,56,256,271,287,299,299,299,395,395,410,410,410,426,426,426,443,443,490,503,38,57,57,57,57,57],"floor_reached":51,"playtime":3757,"items_purged":["Regret"],"score":1005,"play_id":"63d5ae76-463d-4a17-9d30-f6c0994ec693","local_time":"20190511092112","is_ascension_mode":true,"campfire_choices":[{"floor":7,"key":"REST"},{"data":"Venomology","floor":10,"key":"SMITH"},{"floor":15,"key":"REST"},{"floor":23,"key":"REST"},{"data":"Well Laid Plans","floor":25,"key":"SMITH"},{"data":"Noxious Fumes","floor":32,"key":"SMITH"},{"data":"Burst","floor":40,"key":"SMITH"},{"floor":47,"key":"REST"},{"floor":49,"key":"REST"}],"neow_cost":"NONE","seed_source_timestamp":1177942921234553,"circlet_count":0,"master_deck":["AscendersBane","Defend_G","Defend_G","Defend_G","Defend_G","Defend_G","Strike_G","Strike_G","Strike_G","Strike_G+1","Strike_G+1","Survivor","Neutralize","Skewer","Well Laid Plans+1","Venomology+1","Noxious Fumes+1","Footwork","PiercingWail","Backflip","Tools of the Trade","Leg Sweep","Escape Plan","Leg Sweep+1","Burst+1","Blur","Footwork","Backflip","Caltrops+1","Impatience","Magnetism+1","Thinking Ahead","Catalyst","Cloak And Dagger","Storm of Steel","Catalyst"],"relics":["Ring of the Snake","Bronze Scales","Juzu Bracelet","Orichalcum","Bag of Marbles","HoveringKite","Oddly Smooth Stone","Bird Faced Urn","Orrery","Anchor","Dead Branch"],"potions_floor_usage":[2,6,8,8,8,8,8,8,16,18,18,21,21,22,22,33,33,33,33,33,35,38,41,41,41,44,46,46,50],"damage_taken":[{"damage":0,"enemies":"Jaw Worm","floor":1,"turns":4},{"damage":3,"enemies":"2 Louse","floor":2,"turns":4},{"damage":29,"enemies":"Gremlin Nob","floor":6,"turns":4},{"damage":10,"enemies":"Lagavulin","floor":8,"turns":11},{"damage":0,"enemies":"Small Slimes","floor":14,"turns":3},{"damage":17,"enemies":"Hexaghost","floor":16,"turns":11},{"damage":7,"enemies":"Spheric Guardian","floor":18,"turns":6},{"damage":0,"enemies":"3 Byrds","floor":20,"turns":5},{"damage":4,"enemies":"Snake Plant","floor":21,"turns":5},{"damage":12,"enemies":"Colosseum Slavers","floor":22,"turns":7},{"damage":6,"enemies":"Shelled Parasite and Fungi","floor":28,"turns":8},{"damage":1,"enemies":"Chosen and Byrds","floor":29,"turns":8},{"damage":1,"enemies":"Cultist and Chosen","floor":30,"turns":9},{"damage":7,"enemies":"Automaton","floor":33,"turns":14},{"damage":9,"enemies":"Orb Walker","floor":35,"turns":6},{"damage":3,"enemies":"3 Shapes","floor":38,"turns":7},{"damage":40,"enemies":"Transient","floor":41,"turns":5},{"damage":27,"enemies":"Spire Growth","floor":44,"turns":10},{"damage":22,"enemies":"Jaw Worm Horde","floor":46,"turns":7},{"damage":12,"enemies":"Donu and Deca","floor":50,"turns":6}],"seed_played":"-4841400855906951565","potions_obtained":[{"floor":0,"key":"EntropicBrew"},{"floor":0,"key":"Regen Potion"},{"floor":0,"key":"SteroidPotion"},{"floor":8,"key":"PowerPotion"},{"floor":28,"key":"EssenceOfSteel"},{"floor":33,"key":"Block Potion"},{"floor":41,"key":"Ancient Potion"},{"floor":46,"key":"Block Potion"}],"is_trial":false,"path_per_floor":["M","M","?","?","$","E","R","E","T","R","?","?","$","M","R","B",null,"M","?","M","M","?","R","$","R","T","?","M","M","M","?","R","B",null,"M","?","?","M","?","R","M","?","T","M","$","M","R","?","R","B",null],"character_chosen":"THE_SILENT","items_purchased":["Well Laid Plans","Strength Potion","Footwork","PiercingWail","Oddly Smooth Stone","Dead Branch","Storm of Steel"],"campfire_rested":5,"item_purchase_floors":[5,5,13,13,24,45,45],"current_hp_per_floor":[63,60,60,49,49,20,41,46,46,46,46,32,32,32,53,51,65,58,45,45,41,29,51,51,51,51,51,51,58,65,65,65,68,73,70,60,60,73,73,73,43,43,43,32,32,20,42,42,64,66],"gold":57,"neow_bonus":"THREE_SMALL_POTIONS","is_prod":false,"is_daily":false,"chose_seed":false,"campfire_upgraded":4,"win_rate":0,"timestamp":1557591672,"path_taken":["M","M","?","?","$","E","R","E","T","R","?","?","?","M","R","BOSS","M","?","M","M","?","R","$","R","T","?","M","M","M","?","R","BOSS","M","?","?","M","?","R","M","?","T","M","$","M","R","?","R","BOSS"],"build_version":"2019-01-23","purchased_purges":1,"victory":true,"max_hp_per_floor":[70,70,70,70,70,70,70,70,70,70,70,70,70,70,70,70,70,70,75,75,75,75,75,75,75,75,75,75,75,75,75,75,75,75,75,75,75,75,75,75,75,75,75,75,75,75,75,75,75,75],"card_choices":[{"not_picked":["Quick Slash","Acrobatics","Heel Hook"],"picked":"SKIP","floor":1},{"not_picked":["Blade Dance","Sucker Punch"],"picked":"Skewer","floor":2},{"not_picked":["Bouncing Flask","Underhanded Strike"],"picked":"Venomology","floor":6},{"not_picked":["Concentrate","Backflip"],"picked":"Noxious Fumes","floor":8},{"not_picked":["Catalyst","Eviscerate"],"picked":"Backflip","floor":14},{"not_picked":["Unload","Bullet Time"],"picked":"Tools of the Trade","floor":16},{"not_picked":["Eviscerate","Flechettes","Dagger Spray"],"picked":"SKIP","floor":18},{"not_picked":["Deadly Poison","Dodge and Roll"],"picked":"Leg Sweep","floor":20},{"not_picked":["Acrobatics","Prepared+1"],"picked":"Escape Plan","floor":21},{"not_picked":["Slice","Dagger Spray"],"picked":"Leg Sweep+1","floor":28},{"not_picked":["Endless Agony+1","Accuracy","Flying Knee"],"picked":"SKIP","floor":29},{"not_picked":["Outmaneuver","Expertise"],"picked":"Tools of the Trade","floor":30},{"not_picked":["Wraith Form v2","Venomology"],"picked":"Burst","floor":33},{"not_picked":["Accuracy+1","Sucker Punch+1"],"picked":"Blur","floor":34},{"not_picked":["Slice","Outmaneuver+1"],"picked":"Footwork","floor":34},{"not_picked":["Tactician","Underhanded Strike+1"],"picked":"Backflip","floor":34},{"not_picked":["Underhanded Strike","Flying Knee+1"],"picked":"Caltrops+1","floor":34},{"not_picked":["Quick Slash+1","Heel Hook+1","Wraith Form v2"],"picked":"SKIP","floor":35},{"not_picked":["Forethought","Trip"],"picked":"Impatience","floor":36},{"not_picked":["Good Instincts","Finesse"],"picked":"Magnetism","floor":36},{"not_picked":["HandOfGreed","Secret Weapon"],"picked":"Thinking Ahead","floor":36},{"not_picked":["Choke+1","Finisher+1"],"picked":"Catalyst","floor":38},{"not_picked":["Backstab","Quick Slash"],"picked":"Cloak And Dagger","floor":41},{"not_picked":["Sucker Punch+1","Dagger Spray","Slice+1"],"picked":"SKIP","floor":44},{"not_picked":["Deadly Poison+1","Caltrops+1"],"picked":"Catalyst","floor":46}],"player_experience":357812,"relics_obtained":[{"floor":6,"key":"Juzu Bracelet"},{"floor":8,"key":"Orichalcum"},{"floor":9,"key":"Bag of Marbles"},{"floor":26,"key":"Bird Faced Urn"},{"floor":43,"key":"Anchor"}],"event_choices":[{"damage_healed":0,"gold_gain":0,"player_choice":"Box","damage_taken":0,"relics_obtained":["Bronze Scales"],"max_hp_gain":0,"max_hp_loss":0,"event_name":"Big Fish","floor":3,"gold_loss":0,"cards_obtained":["Regret"]},{"damage_healed":0,"gold_gain":75,"player_choice":"Gather Gold","damage_taken":11,"max_hp_gain":0,"max_hp_loss":0,"event_name":"World of Goop","floor":4,"gold_loss":0},{"damage_healed":0,"gold_gain":0,"player_choice":"Ignored","damage_taken":0,"max_hp_gain":0,"max_hp_loss":0,"event_name":"Liars Game","floor":11,"gold_loss":0},{"damage_healed":0,"gold_gain":0,"player_choice":"Entered Light","damage_taken":14,"max_hp_gain":0,"max_hp_loss":0,"event_name":"Shining Light","floor":12,"gold_loss":0,"cards_upgraded":["Strike_G","Strike_G"]},{"damage_healed":0,"gold_gain":0,"player_choice":"Shed Blood","damage_taken":18,"max_hp_gain":5,"max_hp_loss":0,"event_name":"Forgotten Altar","floor":19,"gold_loss":0},{"damage_healed":0,"gold_gain":0,"player_choice":"Fight","damage_taken":0,"max_hp_gain":0,"max_hp_loss":0,"event_name":"Colosseum","floor":22,"gold_loss":0},{"damage_healed":0,"gold_gain":0,"player_choice":"Fled From Nobs","damage_taken":0,"max_hp_gain":0,"max_hp_loss":0,"event_name":"Colosseum","floor":22,"gold_loss":0},{"damage_healed":0,"gold_gain":250,"player_choice":"Bet on Owner","damage_taken":0,"max_hp_gain":0,"max_hp_loss":0,"event_name":"The Joust","floor":27,"gold_loss":50},{"damage_healed":0,"gold_gain":0,"player_choice":"Ignored","damage_taken":0,"max_hp_gain":0,"max_hp_loss":0,"event_name":"Vampires","floor":31,"gold_loss":0},{"damage_healed":0,"gold_gain":0,"player_choice":"Memory 3","damage_taken":10,"max_hp_gain":0,"max_hp_loss":0,"event_name":"SensoryStone","floor":36,"gold_loss":0},{"damage_healed":0,"gold_gain":0,"player_choice":"Upgraded","damage_taken":0,"max_hp_gain":0,"max_hp_loss":0,"event_name":"Upgrade Shrine","floor":37,"gold_loss":0,"cards_upgraded":["Magnetism"]},{"damage_healed":0,"gold_gain":0,"player_choice":"Ignored","damage_taken":0,"max_hp_gain":0,"max_hp_loss":0,"event_name":"Tomb of Lord Red Mask","floor":39,"gold_loss":0},{"damage_healed":0,"gold_gain":0,"player_choice":"Ignored","damage_taken":0,"max_hp_gain":0,"max_hp_loss":0,"event_name":"Mysterious Sphere","floor":42,"gold_loss":0},{"cards_removed":["Tools of the Trade"],"damage_healed":0,"gold_gain":0,"player_choice":"Removed Power","damage_taken":0,"max_hp_gain":0,"max_hp_loss":0,"event_name":"Falling","floor":48,"gold_loss":0}],"is_beta":false,"boss_relics":[{"not_picked":["Sozu","Velvet Choker"],"picked":"HoveringKite"},{"not_picked":["Snecko Eye","White Beast Statue"],"picked":"Orrery"}],"items_purged_floors":[5],"is_endless":false,"potions_floor_spawned":[8,28,30,33,38,41,46],"ascension_level":10}