{"gold_per_floor":[112,112,45,56,76,101,101,128,128,128,143,178,178,192,192,291,291,306,306,325,345,355,355,368,385,385,385,419,439,27,40,40,142,142,154,170,170,183,198,198,215,215,215,240,18,18,0,12,12,12,12,12,12,12],"floor_reached":54,"playtime":4111,"items_purged":["Writhe","Strike_B"],"score":959,"play_id":"5b133838-70a3-49c0-b818-1706e1c29ada","local_time":"20190324210217","is_ascension_mode":true,"campfire_choices":[{"floor":7.0,"key":"REST"},{"data":"Zap","floor":10.0,"key":"SMITH"},{"floor":13.0,"key":"REST"},{"floor":15.0,"key":"REST"},{"floor":23.0,"key":"REST"},{"data":"Consume","floor":27.0,"key":"SMITH"},{"floor":32.0,"key":"REST"},{"floor":40.0,"key":"RECALL"},{"floor":46.0,"key":"REST"},{"floor":49.0,"key":"REST"},{"floor":52.0,"key":"REST"}],"neow_cost":"PERCENT_DAMAGE","seed_source_timestamp":0,"circlet_count":0,"master_deck":["Strike_B","Strike_B+1","Defend_B","Defend_B","Defend_B","Defend_B","Zap+1","Dualcast","Reinforced Body","Capacitor","Cold Snap+1","BootSequence","Coolheaded","Sunder","Buffer","Creative AI","Capacitor","Capacitor","Coolheaded+1","Conserve Battery+1","FTL","Consume+1","Double Energy+1","Coolheaded","Chill","Go for the Eyes","Electrodynamics","Cold Snap+1","Ball Lightning+1","Aggregate+1","Conserve Battery","Hello World+1"],"special_seed":0,"relics":["Cracked Core","Emotion Chip","Centennial Puzzle","Kunai","Whetstone","Mummified Hand","Cursed Key","Omamori","Lantern","Pantograph","Fusion Hammer","Pear","Red Mask"],"potions_floor_usage":[],"damage_taken":[{"damage":9.0,"enemies":"Jaw Worm","floor":1.0,"turns":5.0},{"damage":0.0,"enemies":"Cultist","floor":4.0,"turns":3.0},{"damage":0.0,"enemies":"2 Louse","floor":5.0,"turns":2.0},{"damage":14.0,"enemies":"Gremlin Nob","floor":6.0,"turns":3.0},{"damage":4.0,"enemies":"Lagavulin","floor":8.0,"turns":8.0},{"damage":18.0,"enemies":"Gremlin Gang","floor":11.0,"turns":4.0},{"damage":24.0,"enemies":"Gremlin Nob","floor":12.0,"turns":4.0},{"damage":0.0,"enemies":"Exordium Wildlife","floor":14.0,"turns":2.0},{"damage":7.0,"enemies":"The Guardian","floor":16.0,"turns":13.0},{"damage":0.0,"enemies":"Chosen","floor":18.0,"turns":6.0},{"damage":4.0,"enemies":"Shell Parasite","floor":20.0,"turns":4.0},{"damage":18.0,"enemies":"Shelled Parasite and Fungi","floor":21.0,"turns":5.0},{"damage":13.0,"enemies":"Centurion and Healer","floor":22.0,"turns":6.0},{"damage":0.0,"enemies":"Snecko","floor":24.0,"turns":6.0},{"damage":3.0,"enemies":"Shelled Parasite and Fungi","floor":25.0,"turns":8.0},{"damage":19.0,"enemies":"Book of Stabbing","floor":28.0,"turns":7.0},{"damage":17.0,"enemies":"Cultist and Chosen","floor":29.0,"turns":6.0},{"damage":0.0,"enemies":"Sentry and Sphere","floor":31.0,"turns":7.0},{"damage":0.0,"enemies":"Automaton","floor":33.0,"turns":10.0},{"damage":0.0,"enemies":"3 Shapes","floor":35.0,"turns":4.0},{"damage":0.0,"enemies":"3 Darklings","floor":36.0,"turns":5.0},{"damage":3.0,"enemies":"Spire Growth","floor":38.0,"turns":5.0},{"damage":0.0,"enemies":"Jaw Worm Horde","floor":39.0,"turns":5.0},{"damage":5.0,"enemies":"Sphere and 2 Shapes","floor":41.0,"turns":5.0},{"damage":36.0,"enemies":"Nemesis","floor":44.0,"turns":9.0},{"damage":0.0,"enemies":"4 Shapes","floor":48.0,"turns":5.0},{"damage":23.0,"enemies":"Donu and Deca","floor":50.0,"turns":9.0},{"damage":90,"enemies":"Shield and Spear","floor":54,"turns":6}],"seed_played":"2215605386295939368","potions_obtained":[{"floor":1.0,"key":"AttackPotion"},{"floor":4.0,"key":"Ancient Potion"},{"floor":6.0,"key":"LiquidBronze"},{"floor":16.0,"key":"Explosive Potion"},{"floor":18.0,"key":"SteroidPotion"},{"floor":21.0,"key":"Strength Potion"},{"floor":28.0,"key":"Energy Potion"},{"floor":29.0,"key":"SkillPotion"},{"floor":36.0,"key":"SpeedPotion"},{"floor":38.0,"key":"Fire Potion"},{"floor":41.0,"key":"Energy Potion"},{"floor":44.0,"key":"FocusPotion"},{"floor":48.0,"key":"Strength Potion"}],"is_trial":false,"path_per_floor":["M","?","$","M","M","E","R","E","T","R","M","E","R","M","R","B",null,"M","?","M","M","M","R","M","M","T","R","E","M","$","M","R","B",null,"M","M","?","M","M","R","M","?","T","E","$","R","?","M","R","B",null,"R","$","E"],"character_chosen":"DEFECT","items_purchased":["Capacitor","Pantograph","Chill","Energy Potion","FocusPotion","Conserve Battery"],"campfire_rested":8,"item_purchase_floors":[3,30,30,30,45,45],"current_hp_per_floor":[41,41,41,41,41,27,49,45,45,45,27,3,25,25,47,40,66,66,66,62,44,31,53,53,50,50,50,31,14,14,14,36,61,72,72,72,72,69,69,69,64,64,64,38,38,62,62,62,81,58,75,81,81,0],"gold":12,"neow_bonus":"ONE_RARE_RELIC","is_prod":false,"is_daily":false,"chose_seed":false,"campfire_upgraded":2,"win_rate":0,"timestamp":1553486537,"path_taken":["M","?","?","?","M","E","R","E","T","R","M","E","R","M","R","BOSS","M","?","?","M","M","R","M","M","T","R","E","M","$","M","R","BOSS","M","M","?","M","M","R","M","?","T","E","$","R","?","M","R","BOSS","R","$","E"],"build_version":"2019-01-23","purchased_purges":2,"victory":false,"max_hp_per_floor":[75,75,75,75,75,75,75,75,75,75,75,75,75,75,75,75,75,75,75,75,75,75,75,75,75,75,75,75,75,75,75,75,75,75,75,75,75,75,75,75,75,71,71,81,81,81,81,81,81,81,81,81,81,81],"card_choices":[{"not_picked":["Gash","Sunder"],"picked":"Reinforced Body","floor":1.0},{"not_picked":["Rebound","Coolheaded"],"picked":"Cold Snap","floor":4.0},{"not_picked":["Doom and Gloom","Gash","Force Field"],"picked":"SKIP","floor":5.0},{"not_picked":["Hologram","Melter"],"picked":"BootSequence","floor":6.0},{"not_picked":["Steam","BootSequence","Chaos"],"picked":"SKIP","floor":8.0},{"not_picked":["FTL","Barrage"],"picked":"Coolheaded","floor":11.0},{"not_picked":["Hello World","Steam"],"picked":"Sunder","floor":12.0},{"not_picked":["Self Repair","Go for the Eyes"],"picked":"Buffer","floor":14.0},{"not_picked":["Amplify","Rainbow"],"picked":"Creative AI","floor":16.0},{"not_picked":["Fusion","Reprogram","Doom and Gloom"],"picked":"SKIP","floor":18.0},{"not_picked":["Sweeping Beam","Melter"],"picked":"Capacitor","floor":20.0},{"not_picked":["Lockon","Stack+1"],"picked":"Coolheaded+1","floor":21.0},{"not_picked":["Ball Lightning","Force Field"],"picked":"Conserve Battery+1","floor":22.0},{"not_picked":["Fusion","Rebound+1"],"picked":"FTL","floor":24.0},{"not_picked":["Redo","Barrage+1"],"picked":"Consume","floor":25.0},{"not_picked":["Streamline","Gash+1"],"picked":"Double Energy+1","floor":28.0},{"not_picked":["Recycle","Rebound+1"],"picked":"Coolheaded","floor":29.0},{"not_picked":["Reinforced Body","Chaos+1"],"picked":"Go for the Eyes","floor":31.0},{"not_picked":["Seek","Core Surge"],"picked":"Electrodynamics","floor":33.0},{"not_picked":["Skim","Capacitor+1"],"picked":"Cold Snap+1","floor":35.0},{"not_picked":["Go for the Eyes","Streamline"],"picked":"Ball Lightning+1","floor":36.0},{"not_picked":["Sweeping Beam+1","Storm"],"picked":"Aggregate+1","floor":38.0},{"not_picked":["Fusion+1","Streamline+1","Double Energy+1"],"picked":"SKIP","floor":39.0},{"not_picked":["Stack","Go for the Eyes","Steam+1"],"picked":"SKIP","floor":41.0},{"not_picked":["Redo+1","Gash","Fission"],"picked":"SKIP","floor":44.0},{"not_picked":["Go for the Eyes","Redo"],"picked":"Hello World+1","floor":48.0}],"player_experience":251081,"relics_obtained":[{"floor":6.0,"key":"Centennial Puzzle"},{"floor":8.0,"key":"Kunai"},{"floor":9.0,"key":"Whetstone"},{"floor":12.0,"key":"Mummified Hand"},{"floor":26.0,"key":"Omamori"},{"floor":28.0,"key":"Lantern"},{"floor":44.0,"key":"Pear"}],"event_choices":[{"cards_removed":["Strike_B"],"damage_healed":0.0,"max_hp_gain":0.0,"max_hp_loss":0.0,"gold_gain":0.0,"event_name":"Bonfire Elementals","player_choice":"Offered Basic","floor":2.0,"gold_loss":0.0,"damage_taken":0.0},{"damage_healed":0.0,"max_hp_gain":0.0,"max_hp_loss":0.0,"gold_gain":0.0,"event_name":"Duplicator","player_choice":"Copied","floor":19.0,"gold_loss":0.0,"damage_taken":0.0,"cards_obtained":["Capacitor"]},{"damage_healed":0.0,"max_hp_gain":0.0,"max_hp_loss":0.0,"gold_gain":0.0,"event_name":"SensoryStone","player_choice":"Memory 1","floor":37.0,"gold_loss":0.0,"damage_taken":0.0},{"damage_healed":0.0,"max_hp_gain":0.0,"max_hp_loss":4.0,"gold_gain":0.0,"event_name":"Winding Halls","player_choice":"Max HP","floor":42.0,"gold_loss":0.0,"damage_taken":0.0},{"damage_healed":0.0,"max_hp_gain":0.0,"max_hp_loss":0.0,"gold_gain":0.0,"event_name":"Tomb of Lord Red Mask","player_choice":"Paid","floor":47.0,"gold_loss":18.0,"damage_taken":0.0,"relics_obtained":["Red Mask"]}],"is_beta":false,"boss_relics":[{"not_picked":["FrozenCore","Snecko Eye"],"picked":"Cursed Key"},{"not_picked":["Runic Dome","Empty Cage"],"picked":"Fusion Hammer"}],"items_purged_floors":[30,45],"is_endless":false,"potions_floor_spawned":[1,4,6,16,18,21,28,29,31,36,38,41,44,48],"killed_by":"Shield and Spear","ascension_level":6}