{"gold_per_floor":[119,119,119,119,139,178,192,213,213,556,556,599,599,654,654,753,753,769,789,813,813,813,813,851,851,899,923,938,938],"floor_reached":29,"playtime":1263,"items_purged":[],"score":562,"play_id":"784caf8d-17ca-4033-acb3-c769b1fc98c1","local_time":"20190208211146","is_ascension_mode":true,"campfire_choices":[{"data":"Combust","floor":11.0,"key":"SMITH"},{"floor":15.0,"key":"REST"},{"floor":23.0,"key":"REST"},{"floor":25.0,"key":"REST"}],"neow_cost":"NONE","seed_source_timestamp":0,"circlet_count":0,"master_deck":["AscendersBane","Strike_R","Strike_R","Strike_R","Strike_R","Strike_R","Defend_R","Defend_R","Defend_R","Defend_R","Bash+1","Clothesline+1","Twin Strike","Combust+1","Twin Strike","Pummel","Perfected Strike","Shrug It Off","Immolate","Pommel Strike+1","Carnage","Body Slam+1","Twin Strike","Perfected Strike","Pommel Strike","Demon Form+1"],"special_seed":0,"relics":["Burning Blood","NeowsBlessing","Golden Idol","Blood Vial","Self Forming Clay","Old Coin","Frozen Egg 2","Lizard Tail","Bottled Tornado","Strawberry"],"potions_floor_usage":[28,29,29],"damage_taken":[{"damage":0.0,"enemies":"Jaw Worm","floor":1.0,"turns":1.0},{"damage":0.0,"enemies":"2 Louse","floor":5.0,"turns":1.0},{"damage":0.0,"enemies":"3 Sentries","floor":6.0,"turns":2.0},{"damage":0.0,"enemies":"Cultist","floor":7.0,"turns":2.0},{"damage":13.0,"enemies":"Blue Slaver","floor":8.0,"turns":4.0},{"damage":6.0,"enemies":"Gremlin Nob","floor":10.0,"turns":3.0},{"damage":23.0,"enemies":"3 Sentries","floor":12.0,"turns":6.0},{"damage":57.0,"enemies":"The Guardian","floor":16.0,"turns":10.0},{"damage":19.0,"enemies":"3 Byrds","floor":18.0,"turns":5.0},{"damage":28.0,"enemies":"2 Thieves","floor":19.0,"turns":4.0},{"damage":16.0,"enemies":"Sentry and Sphere","floor":20.0,"turns":5.0},{"damage":47.0,"enemies":"Slavers","floor":24.0,"turns":4.0},{"damage":27.0,"enemies":"Snake Plant","floor":27.0,"turns":4.0},{"damage":27,"enemies":"Centurion and Healer","floor":28,"turns":5},{"damage":37,"enemies":"Shelled Parasite and Fungi","floor":29,"turns":2}],"seed_played":"-5428456918992450159","potions_obtained":[{"floor":1.0,"key":"Energy Potion"},{"floor":5.0,"key":"Poison Potion"},{"floor":12.0,"key":"LiquidBronze"},{"floor":16.0,"key":"PowerPotion"},{"floor":19.0,"key":"EssenceOfSteel"},{"floor":24.0,"key":"Poison Potion"},{"floor":27,"key":"Ancient Potion"},{"floor":28,"key":"Swift Potion"}],"is_trial":false,"path_per_floor":["M","?","?","?","M","E","M","M","T","E","R","E","?","?","R","B",null,"M","M","M","?","?","R","E","R","T","M","M","M"],"character_chosen":"IRONCLAD","items_purchased":[],"campfire_rested":3,"item_purchase_floors":[],"current_hp_per_floor":[74,74,48,48,54,60,68,63,63,65,65,50,50,50,72,23,62,51,31,23,23,23,45,43,65,72,53,34,0],"gold":938,"neow_bonus":"THREE_ENEMY_KILL","is_prod":false,"is_daily":false,"chose_seed":false,"campfire_upgraded":1,"win_rate":0,"timestamp":1549653106,"path_taken":["M","?","?","?","?","E","M","M","T","E","R","E","?","?","R","BOSS","M","M","M","?","?","R","E","R","T","M","M","M"],"build_version":"2019-02-06","purchased_purges":0,"victory":false,"max_hp_per_floor":[75,75,75,75,75,75,75,75,75,75,75,75,75,75,75,75,75,75,75,75,75,75,75,75,75,82,82,82,82],"card_choices":[{"not_picked":["Warcry","Rampage"],"picked":"Clothesline","floor":1.0},{"not_picked":["Warcry","Havoc"],"picked":"Twin Strike","floor":5.0},{"not_picked":["Infernal Blade","Limit Break"],"picked":"Combust","floor":6.0},{"not_picked":["Cleave","Warcry"],"picked":"Twin Strike","floor":7.0},{"not_picked":["Body Slam","Anger"],"picked":"Pummel","floor":8.0},{"not_picked":["Cleave","Body Slam"],"picked":"Perfected Strike","floor":10.0},{"not_picked":["Power Through","Cleave"],"picked":"Shrug It Off","floor":12.0},{"not_picked":["Impervious","Limit Break"],"picked":"Immolate","floor":16.0},{"not_picked":["Rage","Anger"],"picked":"Pommel Strike+1","floor":18.0},{"not_picked":["Entrench+1","Wild Strike"],"picked":"Carnage","floor":19.0},{"not_picked":["Anger","Searing Blow"],"picked":"Body Slam+1","floor":20.0},{"not_picked":["Shockwave+1","Metallicize+1"],"picked":"Perfected Strike","floor":24.0},{"not_picked":["Flex","Havoc+1"],"picked":"Pommel Strike","floor":27},{"not_picked":["Inflame+1","Spot Weakness"],"picked":"Demon Form+1","floor":28}],"player_experience":436596,"relics_obtained":[{"floor":6.0,"key":"Blood Vial"},{"floor":9.0,"key":"Self Forming Clay"},{"floor":10.0,"key":"Old Coin"},{"floor":12.0,"key":"Frozen Egg 2"},{"floor":24.0,"key":"Bottled Tornado"},{"floor":26.0,"key":"Strawberry"}],"event_choices":[{"damage_healed":0.0,"max_hp_gain":0.0,"max_hp_loss":0.0,"gold_gain":0.0,"event_name":"Living Wall","player_choice":"Grow","floor":2.0,"gold_loss":0.0,"damage_taken":0.0,"cards_upgraded":["Clothesline"]},{"damage_healed":0.0,"max_hp_gain":0.0,"max_hp_loss":0.0,"gold_gain":0.0,"event_name":"Golden Idol","player_choice":"Take Damage","floor":3.0,"gold_loss":0.0,"damage_taken":26.0,"relics_obtained":["Golden Idol"]},{"damage_healed":0.0,"max_hp_gain":0.0,"max_hp_loss":0.0,"gold_gain":0.0,"event_name":"Upgrade Shrine","player_choice":"Upgraded","floor":4.0,"gold_loss":0.0,"damage_taken":0.0,"cards_upgraded":["Bash"]},{"damage_healed":0.0,"max_hp_gain":0.0,"max_hp_loss":0.0,"gold_gain":0.0,"event_name":"Liars Game","player_choice":"Ignored","floor":13.0,"gold_loss":0.0,"damage_taken":0.0},{"damage_healed":0.0,"max_hp_gain":0.0,"max_hp_loss":0.0,"gold_gain":55.0,"event_name":"Golden Wing","player_choice":"Gained Gold","floor":14.0,"gold_loss":0.0,"damage_taken":0.0},{"damage_healed":0.0,"max_hp_gain":0.0,"max_hp_loss":0.0,"gold_gain":0.0,"event_name":"Beggar","player_choice":"Ignored","floor":21.0,"gold_loss":0.0,"damage_taken":0.0},{"damage_healed":0.0,"max_hp_gain":0.0,"max_hp_loss":0.0,"gold_gain":0.0,"event_name":"Match and Keep!","player_choice":"1 cards matched","floor":22.0,"gold_loss":0.0,"damage_taken":0.0,"cards_obtained":["Twin Strike"]}],"is_beta":true,"boss_relics":[{"not_picked":["Pandora\u0027s Box","Mark of Pain"],"picked":"Lizard Tail"}],"items_purged_floors":[],"is_endless":false,"potions_floor_spawned":[1,5,12,16,19,24,27,28],"killed_by":"Shelled Parasite and Fungi","ascension_level":19}