{"path_per_floor":["M","?","?","T","M","E","M","R","T","R","M","$","M","M","R"],"character_chosen":"DEFECT","items_purchased":["Melter","Frozen Egg 2","Capacitor","White Noise"],"gold_per_floor":[115,290,290,371,389,422,436,436,463,463,486,23,46,69,69,69],"floor_reached":16,"campfire_rested":3,"playtime":1281,"item_purchase_floors":[12,12,12,12],"current_hp_per_floor":[72,72,54,54,51,1,1,23,23,45,37,37,27,13,35,0],"items_purged":[],"gold":69,"score":102,"play_id":"33da44cf-0467-41df-982b-30af88fa07a6","local_time":"20180603025020","is_prod":false,"is_daily":false,"chose_seed":false,"is_ascension_mode":false,"campfire_upgraded":0,"win_rate":0.0,"timestamp":1527987020,"campfire_choices":[{"floor":8,"key":"REST"},{"floor":10,"key":"REST"},{"floor":15,"key":"REST"}],"path_taken":["M","?","?","?","M","E","M","R","T","R","M","?","M","M","R","BOSS"],"build_version":"2018-05-31","seed_source_timestamp":40094414952026,"purchased_purges":0,"victory":false,"master_deck":["Strike_B","Strike_B","Strike_B","Strike_B","Defend_B","Defend_B","Defend_B","Defend_B","Zap","Dualcast","Loop","Doubt","Skim","Rebound","Defragment","Redo","Melter","Capacitor+1","White Noise","Loop+1","Sweeping Beam"],"max_hp_per_floor":[75,75,75,75,75,75,75,75,75,75,75,75,75,75,75,80],"relics":["Cracked Core","Bronze Scales","Golden Idol","Darkstone Periapt","Toolbox","Potion Belt","Frozen Egg 2"],"card_choices":[{"not_picked":["Ball Lightning","Beam Cell"],"picked":"Loop","floor":1},{"not_picked":["Beam Cell","Barrage"],"picked":"Skim","floor":5},{"not_picked":["Redo","Stack"],"picked":"Rebound","floor":6},{"not_picked":["Melter","Reprogram"],"picked":"Defragment","floor":7},{"not_picked":["Leap","Go for the Eyes"],"picked":"Redo","floor":11},{"not_picked":["Cold Snap","Self Repair+1"],"picked":"Loop+1","floor":13},{"not_picked":["Hologram","Undo"],"picked":"Sweeping Beam","floor":14}],"player_experience":35309,"potions_floor_usage":[7,14,16],"damage_taken":[{"damage":3,"enemies":"Jaw Worm","floor":1,"turns":3},{"damage":3,"enemies":"Small Slimes","floor":5,"turns":3},{"damage":50,"enemies":"Lagavulin","floor":6,"turns":8},{"damage":0,"enemies":"2 Louse","floor":7,"turns":2},{"damage":8,"enemies":"2 Fungi Beasts","floor":11,"turns":4},{"damage":10,"enemies":"Looter","floor":13,"turns":3},{"damage":14,"enemies":"Blue Slaver","floor":14,"turns":4},{"damage":42,"enemies":"The Guardian","floor":16,"turns":5}],"relics_obtained":[{"floor":4,"key":"Darkstone Periapt"},{"floor":6,"key":"Toolbox"},{"floor":9,"key":"Potion Belt"}],"event_choices":[{"event_name":"Liars Game","player_choice":"agreed","floor":2,"damage_taken":0},{"event_name":"Golden Idol","player_choice":"Take Damage","floor":3,"damage_taken":0}],"boss_relics":[],"items_purged_floors":[],"potions_floor_spawned":[6,11,14],"seed_played":"-5371601109341116632","killed_by":"The Guardian","ascension_level":0,"potions_obtained":[{"floor":6,"key":"AttackPotion"},{"floor":11,"key":"PowerPotion"},{"floor":14,"key":"Fruit Juice"}],"is_trial":false}