{"gold_per_floor":[109,109,109,128,147,172,172,190,190,190,229,247,247,271,271,271],"floor_reached":16,"playtime":1001,"items_purged":[],"score":118,"play_id":"c7f78331-78f3-4b42-ad2f-0f6f3a7a59c5","local_time":"20180817205856","is_ascension_mode":true,"campfire_choices":[{"floor":7,"key":"REST"},{"floor":13,"key":"REST"},{"floor":15,"key":"REST"}],"neow_cost":"TEN_PERCENT_HP_LOSS","seed_source_timestamp":566214989100,"circlet_count":0,"master_deck":["Defend_G","Defend_G+1","Defend_G+1","Defend_G","Defend_G","Strike_G","Strike_G","Strike_G","Strike_G","Survivor","Neutralize","Blade Dance","Poisoned Stab","Distraction","Dagger Throw","Bane","Venomology","Injury","Poisoned Stab","Slice","Night Terror"],"relics":["Ring of the Snake","Unceasing Top","Smiling Mask","Tough Bandages","Golden Idol","Calipers"],"potions_floor_usage":[6,12,14,16,16,16],"damage_taken":[{"damage":14,"enemies":"Small Slimes","floor":1,"turns":5},{"damage":3,"enemies":"Jaw Worm","floor":4,"turns":4},{"damage":0,"enemies":"2 Louse","floor":5,"turns":2},{"damage":17,"enemies":"3 Sentries","floor":6,"turns":8},{"damage":1,"enemies":"Large Slime","floor":8,"turns":6},{"damage":25,"enemies":"Lagavulin","floor":11,"turns":6},{"damage":0,"enemies":"Red Slaver","floor":12,"turns":2},{"damage":2,"enemies":"Looter","floor":14,"turns":3},{"damage":48,"enemies":"The Guardian","floor":16,"turns":7}],"seed_played":"-4913100647468143969","potions_obtained":[{"floor":5,"key":"Strength Potion"},{"floor":12,"key":"LiquidBronze"},{"floor":14,"key":"GhostInAJar"}],"is_trial":false,"path_per_floor":["M","?","?","M","M","E","R","M","T","?","E","M","R","M","R"],"character_chosen":"THE_SILENT","items_purchased":[],"campfire_rested":3,"item_purchase_floors":[],"current_hp_per_floor":[49,49,36,33,33,16,34,33,33,33,8,8,26,24,42,0],"gold":271,"neow_bonus":"ONE_RARE_RELIC","is_prod":false,"is_daily":false,"chose_seed":false,"campfire_upgraded":0,"win_rate":0,"timestamp":1534532336,"path_taken":["M","?","?","M","M","E","R","?","T","?","E","M","R","M","R","BOSS"],"build_version":"2018-08-16","purchased_purges":0,"victory":false,"max_hp_per_floor":[63,63,63,63,63,63,63,63,63,63,63,63,63,63,63,63],"card_choices":[{"not_picked":["Crippling Poison","Dodge and Roll"],"picked":"Blade Dance","floor":1},{"not_picked":["Cloak And Dagger","Tactician"],"picked":"Distraction","floor":4},{"not_picked":["Blade Dance","Backflip"],"picked":"Dagger Throw","floor":5},{"not_picked":["All Out Attack","Escape Plan"],"picked":"Bane","floor":6},{"not_picked":["Underhanded Strike","Deflect"],"picked":"Venomology","floor":8},{"not_picked":["Quick Slash","Skewer"],"picked":"Poisoned Stab","floor":11},{"not_picked":["Skewer","Eviscerate"],"picked":"Slice","floor":12},{"not_picked":["Outmaneuver","Poisoned Stab"],"picked":"Night Terror","floor":14}],"player_experience":148125,"relics_obtained":[{"floor":6,"key":"Smiling Mask"},{"floor":9,"key":"Tough Bandages"},{"floor":11,"key":"Calipers"}],"event_choices":[{"event_name":"Living Wall","player_choice":"Change","floor":2,"damage_taken":0},{"event_name":"Shining Light","player_choice":"Entered Light","floor":3,"damage_taken":0},{"event_name":"Golden Idol","player_choice":"Take Wound","floor":10,"damage_taken":0}],"is_beta":false,"boss_relics":[],"items_purged_floors":[],"is_endless":false,"potions_floor_spawned":[5,12,14],"killed_by":"The Guardian","ascension_level":1}