{"gold_per_floor":[110,35,35,50,67,96,106,106,106,123,43,75,89,103,103,103],"floor_reached":16,"playtime":1687,"items_purged":[],"score":228,"play_id":"d15e25f0-56a2-4236-8b9a-be82bb459e66","local_time":"20190524195925","is_ascension_mode":true,"campfire_choices":[{"floor":8,"key":"REST"},{"floor":15,"key":"REST"}],"neow_cost":"NONE","seed_source_timestamp":23684101821000,"circlet_count":0,"master_deck":["AscendersBane","Defend_G","Defend_G","Defend_G","Defend_G","Defend_G","Strike_G","Strike_G","Strike_G","Strike_G","Survivor","Neutralize","Dagger Throw+1","Well Laid Plans","Quick Slash","Outmaneuver","After Image","Predator","Finisher","Underhanded Strike"],"relics":["Snecko Eye","Potion Belt","Art of War","Frozen Egg 2"],"potions_floor_usage":[10,13,14],"damage_taken":[{"damage":0,"enemies":"Jaw Worm","floor":1,"turns":5},{"damage":0,"enemies":"Cultist","floor":4,"turns":4},{"damage":14,"enemies":"Small Slimes","floor":5,"turns":4},{"damage":31,"enemies":"3 Sentries","floor":6,"turns":13},{"damage":0,"enemies":"Blue Slaver","floor":7,"turns":6},{"damage":15,"enemies":"Exordium Thugs","floor":10,"turns":6},{"damage":14,"enemies":"Lagavulin","floor":12,"turns":9},{"damage":1,"enemies":"Exordium Wildlife","floor":13,"turns":4},{"damage":1,"enemies":"3 Louse","floor":14,"turns":3},{"damage":32,"enemies":"Slime Boss","floor":16,"turns":5}],"seed_played":"-5906559040236320490","potions_obtained":[{"floor":7,"key":"Fire Potion"},{"floor":12,"key":"Dexterity Potion"},{"floor":13,"key":"Regen Potion"}],"is_trial":false,"path_per_floor":["M","?","?","M","M","E","M","R","T","M","$","E","M","M","R","B"],"character_chosen":"THE_SILENT","items_purchased":["Predator"],"campfire_rested":2,"item_purchase_floors":[11],"current_hp_per_floor":[59,59,59,59,45,14,14,33,33,18,18,4,3,11,30,0],"gold":103,"neow_bonus":"BOSS_RELIC","is_prod":false,"is_daily":false,"chose_seed":false,"campfire_upgraded":0,"win_rate":0,"timestamp":1558753165,"path_taken":["M","?","?","M","M","E","?","R","T","M","$","E","M","M","R","BOSS"],"build_version":"2019-01-23","purchased_purges":0,"victory":false,"max_hp_per_floor":[66,66,66,66,66,66,66,66,66,66,66,66,66,66,66,66],"card_choices":[{"not_picked":["Sucker Punch","Quick Slash"],"picked":"Dagger Throw","floor":1},{"not_picked":["Dagger Throw","Masterful Stab"],"picked":"Well Laid Plans","floor":4},{"not_picked":["Setup","Dodge and Roll"],"picked":"Quick Slash","floor":5},{"not_picked":["Cloak And Dagger","Acrobatics"],"picked":"Outmaneuver","floor":6},{"not_picked":["Dagger Spray","PiercingWail"],"picked":"After Image","floor":7},{"not_picked":["Outmaneuver","Quick Slash","Deflect"],"picked":"SKIP","floor":10},{"not_picked":["Storm of Steel","All Out Attack"],"picked":"Finisher","floor":12},{"not_picked":["Deflect","PiercingWail"],"picked":"Underhanded Strike","floor":13},{"not_picked":["Acrobatics","Quick Slash","Blade Dance"],"picked":"SKIP","floor":14}],"player_experience":1441431,"relics_obtained":[{"floor":6,"key":"Potion Belt"},{"floor":9,"key":"Art of War"},{"floor":12,"key":"Frozen Egg 2"}],"event_choices":[{"cards_removed":["Strike_G"],"damage_healed":0,"gold_gain":0,"player_choice":"Card Removal","damage_taken":0,"max_hp_gain":0,"max_hp_loss":0,"event_name":"The Cleric","floor":2,"gold_loss":75},{"damage_healed":0,"gold_gain":0,"player_choice":"Upgraded","damage_taken":0,"max_hp_gain":0,"max_hp_loss":0,"event_name":"Upgrade Shrine","floor":3,"gold_loss":0,"cards_upgraded":["Dagger Throw"]}],"is_beta":false,"boss_relics":[],"items_purged_floors":[],"is_endless":false,"potions_floor_spawned":[7,12,13],"killed_by":"Slime Boss","ascension_level":20}