{"gold_per_floor":[99,99,99,99,99,99,99,99,99,99,99,99,99,99,99,99,99,99,99,99,99,99,99,99,99,99,99,99,99,99,99,99,99],"floor_reached":33,"playtime":1979,"items_purged":[],"score":422,"play_id":"1e413673-9a5e-4e6e-9e6e-bb1af3bd4ae2","local_time":"20190124063304","is_ascension_mode":true,"campfire_choices":[{"floor":6,"key":"REST"},{"floor":8,"key":"REST"},{"floor":13,"key":"REST"},{"floor":15,"key":"REST"},{"floor":23,"key":"REST"},{"data":"Neutralize","floor":27,"key":"SMITH"},{"floor":32,"key":"REST"}],"neow_cost":"NONE","seed_source_timestamp":185936527050928,"circlet_count":0,"master_deck":["AscendersBane","Defend_G+1","Defend_G","Defend_G","Defend_G+1","Defend_G","Strike_G","Strike_G+1","Strike_G","Survivor+1","Neutralize+1","Predator","Poisoned Stab","Dagger Throw","Quick Slash","Choke","Poisoned Stab","Reflex","Glass Knife","Backstab","Cloak And Dagger","Heel Hook","Backflip","Dagger Spray","Doppelganger","Bane","Bane","Bane+1","Acrobatics+1","Backflip"],"relics":["Ectoplasm","Bag of Preparation","War Paint","Anchor","Dream Catcher","Empty Cage","MutagenicStrength","Girya","Frozen Egg 2","Question Card","Paper Crane"],"potions_floor_usage":[16,22,29,30,31,31,33,33,33],"damage_taken":[{"damage":0,"enemies":"Jaw Worm","floor":1,"turns":6},{"damage":28,"enemies":"Lagavulin","floor":7,"turns":8},{"damage":15,"enemies":"3 Sentries","floor":10,"turns":10},{"damage":16,"enemies":"Gremlin Nob","floor":12,"turns":3},{"damage":0,"enemies":"2 Louse","floor":14,"turns":2},{"damage":47,"enemies":"Slime Boss","floor":16,"turns":12},{"damage":4,"enemies":"3 Byrds","floor":18,"turns":5},{"damage":9,"enemies":"Shell Parasite","floor":19,"turns":4},{"damage":0,"enemies":"Colosseum Slavers","floor":22,"turns":4},{"damage":5,"enemies":"Colosseum Nobs","floor":22,"turns":4},{"damage":6,"enemies":"Snake Plant","floor":24,"turns":3},{"damage":12,"enemies":"3 Cultists","floor":28,"turns":5},{"damage":33,"enemies":"Gremlin Leader","floor":29,"turns":5},{"damage":7,"enemies":"Shelled Parasite and Fungi","floor":30,"turns":5},{"damage":1,"enemies":"Snecko","floor":31,"turns":5},{"damage":47,"enemies":"Automaton","floor":33,"turns":6}],"seed_played":"1519808262738484658","potions_obtained":[{"floor":7,"key":"SpeedPotion"},{"floor":14,"key":"LiquidBronze"},{"floor":16,"key":"Energy Potion"},{"floor":22,"key":"Strength Potion"},{"floor":28,"key":"LiquidBronze"},{"floor":29,"key":"GhostInAJar"},{"floor":31,"key":"EntropicBrew"}],"is_trial":false,"path_per_floor":["M","?","$","?","?","R","E","R","T","E","?","E","R","M","R","B",null,"M","M","?","?","?","R","M","?","T","R","M","E","M","M","R","B"],"character_chosen":"THE_SILENT","items_purchased":[],"campfire_rested":6,"item_purchase_floors":[],"current_hp_per_floor":[63,60,60,46,46,67,39,60,60,45,45,29,50,50,70,23,58,54,45,45,45,40,61,55,55,55,55,43,10,3,2,23,0],"gold":99,"neow_bonus":"BOSS_RELIC","is_prod":false,"is_daily":false,"chose_seed":false,"campfire_upgraded":1,"win_rate":0,"timestamp":1548304384,"path_taken":["M","?","$","?","?","R","E","R","T","E","?","E","R","M","R","BOSS","M","M","?","?","?","R","M","?","T","R","?","E","M","M","R","BOSS"],"build_version":"2019-01-23","purchased_purges":0,"victory":false,"max_hp_per_floor":[70,70,70,70,70,70,70,70,70,70,70,70,70,70,70,70,70,70,70,70,70,70,70,70,70,70,70,70,70,70,70,70,70],"card_choices":[{"not_picked":["Bane","Dagger Throw"],"picked":"Predator","floor":1},{"not_picked":["Dodge and Roll","Flying Knee"],"picked":"Poisoned Stab","floor":7},{"not_picked":["Bane","PiercingWail"],"picked":"Dagger Throw","floor":10},{"not_picked":["Outmaneuver","Tactician"],"picked":"Quick Slash","floor":12},{"not_picked":["Expertise","Acrobatics"],"picked":"Choke","floor":13},{"not_picked":["Masterful Stab","Accuracy"],"picked":"Poisoned Stab","floor":14},{"not_picked":["Flying Knee","Underhanded Strike"],"picked":"Reflex","floor":15},{"not_picked":["Envenom","Storm of Steel"],"picked":"Glass Knife","floor":16},{"not_picked":["Reflex","Underhanded Strike"],"picked":"Backstab","floor":18},{"not_picked":["Well Laid Plans","Catalyst+1"],"picked":"Cloak And Dagger","floor":19},{"not_picked":["Deflect+1","Tactician"],"picked":"Heel Hook","floor":22},{"not_picked":["Poisoned Stab","Sucker Punch"],"picked":"Backflip","floor":23},{"not_picked":["Deadly Poison+1","Reflex"],"picked":"Dagger Spray","floor":24},{"not_picked":["Tactician","Grand Finale","Outmaneuver"],"picked":"Bane","floor":28},{"not_picked":["Accuracy+1","Distraction","Poisoned Stab"],"picked":"Bane+1","floor":29},{"not_picked":["Cloak And Dagger","Deadly Poison+1","Poisoned Stab"],"picked":"Acrobatics+1","floor":30},{"not_picked":["Flying Knee","Deadly Poison","Blade Dance","Dodge and Roll"],"picked":"SKIP","floor":31},{"not_picked":["Underhanded Strike","Doppelganger","Dagger Spray"],"picked":"Backflip","floor":32}],"player_experience":394148,"relics_obtained":[{"floor":7,"key":"War Paint"},{"floor":10,"key":"Anchor"},{"floor":12,"key":"Dream Catcher"},{"floor":22,"key":"Girya"},{"floor":22,"key":"Frozen Egg 2"},{"floor":26,"key":"Question Card"},{"floor":29,"key":"Paper Crane"}],"event_choices":[{"damage_healed":0,"gold_gain":0,"player_choice":"Success","damage_taken":3,"relics_obtained":["Bag of Preparation"],"max_hp_gain":0,"max_hp_loss":0,"event_name":"Scrap Ooze","floor":2,"gold_loss":0},{"damage_healed":0,"gold_gain":0,"player_choice":"Entered Light","damage_taken":14,"max_hp_gain":0,"max_hp_loss":0,"event_name":"Shining Light","floor":4,"gold_loss":0,"cards_upgraded":["Defend_G","Strike_G"]},{"damage_healed":0,"gold_gain":62,"player_choice":"Gained Gold","damage_taken":0,"max_hp_gain":0,"max_hp_loss":0,"event_name":"Golden Wing","floor":5,"gold_loss":0},{"damage_healed":0,"gold_gain":0,"player_choice":"Ignored","damage_taken":0,"max_hp_gain":0,"max_hp_loss":0,"event_name":"Liars Game","floor":11,"gold_loss":0},{"damage_healed":0,"gold_gain":0,"player_choice":"Ignored","damage_taken":0,"max_hp_gain":0,"max_hp_loss":0,"event_name":"Ghosts","floor":20,"gold_loss":0},{"damage_healed":0,"gold_gain":0,"player_choice":"Inject Mutagens","damage_taken":0,"relics_obtained":["MutagenicStrength"],"max_hp_gain":0,"max_hp_loss":0,"event_name":"Drug Dealer","floor":21,"gold_loss":0},{"damage_healed":0,"gold_gain":0,"player_choice":"Fight","damage_taken":0,"max_hp_gain":0,"max_hp_loss":0,"event_name":"Colosseum","floor":22,"gold_loss":0},{"damage_healed":0,"gold_gain":0,"player_choice":"Fought Nobs","damage_taken":0,"max_hp_gain":0,"max_hp_loss":0,"event_name":"Colosseum","floor":22,"gold_loss":0},{"damage_healed":0,"gold_gain":0,"player_choice":"2 cards matched","damage_taken":0,"max_hp_gain":0,"max_hp_loss":0,"event_name":"Match and Keep!","floor":25,"gold_loss":0,"cards_obtained":["Doppelganger","Bane"]}],"is_beta":true,"boss_relics":[{"not_picked":["Coffee Dripper","Philosopher\u0027s Stone"],"picked":"Empty Cage"}],"items_purged_floors":[],"is_endless":false,"potions_floor_spawned":[7,14,16,22,28,29,31],"killed_by":"Automaton","ascension_level":10}