{"gold_per_floor":[111,130,130,130,141,170,186,186,210,244,244,70,70,101,101,178,178,162,180,180,33,33],"floor_reached":22,"playtime":1219,"items_purged":[],"score":400,"play_id":"f0b5ca5c-1442-484d-ad22-6e12441594af","local_time":"20190122004510","is_ascension_mode":true,"campfire_choices":[{"floor":8,"key":"REST"},{"data":"Infernal Blade","floor":11,"key":"SMITH"},{"data":"Havoc","floor":13,"key":"SMITH"},{"floor":15,"key":"REST"}],"neow_cost":"PERCENT_DAMAGE","seed_source_timestamp":0,"circlet_count":0,"master_deck":["AscendersBane","Strike_R","Strike_R","Strike_R","Strike_R","Strike_R","Defend_R","Defend_R","Defend_R","Defend_R","Bash","Twin Strike","Havoc+1","Pummel","Metallicize","Infernal Blade+1","Demon Form+1","Havoc","Reaper","Sword Boomerang","Sentinel","Inflame+1"],"special_seed":0,"relics":["Burning Blood","Regal Pillow","Ancient Tea Set","Omamori","Frozen Egg 2","Tiny Chest","Bottled Flame","Runic Pyramid"],"potions_floor_usage":[6,7,10,14,14,19,22,22],"damage_taken":[{"damage":1,"enemies":"Cultist","floor":1,"turns":4},{"damage":12,"enemies":"Jaw Worm","floor":2,"turns":2},{"damage":6,"enemies":"2 Louse","floor":5,"turns":3},{"damage":50,"enemies":"3 Sentries","floor":6,"turns":12},{"damage":22,"enemies":"Lots of Slimes","floor":7,"turns":7},{"damage":0,"enemies":"Gremlin Nob","floor":10,"turns":2},{"damage":37,"enemies":"Lagavulin","floor":14,"turns":4},{"damage":35,"enemies":"Slime Boss","floor":16,"turns":8},{"damage":29,"enemies":"2 Thieves","floor":18,"turns":5},{"damage":37,"enemies":"Chosen","floor":19,"turns":5},{"damage":27,"enemies":"Colosseum Slavers","floor":20,"turns":5},{"damage":47,"enemies":"3 Cultists","floor":22,"turns":4}],"seed_played":"2256015693268625605","potions_obtained":[{"floor":2,"key":"Regen Potion"},{"floor":4,"key":"Block Potion"},{"floor":7,"key":"SteroidPotion"},{"floor":10,"key":"Regen Potion"},{"floor":16,"key":"Swift Potion"},{"floor":18,"key":"FearPotion"}],"is_trial":false,"path_per_floor":["M","?","?","M","M","?"],"character_chosen":"IRONCLAD","items_purchased":["Tiny Chest","PowerPotion","BloodPotion","Inflame+1"],"campfire_rested":2,"item_purchase_floors":[12,12,21,21],"current_hp_per_floor":[72,66,59,59,59,30,14,57,57,63,63,63,63,37,80,51,85,62,37,20,20,0],"gold":33,"neow_bonus":"TWENTY_PERCENT_HP_BONUS","is_prod":false,"is_daily":false,"chose_seed":false,"campfire_upgraded":2,"win_rate":0,"timestamp":1548110710,"path_taken":["M","?","?","?","?","E","M","R","T","E","R","$","R","E","R","BOSS","M","?","?","$","M"],"build_version":"2019-01-20","purchased_purges":0,"victory":false,"max_hp_per_floor":[96,96,96,96,96,96,96,96,96,96,96,96,96,96,96,96,96,96,96,96,96,96],"card_choices":[{"not_picked":["Body Slam","Havoc"],"picked":"Twin Strike","floor":1},{"not_picked":["Combust","Warcry"],"picked":"Havoc","floor":2},{"not_picked":["Body Slam","Headbutt"],"picked":"Pummel","floor":5},{"not_picked":["Clothesline","Cleave"],"picked":"Metallicize","floor":6},{"not_picked":["Battle Trance","Bloodletting"],"picked":"Infernal Blade","floor":7},{"not_picked":["Flame Barrier","Blood for Blood"],"picked":"Demon Form","floor":10},{"not_picked":["Shockwave","True Grit"],"picked":"Havoc","floor":14},{"not_picked":["Limit Break","Berserk+1"],"picked":"Reaper","floor":16},{"not_picked":["Thunderclap","Carnage+1"],"picked":"Sword Boomerang","floor":18},{"not_picked":["Shockwave","Carnage"],"picked":"Sentinel","floor":19}],"player_experience":384249,"relics_obtained":[{"floor":6,"key":"Ancient Tea Set"},{"floor":9,"key":"Omamori"},{"floor":10,"key":"Frozen Egg 2"},{"floor":14,"key":"Bottled Flame"}],"event_choices":[{"damage_healed":0,"gold_gain":0,"player_choice":"Success","damage_taken":7,"relics_obtained":["Regal Pillow"],"max_hp_gain":0,"max_hp_loss":0,"event_name":"Scrap Ooze","floor":3,"gold_loss":0},{"damage_healed":0,"gold_gain":0,"player_choice":"Got Potions","damage_taken":0,"max_hp_gain":0,"max_hp_loss":0,"event_name":"Lab","floor":4,"gold_loss":0},{"damage_healed":0,"gold_gain":0,"player_choice":"Fight","damage_taken":0,"max_hp_gain":0,"max_hp_loss":0,"event_name":"Colosseum","floor":20,"gold_loss":0},{"damage_healed":0,"gold_gain":0,"player_choice":"Fled From Nobs","damage_taken":0,"max_hp_gain":0,"max_hp_loss":0,"event_name":"Colosseum","floor":20,"gold_loss":0}],"is_beta":true,"boss_relics":[{"not_picked":["White Beast Statue","Velvet Choker"],"picked":"Runic Pyramid"}],"items_purged_floors":[],"is_endless":false,"potions_floor_spawned":[2,7,10,16,18],"killed_by":"3 Cultists","ascension_level":13}