{"gold_per_floor":[116,132,150,0,14,14,32,32,32,64,15,42,62,91,91,195,195,213,213,225,225,225,225],"floor_reached":23,"playtime":1845,"items_purged":[],"score":317,"play_id":"15f5a72e-392a-4ae5-a035-508114ffa92c","local_time":"20190131060848","is_ascension_mode":true,"campfire_choices":[{"floor":6.0,"key":"REST"},{"floor":15.0,"key":"REST"}],"neow_cost":"NONE","seed_source_timestamp":0,"circlet_count":0,"master_deck":["AscendersBane","Defend_G","Defend_G","Defend_G","Defend_G","Defend_G","Strike_G","Strike_G","Strike_G","Strike_G","Strike_G","Survivor","Neutralize","Dagger Throw","Dagger Throw","Well Laid Plans","Prepared","Backflip","Corpse Explosion","Underhanded Strike","Cloak And Dagger","Terror","Footwork","Wraith Form v2","Backflip"],"special_seed":0,"relics":["Philosopher\u0027s Stone","Ancient Tea Set","NlothsMask","Boot","The Courier","Gremlin Horn","Black Star","MutagenicStrength"],"potions_floor_usage":[],"damage_taken":[{"damage":3.0,"enemies":"Cultist","floor":1.0,"turns":5.0},{"damage":0.0,"enemies":"Jaw Worm","floor":2.0,"turns":4.0},{"damage":8.0,"enemies":"Small Slimes","floor":3.0,"turns":3.0},{"damage":4.0,"enemies":"Blue Slaver","floor":5.0,"turns":3.0},{"damage":20.0,"enemies":"Exordium Thugs","floor":7.0,"turns":7.0},{"damage":2.0,"enemies":"3 Sentries","floor":10.0,"turns":8.0},{"damage":18.0,"enemies":"Lagavulin","floor":12.0,"turns":6.0},{"damage":4.0,"enemies":"Exordium Wildlife","floor":13.0,"turns":3.0},{"damage":11.0,"enemies":"Gremlin Nob","floor":14.0,"turns":4.0},{"damage":15.0,"enemies":"The Guardian","floor":16.0,"turns":12.0},{"damage":21.0,"enemies":"Spheric Guardian","floor":18.0,"turns":7.0},{"damage":12.0,"enemies":"Shell Parasite","floor":20.0,"turns":5.0},{"damage":13,"enemies":"Colosseum Slavers","floor":22,"turns":4},{"damage":21,"enemies":"Slavers","floor":23,"turns":1}],"seed_played":"393264777881014063","potions_obtained":[{"floor":1.0,"key":"LiquidBronze"},{"floor":3.0,"key":"AttackPotion"},{"floor":5.0,"key":"PowerPotion"},{"floor":7.0,"key":"EssenceOfSteel"},{"floor":13.0,"key":"EssenceOfSteel"},{"floor":14.0,"key":"Ancient Potion"}],"is_trial":false,"path_per_floor":["M","M","M","$","M","R","M","?","T","E","$","E","M","E","R","B",null,"M","?","M","?","?","E"],"character_chosen":"THE_SILENT","items_purchased":["Ancient Tea Set","Underhanded Strike"],"campfire_rested":2,"item_purchase_floors":[4,11],"current_hp_per_floor":[60,60,52,52,48,69,49,49,49,47,47,29,25,14,35,20,58,37,37,25,25,12,0],"gold":225,"neow_bonus":"BOSS_RELIC","is_prod":false,"is_daily":false,"chose_seed":false,"campfire_upgraded":0,"win_rate":0,"timestamp":1548907728,"path_taken":["M","?","?","$","M","R","M","?","T","E","?","E","M","E","R","BOSS","M","?","M","?","?","E"],"build_version":"2019-01-23","purchased_purges":0,"victory":false,"max_hp_per_floor":[70,70,70,70,70,70,70,70,70,70,70,70,70,70,70,70,70,70,70,70,70,70,70],"card_choices":[{"not_picked":["Bane","Flying Knee"],"picked":"Dagger Throw","floor":1.0},{"not_picked":["Backflip","Dodge and Roll"],"picked":"Dagger Throw","floor":2.0},{"not_picked":["Noxious Fumes","Expertise"],"picked":"Well Laid Plans","floor":3.0},{"not_picked":["PiercingWail","Setup"],"picked":"Prepared","floor":5.0},{"not_picked":["Dagger Spray","Dodge and Roll"],"picked":"Backflip","floor":7.0},{"not_picked":["Tactician","Terror"],"picked":"Corpse Explosion","floor":10.0},{"not_picked":["Deflect","Deadly Poison"],"picked":"Cloak And Dagger","floor":12.0},{"not_picked":["Cloak And Dagger","Crippling Poison"],"picked":"Terror","floor":13.0},{"not_picked":["Cloak And Dagger","Quick Slash"],"picked":"Footwork","floor":14.0},{"not_picked":["Unload","Night Terror"],"picked":"Wraith Form v2","floor":16.0},{"not_picked":["Dodge and Roll","Outmaneuver"],"picked":"Backflip","floor":18.0},{"not_picked":["Concentrate","Dodge and Roll","Setup+1"],"picked":"SKIP","floor":20.0}],"player_experience":396127,"relics_obtained":[{"floor":10.0,"key":"Boot"},{"floor":12.0,"key":"The Courier"},{"floor":14.0,"key":"Gremlin Horn"}],"event_choices":[{"damage_healed":0.0,"max_hp_gain":0.0,"max_hp_loss":0.0,"gold_gain":0.0,"event_name":"FaceTrader","player_choice":"Trade","floor":8.0,"gold_loss":0.0,"damage_taken":0.0,"relics_obtained":["NlothsMask"]},{"damage_healed":0.0,"max_hp_gain":0.0,"max_hp_loss":0.0,"gold_gain":0.0,"event_name":"Beggar","player_choice":"Ignored","floor":19.0,"gold_loss":0.0,"damage_taken":0.0},{"damage_healed":0.0,"max_hp_gain":0.0,"max_hp_loss":0.0,"gold_gain":0.0,"event_name":"Drug Dealer","player_choice":"Inject Mutagens","floor":21.0,"gold_loss":0.0,"damage_taken":0.0,"relics_obtained":["MutagenicStrength"]},{"damage_healed":0,"gold_gain":0,"player_choice":"Fight","damage_taken":0,"max_hp_gain":0,"max_hp_loss":0,"event_name":"Colosseum","floor":22,"gold_loss":0},{"damage_healed":0,"gold_gain":0,"player_choice":"Fled From Nobs","damage_taken":0,"max_hp_gain":0,"max_hp_loss":0,"event_name":"Colosseum","floor":22,"gold_loss":0}],"is_beta":true,"boss_relics":[{"not_picked":["Ectoplasm","HoveringKite"],"picked":"Black Star"}],"items_purged_floors":[],"is_endless":false,"potions_floor_spawned":[1,3,5,7,13,14],"killed_by":"Slavers","ascension_level":10}