{"path_per_floor":["M","?","?","M","M","E","R","E","T","?","$","M","M","M","R","B",null,"M","M","$","?","M","E","R","E","T","M","?","?","M","?","R"],"character_chosen":"THE_SILENT","items_purchased":["Master of Strategy","Slice","Well Laid Plans"],"gold_per_floor":[118,118,118,138,156,183,183,211,259,316,9,27,44,54,54,159,159,172,190,11,0,20,53,53,82,82,94,94,144,157,157,157,157],"floor_reached":33,"campfire_rested":4,"playtime":3956,"item_purchase_floors":[11,11,20],"current_hp_per_floor":[69,69,69,66,66,44,65,43,43,43,43,42,42,39,60,47,91,78,78,78,78,70,48,75,64,64,64,64,64,54,38,65,0],"items_purged":["Normality","Decay"],"gold":157,"score":322,"play_id":"d72ce206-9ea9-476c-919a-9d5ab7b0ceb4","local_time":"20180622173730","is_prod":false,"is_daily":false,"chose_seed":false,"is_ascension_mode":false,"campfire_upgraded":0,"win_rate":0,"timestamp":1529681850,"campfire_choices":[{"floor":7,"key":"REST"},{"floor":15,"key":"REST"},{"floor":24,"key":"REST"},{"floor":32,"key":"REST"}],"path_taken":["M","?","?","M","M","E","R","E","T","?","$","M","?","M","R","BOSS","M","M","$","?","?","E","R","E","T","M","?","?","M","?","R","BOSS"],"build_version":"2018-06-21","seed_source_timestamp":1101497535046,"purchased_purges":2,"circlet_count":0,"victory":false,"master_deck":["Defend_G","Defend_G","Defend_G","Defend_G","Defend_G","Strike_G","Strike_G","Strike_G","Strike_G","Strike_G","Survivor","Neutralize","Slice","Infinite Blades","Terror","Backstab","Footwork","Master of Strategy","Slice","Slice","Dagger Spray","Backflip","Glass Knife","Clumsy","Parasite","Backflip+1","PiercingWail","Well Laid Plans","Sucker Punch+1","Cloak And Dagger","PiercingWail+1","Quick Slash+1","Dagger Spray"],"max_hp_per_floor":[70,70,70,70,70,70,70,70,70,70,70,70,70,70,70,70,91,91,91,91,91,91,91,91,91,91,91,91,91,91,91,91,91],"relics":["Ring of the Snake","Mercury Hourglass","Vajra","Bottled Tornado","Bag of Marbles","Calling Bell","Strawberry","Ornamental Fan","Mango","Tough Bandages","Bronze Scales","Snake Skull","Juzu Bracelet","Enchiridion"],"card_choices":[{"not_picked":["Escape Plan","Flying Knee"],"picked":"Slice","floor":1},{"not_picked":["Blur","Dagger Spray"],"picked":"Infinite Blades","floor":4},{"not_picked":["Underhanded Strike","Poisoned Stab"],"picked":"Terror","floor":5},{"not_picked":["Backflip","Deflect"],"picked":"Backstab","floor":6},{"not_picked":["Dagger Throw","Distraction"],"picked":"Footwork","floor":8},{"not_picked":["Escape Plan","Flying Knee"],"picked":"Slice","floor":12},{"not_picked":["Escape Plan","Quick Slash"],"picked":"Dagger Spray","floor":13},{"not_picked":["Sucker Punch","Crippling Poison"],"picked":"Backflip","floor":14},{"not_picked":["Phantasmal Killer","Corpse Explosion"],"picked":"Glass Knife","floor":16},{"not_picked":["Acrobatics+1","Backflip+1","Dagger Spray"],"picked":"SKIP","floor":18},{"not_picked":["Acrobatics+1","Dagger Spray"],"picked":"Backflip+1","floor":18},{"not_picked":["Prepared","Reflex"],"picked":"PiercingWail","floor":19},{"not_picked":["Flying Knee","Dagger Spray"],"picked":"Sucker Punch+1","floor":22},{"not_picked":["Dodge and Roll","Tactician"],"picked":"Cloak And Dagger","floor":23},{"not_picked":["Outmaneuver","Poisoned Stab"],"picked":"PiercingWail+1","floor":25},{"not_picked":["PiercingWail","Malaise"],"picked":"Quick Slash+1","floor":27},{"not_picked":["Escape Plan","Underhanded Strike"],"picked":"Dagger Spray","floor":30}],"player_experience":106083,"potions_floor_usage":[16,16,16,22,27,33],"damage_taken":[{"damage":1,"enemies":"Jaw Worm","floor":1,"turns":5},{"damage":3,"enemies":"2 Louse","floor":4,"turns":3},{"damage":0,"enemies":"Small Slimes","floor":5,"turns":3},{"damage":22,"enemies":"3 Sentries","floor":6,"turns":7},{"damage":22,"enemies":"Lagavulin","floor":8,"turns":6},{"damage":1,"enemies":"Exordium Wildlife","floor":12,"turns":3},{"damage":0,"enemies":"3 Louse","floor":13,"turns":2},{"damage":3,"enemies":"Looter","floor":14,"turns":2},{"damage":26,"enemies":"The Guardian","floor":16,"turns":10},{"damage":13,"enemies":"2 Thieves","floor":18,"turns":4},{"damage":0,"enemies":"Chosen","floor":19,"turns":4},{"damage":8,"enemies":"3 Cultists","floor":22,"turns":5},{"damage":22,"enemies":"Book of Stabbing","floor":23,"turns":6},{"damage":11,"enemies":"Slavers","floor":25,"turns":5},{"damage":0,"enemies":"Snecko","floor":27,"turns":3},{"damage":10,"enemies":"Centurion and Healer","floor":30,"turns":4},{"damage":72,"enemies":"Champ","floor":33,"turns":15}],"relics_obtained":[{"floor":6,"key":"Vajra"},{"floor":8,"key":"Bottled Tornado"},{"floor":9,"key":"Bag of Marbles"},{"floor":17,"key":"Strawberry"},{"floor":17,"key":"Ornamental Fan"},{"floor":17,"key":"Mango"},{"floor":23,"key":"Tough Bandages"},{"floor":25,"key":"Bronze Scales"},{"floor":26,"key":"Snake Skull"},{"floor":31,"key":"Enchiridion"}],"event_choices":[{"event_name":"The Cleric","player_choice":"Leave","floor":2,"damage_taken":0},{"event_name":"Accursed Blacksmith","player_choice":"Rummage","floor":3,"damage_taken":0},{"event_name":"Golden Wing","player_choice":"Gained Gold","floor":10,"damage_taken":0},{"event_name":"Masked Bandits","player_choice":"Paid Bandits 11 gold","floor":21,"damage_taken":0},{"event_name":"The Mausoleum","player_choice":"Yes","floor":28,"damage_taken":0},{"event_name":"The Joust","player_choice":"Bet on Murderer","floor":29,"damage_taken":0},{"event_name":"Cursed Tome","player_choice":"Obtained Book","floor":31,"damage_taken":0}],"boss_relics":[{"not_picked":["Sozu","Fusion Hammer"],"picked":"Calling Bell"}],"items_purged_floors":[11,20],"is_endless":false,"potions_floor_spawned":[1,8,13,14,16,23,25],"seed_played":"-3797451701057503985","killed_by":"Champ","ascension_level":0,"potions_obtained":[{"floor":1,"key":"FearPotion"},{"floor":8,"key":"SpeedPotion"},{"floor":13,"key":"Swift Potion"},{"floor":14,"key":"Regen Potion"},{"floor":16,"key":"Block Potion"},{"floor":23,"key":"SteroidPotion"},{"floor":25,"key":"Strength Potion"}],"is_trial":false}