{"gold_per_floor":[13,29,29,47,61,89,89,101,151,168,343,360,24,44,44,44],"floor_reached":16,"playtime":680,"items_purged":["Doubt"],"score":111,"play_id":"b847f7a2-f2f4-42f9-adc9-a6383b09ea03","local_time":"20180926195928","is_ascension_mode":true,"campfire_choices":[{"floor":15,"key":"REST"}],"neow_cost":"NO_GOLD","seed_source_timestamp":10977569177600,"circlet_count":0,"master_deck":["Defend_G","Defend_G","Defend_G","Defend_G","Defend_G","Strike_G","Strike_G","Strike_G","Strike_G","Strike_G","Survivor","Neutralize","Prepared","Noxious Fumes+1","Cloak And Dagger","Blade Dance","Distraction","Sucker Punch","Quick Slash","Dagger Spray","Mayhem","Infinite Blades","Bouncing Flask"],"relics":["Ring of the Snake","Torii","GremlinMask","Tough Bandages","Vajra"],"potions_floor_usage":[6,8,12],"damage_taken":[{"damage":2,"enemies":"Jaw Worm","floor":1,"turns":6},{"damage":0,"enemies":"Cultist","floor":2,"turns":4},{"damage":1,"enemies":"Small Slimes","floor":4,"turns":4},{"damage":15,"enemies":"Gremlin Gang","floor":5,"turns":5},{"damage":26,"enemies":"Gremlin Nob","floor":6,"turns":4},{"damage":1,"enemies":"Large Slime","floor":8,"turns":6},{"damage":3,"enemies":"3 Louse","floor":10,"turns":4},{"damage":7,"enemies":"Exordium Thugs","floor":12,"turns":5},{"damage":6,"enemies":"Lots of Slimes","floor":14,"turns":4},{"damage":32,"enemies":"The Guardian","floor":16,"turns":2}],"seed_played":"-5403392613682942213","potions_obtained":[{"floor":2,"key":"FearPotion"},{"floor":6,"key":"Explosive Potion"},{"floor":10,"key":"AttackPotion"}],"is_trial":false,"path_per_floor":["M","M","?","M","M","E","?","M","T","M","?","M","$","M","R"],"character_chosen":"THE_SILENT","items_purchased":["Mayhem","Infinite Blades"],"campfire_rested":1,"item_purchase_floors":[13,13],"current_hp_per_floor":[68,68,68,67,52,26,26,25,25,22,22,15,15,9,30,0],"gold":44,"neow_bonus":"ONE_RARE_RELIC","is_prod":false,"is_daily":false,"chose_seed":false,"campfire_upgraded":0,"win_rate":0,"timestamp":1537984768,"path_taken":["M","M","?","M","?","E","?","?","T","M","?","M","$","?","R","BOSS"],"build_version":"2018-09-20","purchased_purges":1,"victory":false,"max_hp_per_floor":[70,70,70,70,70,70,70,70,70,70,70,70,70,70,70,70],"card_choices":[{"not_picked":["Dodge and Roll","Expertise"],"picked":"Prepared","floor":1},{"not_picked":["Cloak And Dagger","Crippling Poison"],"picked":"Noxious Fumes","floor":2},{"not_picked":["Finisher","Blade Dance"],"picked":"Cloak And Dagger","floor":4},{"not_picked":["Prepared","Phantasmal Killer"],"picked":"Blade Dance","floor":5},{"not_picked":["Backflip","Flying Knee"],"picked":"Distraction","floor":6},{"not_picked":["Flying Knee","Slice"],"picked":"Sucker Punch","floor":8},{"not_picked":["Bouncing Flask","Slice"],"picked":"Quick Slash","floor":10},{"not_picked":["Dagger Throw","Flying Knee"],"picked":"Dagger Spray","floor":12},{"not_picked":["Malaise","Predator"],"picked":"Bouncing Flask","floor":14}],"player_experience":232812,"relics_obtained":[{"floor":6,"key":"Tough Bandages"},{"floor":9,"key":"Vajra"}],"event_choices":[{"event_name":"FaceTrader","player_choice":"Trade","floor":3,"damage_taken":0},{"event_name":"Living Wall","player_choice":"Grow","floor":7,"damage_taken":0},{"event_name":"Liars Game","player_choice":"agreed","floor":11,"damage_taken":0}],"is_beta":false,"boss_relics":[],"items_purged_floors":[13],"is_endless":false,"potions_floor_spawned":[2,6,10],"killed_by":"The Guardian","ascension_level":1}