{"gold_per_floor":[119,130,143,11,24,24,54,54,79,79,79,79,79,117,117,117],"floor_reached":16,"playtime":2740,"items_purged":[],"score":216,"play_id":"4a0d8661-26d4-4571-a853-6333a94d2e81","local_time":"20190525182021","is_ascension_mode":true,"campfire_choices":[{"floor":6,"key":"REST"},{"floor":11,"key":"REST"},{"data":"Predator","floor":13,"key":"SMITH"},{"floor":15,"key":"REST"}],"neow_cost":"NONE","seed_source_timestamp":31925359213300,"circlet_count":0,"master_deck":["AscendersBane","Defend_G","Defend_G","Defend_G","Defend_G","Defend_G","Strike_G","Strike_G","Strike_G","Strike_G","Strike_G","Survivor","Neutralize","Quick Slash","Backflip","Well Laid Plans","Dagger Spray","Predator+1","Acrobatics","Night Terror"],"relics":["Ring of the Snake","Bronze Scales","Golden Idol","Boot","Anchor"],"potions_floor_usage":[5,7],"damage_taken":[{"damage":1,"enemies":"Jaw Worm","floor":1,"turns":4},{"damage":7,"enemies":"Small Slimes","floor":2,"turns":4},{"damage":0,"enemies":"2 Louse","floor":3,"turns":3},{"damage":42,"enemies":"Gremlin Gang","floor":5,"turns":5},{"damage":30,"enemies":"Gremlin Nob","floor":7,"turns":5},{"damage":26,"enemies":"Lagavulin","floor":14,"turns":7},{"damage":42,"enemies":"Slime Boss","floor":16,"turns":12}],"seed_played":"8938931358195932363","potions_obtained":[{"floor":2,"key":"Dexterity Potion"},{"floor":5,"key":"Ancient Potion"}],"is_trial":false,"path_per_floor":["M","M","M","$","M","R","E","?","T","?","R","?","R","E","R","B"],"character_chosen":"THE_SILENT","items_purchased":["Well Laid Plans","Dagger Spray"],"campfire_rested":3,"item_purchase_floors":[4,4],"current_hp_per_floor":[64,57,57,57,15,36,6,6,6,6,25,46,46,20,39,0],"gold":117,"neow_bonus":"TEN_PERCENT_HP_BONUS","is_prod":false,"is_daily":false,"chose_seed":false,"campfire_upgraded":1,"win_rate":0,"timestamp":1558833621,"path_taken":["M","M","M","$","M","R","E","?","T","?","R","?","R","E","R","BOSS"],"build_version":"2019-01-23","purchased_purges":0,"victory":false,"max_hp_per_floor":[72,72,72,72,72,72,72,65,65,65,65,65,65,65,65,65],"card_choices":[{"not_picked":["Concentrate","Blade Dance"],"picked":"Quick Slash","floor":1},{"not_picked":["Backflip","Distraction","Prepared"],"picked":"SKIP","floor":2},{"not_picked":["Distraction","Prepared"],"picked":"Backflip","floor":2},{"not_picked":["Backflip","Calculated Gamble","Escape Plan"],"picked":"SKIP","floor":3},{"not_picked":["Bane","Underhanded Strike"],"picked":"Predator","floor":5},{"not_picked":["Concentrate","Underhanded Strike"],"picked":"Acrobatics","floor":7},{"not_picked":["Accuracy","Flying Knee"],"picked":"Night Terror","floor":14}],"player_experience":1470005,"relics_obtained":[{"floor":7,"key":"Bronze Scales"},{"floor":9,"key":"Boot"},{"floor":14,"key":"Anchor"}],"event_choices":[{"damage_healed":0,"gold_gain":0,"player_choice":"Lose Max HP","damage_taken":0,"relics_obtained":["Golden Idol"],"max_hp_gain":0,"max_hp_loss":7,"event_name":"Golden Idol","floor":8,"gold_loss":0},{"damage_healed":0,"gold_gain":0,"player_choice":"Fled","damage_taken":0,"max_hp_gain":0,"max_hp_loss":0,"event_name":"Scrap Ooze","floor":10,"gold_loss":0},{"damage_healed":21,"gold_gain":0,"player_choice":"Banana","damage_taken":0,"max_hp_gain":0,"max_hp_loss":0,"event_name":"Big Fish","floor":12,"gold_loss":0}],"is_beta":false,"boss_relics":[],"items_purged_floors":[],"is_endless":false,"potions_floor_spawned":[2,5],"killed_by":"Slime Boss","ascension_level":20}