{"gold_per_floor":[117,192,208,127,127,159,176,40,63,63,94,107,123,70,70,173,173,183,44,55,55],"floor_reached":21,"playtime":826,"items_purged":[],"score":198,"play_id":"4aa4dd54-7704-469d-9997-b04e466b3d9c","local_time":"20190522234646","is_ascension_mode":true,"campfire_choices":[{"data":"Immolate","floor":10,"key":"SMITH"},{"floor":15,"key":"REST"}],"neow_cost":"NONE","seed_source_timestamp":19015891389900,"circlet_count":0,"master_deck":["Strike_R","Strike_R","Defend_R","Defend_R","Defend_R","Defend_R","Bash","Havoc","Havoc","Entrench","Body Slam","Immolate+1","Armaments","Corruption","Headbutt","Dark Embrace","Bloodletting+1","Entrench+1","Sever Soul+1","Rupture","Exhume","Flame Barrier"],"relics":["Burning Blood","Potion Belt","Ancient Tea Set","Art of War","Bag of Preparation","Astrolabe"],"potions_floor_usage":[6,6,11,11,13,16,18,20],"damage_taken":[{"damage":5,"enemies":"Small Slimes","floor":1,"turns":4},{"damage":7,"enemies":"2 Louse","floor":3,"turns":4},{"damage":34,"enemies":"Gremlin Nob","floor":6,"turns":5},{"damage":5,"enemies":"Cultist","floor":7,"turns":4},{"damage":37,"enemies":"Lagavulin","floor":11,"turns":6},{"damage":0,"enemies":"2 Fungi Beasts","floor":12,"turns":2},{"damage":2,"enemies":"Looter","floor":13,"turns":4},{"damage":29,"enemies":"Slime Boss","floor":16,"turns":6},{"damage":30,"enemies":"Spheric Guardian","floor":18,"turns":5},{"damage":28,"enemies":"Shell Parasite","floor":20,"turns":5},{"damage":34,"enemies":"Snake Plant","floor":21,"turns":4}],"seed_played":"6431646940335469023","potions_obtained":[{"floor":5,"key":"Dexterity Potion"},{"floor":5,"key":"SkillPotion"},{"floor":5,"key":"Poison Potion"},{"floor":7,"key":"LiquidBronze"},{"floor":11,"key":"Weak Potion"},{"floor":12,"key":"Swift Potion"},{"floor":16,"key":"Strength Potion"},{"floor":18,"key":"Poison Potion"}],"is_trial":false,"path_per_floor":["M","?","M","$","?","E","M","$","T","R","E","M","M","$","R","B",null,"M","$","M","M"],"character_chosen":"IRONCLAD","items_purchased":["Entrench","Immolate","Headbutt","Exhume"],"campfire_rested":1,"item_purchase_floors":[4,8,14,19],"current_hp_per_floor":[80,69,68,68,68,40,41,41,41,41,10,16,20,20,44,21,80,56,56,34,0],"gold":55,"neow_bonus":"RANDOM_COMMON_RELIC","is_prod":false,"is_daily":false,"chose_seed":false,"campfire_upgraded":1,"win_rate":0,"timestamp":1558561606,"path_taken":["M","?","M","$","?","E","?","$","T","R","E","M","M","$","R","BOSS","M","$","M","M"],"build_version":"2019-01-23","purchased_purges":0,"victory":false,"max_hp_per_floor":[80,80,80,80,80,80,80,80,80,80,80,80,80,80,80,80,80,80,80,80,80],"card_choices":[{"not_picked":["Twin Strike","Intimidate"],"picked":"Havoc","floor":1},{"not_picked":["Twin Strike","Sword Boomerang"],"picked":"Havoc","floor":3},{"not_picked":["Sentinel","Offering","Clash"],"picked":"SKIP","floor":6},{"not_picked":["Entrench","Perfected Strike"],"picked":"Body Slam","floor":7},{"not_picked":["Second Wind","Iron Wave"],"picked":"Armaments","floor":11},{"not_picked":["Sword Boomerang","Thunderclap"],"picked":"Corruption","floor":12},{"not_picked":["Wild Strike","Twin Strike","Sword Boomerang"],"picked":"SKIP","floor":13},{"not_picked":["Impervious","Brutality"],"picked":"Dark Embrace","floor":16},{"not_picked":["Hemokinesis","Havoc"],"picked":"Rupture","floor":18},{"not_picked":["Rampage","Clash"],"picked":"Flame Barrier","floor":20}],"player_experience":335566,"relics_obtained":[{"floor":6,"key":"Ancient Tea Set"},{"floor":9,"key":"Art of War"},{"floor":11,"key":"Bag of Preparation"}],"event_choices":[{"damage_healed":0,"gold_gain":75,"player_choice":"Gather Gold","damage_taken":11,"max_hp_gain":0,"max_hp_loss":0,"event_name":"World of Goop","floor":2,"gold_loss":0},{"damage_healed":0,"gold_gain":0,"player_choice":"Got Potions","damage_taken":0,"max_hp_gain":0,"max_hp_loss":0,"event_name":"Lab","floor":5,"gold_loss":0}],"is_beta":false,"boss_relics":[{"not_picked":["Velvet Choker","Calling Bell"],"picked":"Astrolabe"}],"items_purged_floors":[],"is_endless":false,"potions_floor_spawned":[7,11,12,16,18],"killed_by":"Snake Plant","ascension_level":1}