{"path_per_floor":["M","M","M","M","M","R","?","M","T","R","M","$","?","M","R","B",null,"M","M","?","M","M","E","$","R","T","?","M","?","M","M","R"],"character_chosen":"IRONCLAD","items_purchased":["Lantern"],"gold_per_floor":[114,133,150,160,179,179,129,141,441,441,451,227,255,269,269,368,368,386,403,318,335,351,384,284,284,354,534,544,544,555,566,566,566],"floor_reached":33,"campfire_rested":0,"playtime":2394,"current_hp_per_floor":[46,46,52,53,59,59,59,62,62,62,59,59,65,68,68,37,80,76,77,77,79,74,47,47,47,47,23,29,29,49,54,54,0],"items_purged":["Strike_R","Burning Pact"],"gold":566,"score":292,"play_id":"f1dd669f-e0dc-42ad-b69f-e2cb02d211de","local_time":"20180323212336","is_prod":false,"is_daily":false,"is_ascension_mode":false,"campfire_upgraded":5,"timestamp":1521865416,"path_taken":["M","M","M","M","M","R","?","M","T","R","M","$","?","M","R","BOSS","M","M","?","M","M","E","$","R","T","?","?","?","M","M","R","BOSS"],"build_version":"2018-03-22v2","purchased_purges":2,"victory":false,"master_deck":["Defend_R","Defend_R","Defend_R","Defend_R+1","Shockwave","Clash","Clash","Iron Wave+1","Dark Embrace+1","Pommel Strike+1","Clash","Reaper","Headbutt+1","Clash","Shockwave+1","Second Wind+1","Clash","Clash","Bite","Bite","Bite","Bite","Bite","Flex+1","Pommel Strike"],"max_hp_per_floor":[80,80,80,80,80,80,80,80,80,80,80,80,80,80,80,80,80,80,80,80,80,80,80,80,80,80,80,80,56,56,56,56,56],"relics":["Burning Blood","Charon\u0027s Ashes","Old Coin","Lantern","Odd Mushroom","Anchor","Prayer Wheel","Paper Frog"],"card_choices":[{"not_picked":["Wild Strike","Flex"],"picked":"Shockwave","floor":1.0},{"not_picked":["Perfected Strike","Flex"],"picked":"Clash","floor":2.0},{"not_picked":["Rupture","Flex"],"picked":"Clash","floor":3.0},{"not_picked":["Intimidate","Shrug It Off"],"picked":"Iron Wave","floor":4.0},{"not_picked":["Twin Strike","Uppercut"],"picked":"Dark Embrace","floor":5.0},{"not_picked":["Dual Wield","Twin Strike"],"picked":"Burning Pact","floor":8},{"not_picked":["Second Wind","Battle Trance"],"picked":"Pommel Strike","floor":11},{"not_picked":["Hemokinesis","Carnage"],"picked":"Clash","floor":13},{"not_picked":["Demon Form","Immolate"],"picked":"Reaper","floor":16},{"not_picked":["Metallicize","Searing Blow"],"picked":"Headbutt","floor":18},{"not_picked":["Cleave","Battle Trance"],"picked":"Clash","floor":19},{"not_picked":["Perfected Strike","Twin Strike"],"picked":"Shockwave","floor":21},{"not_picked":["Perfected Strike","Thunderclap"],"picked":"Second Wind","floor":22},{"not_picked":["Double Tap","Perfected Strike"],"picked":"Clash","floor":23},{"not_picked":["Uppercut","Infernal Blade"],"picked":"Clash","floor":28},{"not_picked":["Wild Strike","Anger"],"picked":"Flex","floor":30},{"not_picked":["Rampage","Intimidate"],"picked":"Pommel Strike","floor":31}],"player_experience":23366,"potions_floor_usage":[13,16,30,31,33,33],"damage_taken":[{"damage":0.0,"enemies":"2 Louse","floor":1.0,"turns":2.0},{"damage":6.0,"enemies":"Jaw Worm","floor":2.0,"turns":5.0},{"damage":0.0,"enemies":"Small Slimes","floor":3.0,"turns":3.0},{"damage":5.0,"enemies":"Exordium Thugs","floor":4.0,"turns":4.0},{"damage":0.0,"enemies":"Large Slime","floor":5.0,"turns":4.0},{"damage":3,"enemies":"Lots of Slimes","floor":8,"turns":4},{"damage":9,"enemies":"Blue Slaver","floor":11,"turns":3},{"damage":0,"enemies":"The Mushroom Lair","floor":13,"turns":2},{"damage":3,"enemies":"Gremlin Gang","floor":14,"turns":4},{"damage":37,"enemies":"The Guardian","floor":16,"turns":9},{"damage":14,"enemies":"3 Byrds","floor":18,"turns":4},{"damage":5,"enemies":"Spheric Guardian","floor":19,"turns":3},{"damage":7,"enemies":"Cultist and Chosen","floor":21,"turns":6},{"damage":11,"enemies":"Centurion and Healer","floor":22,"turns":5},{"damage":37,"enemies":"Book of Stabbing","floor":23,"turns":6},{"damage":0,"enemies":"Snake Plant","floor":28,"turns":2},{"damage":1,"enemies":"3 Cultists","floor":30,"turns":5},{"damage":11,"enemies":"Centurion and Healer","floor":31,"turns":4},{"damage":69,"enemies":"Champ","floor":33,"turns":7}],"event_choices":[{"event_name":"The Cleric","player_choice":"Card Removal","floor":7,"damage_taken":0},{"event_name":"Mushrooms","player_choice":"Fought Mushrooms","floor":13,"damage_taken":0},{"event_name":"Addict","player_choice":"Obtained Relic","floor":20,"damage_taken":0},{"event_name":"Knowing Skull","player_choice":"GOLD GOLD ","floor":27,"damage_taken":0},{"event_name":"Vampires","player_choice":"Became a vampire","floor":29,"damage_taken":0}],"boss_relics":[{"not_picked":["Calling Bell","Snecko Eye","Runic Dome"]}],"potions_floor_spawned":[1,3,5,11,14,18,21,23,28,30],"seed_played":"7900546164626439564","killed_by":"Champ","ascension_level":0,"is_trial":false}