{"gold_per_floor":[118,32,32,47,61,61,86,86,137,137,167,177,202,212,212,289,289,299,209,17,30,30,65,65,65],"floor_reached":25,"playtime":1302,"items_purged":["Strike_B"],"score":406,"play_id":"bb09338f-6f5a-4ec9-af42-759175dcc794","local_time":"20190525100831","is_ascension_mode":true,"campfire_choices":[{"floor":6,"key":"REST"},{"floor":8,"key":"REST"},{"floor":15,"key":"REST"}],"neow_cost":"PERCENT_DAMAGE","seed_source_timestamp":493115705357578,"circlet_count":0,"master_deck":["AscendersBane","Strike_B","Defend_B","Defend_B+1","Defend_B","Zap","Dualcast","Go for the Eyes","Sunder+1","Cold Snap","Cold Snap","Buffer","Coolheaded","FTL","Creative AI","Chill","All For One","Steam","Steam","Consume","Coolheaded"],"relics":["Cracked Core","Dream Catcher","Juzu Bracelet","Ancient Tea Set","Bronze Scales","PreservedInsect","Coffee Dripper","Darkstone Periapt","Mercury Hourglass"],"potions_floor_usage":[11,11,16,23],"damage_taken":[{"damage":3,"enemies":"2 Louse","floor":1,"turns":2},{"damage":12,"enemies":"Jaw Worm","floor":4,"turns":2},{"damage":10,"enemies":"Small Slimes","floor":5,"turns":2},{"damage":4,"enemies":"3 Sentries","floor":7,"turns":5},{"damage":6,"enemies":"Gremlin Nob","floor":11,"turns":3},{"damage":16,"enemies":"Gremlin Gang","floor":12,"turns":3},{"damage":4,"enemies":"3 Sentries","floor":13,"turns":5},{"damage":13,"enemies":"Lots of Slimes","floor":14,"turns":3},{"damage":31,"enemies":"Hexaghost","floor":16,"turns":9},{"damage":0,"enemies":"Spheric Guardian","floor":18,"turns":5},{"damage":0,"enemies":"3 Byrds","floor":21,"turns":2},{"damage":32,"enemies":"Slavers","floor":23,"turns":5},{"damage":28,"enemies":"Gremlin Leader","floor":25,"turns":2}],"seed_played":"-7170974484892419785","potions_obtained":[{"floor":5,"key":"Energy Potion"},{"floor":7,"key":"SteroidPotion"},{"floor":12,"key":"Weak Potion"},{"floor":16,"key":"Ancient Potion"}],"is_trial":false,"path_per_floor":["M","$","?","M","M","R","E","R","T","T","E","M","E","M","R","B",null,"M","?","$","M","?","E","$","E"],"character_chosen":"DEFECT","items_purchased":["Sunder","Cold Snap","Meteor Strike","Steam"],"campfire_rested":3,"item_purchase_floors":[2,2,20,20],"current_hp_per_floor":[43,43,43,31,21,42,38,59,59,59,53,37,33,20,41,10,56,56,56,56,56,56,24,24,0],"gold":65,"neow_bonus":"REMOVE_TWO","is_prod":false,"is_daily":false,"chose_seed":false,"campfire_upgraded":0,"win_rate":0,"timestamp":1558804111,"path_taken":["M","$","?","M","M","R","E","R","T","?","E","M","E","M","R","BOSS","M","?","$","M","?","E","?","E"],"build_version":"2019-01-23","purchased_purges":1,"victory":false,"max_hp_per_floor":[71,71,71,71,71,71,71,71,71,71,71,71,71,71,71,71,71,71,71,71,71,71,71,71,71],"card_choices":[{"not_picked":["Leap","Barrage"],"picked":"Go for the Eyes","floor":1},{"not_picked":["Genetic Algorithm","Barrage"],"picked":"Cold Snap","floor":4},{"not_picked":["Redo","Streamline","Compile Driver"],"picked":"SKIP","floor":5},{"not_picked":["Fusion","FTL"],"picked":"Buffer","floor":7},{"not_picked":["Gash","Hologram"],"picked":"Coolheaded","floor":11},{"not_picked":["Doom and Gloom","Barrage"],"picked":"FTL","floor":12},{"not_picked":["Self Repair","Aggregate"],"picked":"Creative AI","floor":13},{"not_picked":["Hologram","Doom and Gloom"],"picked":"Chill","floor":14},{"not_picked":["Creative AI","Amplify"],"picked":"All For One","floor":16},{"not_picked":["Ball Lightning","Turbo"],"picked":"Steam","floor":18},{"not_picked":["Turbo","Barrage"],"picked":"Consume","floor":21},{"not_picked":["Beam Cell","Rebound"],"picked":"Coolheaded","floor":23}],"player_experience":399974,"relics_obtained":[{"floor":7,"key":"Dream Catcher"},{"floor":9,"key":"Juzu Bracelet"},{"floor":10,"key":"Ancient Tea Set"},{"floor":11,"key":"Bronze Scales"},{"floor":13,"key":"PreservedInsect"},{"floor":23,"key":"Mercury Hourglass"}],"event_choices":[{"damage_healed":0,"gold_gain":0,"player_choice":"Grow","damage_taken":0,"max_hp_gain":0,"max_hp_loss":0,"event_name":"Living Wall","floor":3,"gold_loss":0,"cards_upgraded":["Sunder"]},{"cards_removed":["Strike_B"],"damage_healed":0,"gold_gain":0,"player_choice":"Upgrade and Remove","damage_taken":0,"max_hp_gain":0,"max_hp_loss":0,"event_name":"Designer","floor":19,"gold_loss":90,"cards_upgraded":["Defend_B"]},{"cards_removed":["Meteor Strike"],"damage_healed":0,"gold_gain":0,"player_choice":"Gave Card","damage_taken":0,"relics_obtained":["Darkstone Periapt"],"max_hp_gain":0,"max_hp_loss":0,"event_name":"WeMeetAgain","floor":22,"gold_loss":0}],"is_beta":false,"boss_relics":[{"not_picked":["White Beast Statue","Calling Bell"],"picked":"Coffee Dripper"}],"items_purged_floors":[20],"is_endless":false,"potions_floor_spawned":[5,7,12,16],"killed_by":"Gremlin Leader","ascension_level":14}