{"path_per_floor":["M","M","M","M","M","E","M","E","T","?","E","$","E","?","R","B",null,"M","?","?"],"character_chosen":"IRONCLAD","items_purchased":["Shrug It Off","Bag of Marbles"],"gold_per_floor":[113,123,135,149,169,199,213,248,275,350,381,137,171,171,171,290,290,310,310,225,225],"floor_reached":21,"campfire_rested":0,"playtime":1345,"current_hp_per_floor":[78,80,80,78,79,69,75,83,83,72,53,53,34,34,34,10,81,75,75,75,75],"items_purged":["Strike_R"],"gold":225,"score":219,"play_id":"0c840afe-6ab2-49d9-8e3c-b7698b4eacd9","local_time":"20180401102827","is_prod":false,"is_daily":false,"is_ascension_mode":true,"campfire_upgraded":1,"timestamp":1522603707,"path_taken":["M","M","M","M","M","E","M","E","T","?","E","$","E","?","R","BOSS","M","?","?","M"],"build_version":"2018-03-29v2","purchased_purges":1,"victory":false,"master_deck":["Bash","Clash","Battle Trance+1","Metallicize","Clothesline","Brutality+1","True Grit+1","Iron Wave+1","Headbutt","Shrug It Off","Barricade+1","Havoc","Clothesline","Iron Wave","Thunderclap","Clash","Combust+1","Clothesline","Body Slam","Shockwave+1"],"max_hp_per_floor":[80,80,80,80,80,80,80,87,87,87,87,87,87,81,81,81,81,81,81,81,81],"relics":["Burning Blood","Frozen Egg 2","Strawberry","Happy Flower","War Paint","Bag of Marbles","Prayer Wheel","Golden Idol","Pandora\u0027s Box","Dream Catcher"],"card_choices":[{"not_picked":["Cleave","Armaments"],"picked":"Clash","floor":1},{"not_picked":["Rupture","Warcry"],"picked":"Battle Trance","floor":2},{"not_picked":["Sword Boomerang","Perfected Strike"],"picked":"Metallicize","floor":3},{"not_picked":["Flex","Sword Boomerang"],"picked":"Clothesline","floor":5},{"not_picked":["Heavy Blade","Clothesline"],"picked":"Brutality","floor":6},{"not_picked":["Wild Strike","Cleave"],"picked":"True Grit","floor":7},{"not_picked":["Perfected Strike","Blood for Blood"],"picked":"Iron Wave","floor":8},{"not_picked":["Flex","Brutality"],"picked":"Headbutt","floor":11},{"not_picked":["Fiend Fire","Feed"],"picked":"Barricade","floor":16},{"not_picked":["Thunderclap","Wild Strike"],"picked":"Shockwave","floor":18}],"player_experience":70757,"potions_floor_usage":[8,8,16,18],"damage_taken":[{"damage":8,"enemies":"Jaw Worm","floor":1,"turns":4},{"damage":0,"enemies":"2 Louse","floor":2,"turns":2},{"damage":2,"enemies":"Small Slimes","floor":3,"turns":3},{"damage":8,"enemies":"3 Louse","floor":4,"turns":5},{"damage":5,"enemies":"Looter","floor":5,"turns":3},{"damage":16,"enemies":"3 Sentries","floor":6,"turns":12},{"damage":0,"enemies":"Large Slime","floor":7,"turns":5},{"damage":5,"enemies":"Gremlin Nob","floor":8,"turns":3},{"damage":25,"enemies":"Lagavulin","floor":11,"turns":8},{"damage":25,"enemies":"Gremlin Nob","floor":13,"turns":4},{"damage":30,"enemies":"Hexaghost","floor":16,"turns":12},{"damage":12,"enemies":"2 Thieves","floor":18,"turns":3},{"damage":0,"enemies":"Shell Parasite","floor":21,"turns":1}],"event_choices":[{"event_name":"World of Goop","player_choice":"Gather Gold","floor":10,"damage_taken":0},{"event_name":"Golden Idol","player_choice":"Lose Max HP","floor":14,"damage_taken":0},{"event_name":"Vampires","player_choice":"Ignored","floor":19,"damage_taken":0},{"event_name":"Addict","player_choice":"Obtained Relic","floor":20,"damage_taken":0}],"boss_relics":[{"not_picked":["White Beast Statue","Snecko Eye"],"picked":"Pandora\u0027s Box"}],"potions_floor_spawned":[2,6,7,13,16,18],"seed_played":"-5617992646161924033","killed_by":"Shell Parasite","ascension_level":1,"is_trial":false}