{"path_per_floor":["M","M","?","M","?","R","E","?","T","R","M","E","$","?","R","B",null,"M","$","?","M","M","R","M","E","T","R","E","R","M","M","R","B",null,"M","$","?","M","M","R","E","T","T","?","?","E","M","M","R","B"],"character_chosen":"THE_SILENT","items_purchased":["Thread and Needle","Poisoned Stab","Poisoned Stab","Gambling Chip","Singing Bowl"],"gold_per_floor":[109,127,127,145,220,220,251,310,310,310,330,363,17,17,17,118,118,128,78,168,183,194,194,208,237,237,237,271,271,291,305,305,407,407,420,18,18,29,44,44,77,77,102,0,0,30,49,65,65,65],"floor_reached":51,"campfire_rested":5,"playtime":3445,"current_hp_per_floor":[70,69,69,69,58,58,22,25,32,60,51,22,22,3,31,3,71,60,60,46,46,36,64,56,51,51,79,76,76,76,75,75,47,82,82,82,82,82,82,82,73,73,73,73,73,75,73,69,99,54],"items_purged":[],"gold":65,"score":1082,"play_id":"26ec8ffc-9ba9-41ea-a82d-9933e17a4a35","local_time":"20180502223340","is_prod":false,"is_daily":false,"chose_seed":false,"is_ascension_mode":true,"campfire_upgraded":4,"timestamp":1525289620,"path_taken":["M","M","?","?","?","R","E","?","T","R","M","E","$","?","R","BOSS","M","$","?","M","M","R","M","E","T","R","E","R","M","?","R","BOSS","M","$","?","?","?","R","E","?","T","?","?","E","M","M","R","BOSS"],"build_version":"2018-05-01v2","seed_source_timestamp":105493713220224,"purchased_purges":0,"victory":true,"master_deck":["Survivor+1","Neutralize+1","Crippling Poison+1","Dagger Throw+1","Backflip","Reflex","Deflect","Deadly Poison","Bane","Poisoned Stab","Corpse Explosion+1","Dodge and Roll+1","Poisoned Stab+1","Prepared+1","Reflex","Dagger Spray+1","Quick Slash","Injury","Bouncing Flask+1","Blur","After Image","Adrenaline","Dagger Spray","Cloak And Dagger+1","Prepared","PiercingWail","Prepared+1","Outmaneuver","All Out Attack","Caltrops","Slice","Cloak And Dagger+1","Poisoned Stab+1","Envenom","Regret","Writhe"],"max_hp_per_floor":[77,77,77,77,77,77,77,87,94,94,94,94,94,94,94,94,94,94,94,94,94,94,94,94,94,94,94,94,94,94,94,94,94,94,94,94,94,94,96,96,96,96,96,96,96,98,100,102,102,102],"relics":["Ring of the Snake","Centennial Puzzle","Pear","Strawberry","Happy Flower","Thread and Needle","Cursed Key","Bag of Marbles","The Courier","Mercury Hourglass","Pandora\u0027s Box","Gambling Chip","Singing Bowl","Du-Vu Doll","Whetstone","Bottled Lightning","Bag of Preparation","Red Mask","War Paint"],"card_choices":[{"not_picked":["Deadly Poison","Dodge and Roll"],"picked":"Crippling Poison","floor":1},{"not_picked":["Setup","All Out Attack"],"picked":"Dagger Throw","floor":2},{"not_picked":["Acrobatics","Slice"],"picked":"Backflip","floor":4},{"not_picked":["Phantasmal Killer","Acrobatics"],"picked":"Reflex","floor":7},{"not_picked":["Quick Slash","Expertise"],"picked":"Deflect","floor":8},{"not_picked":["Deflect","Leg Sweep"],"picked":"Deadly Poison","floor":11},{"not_picked":["Distraction","Skewer"],"picked":"Bane","floor":12},{"not_picked":["Die Die Die","A Thousand Cuts"],"picked":"Corpse Explosion","floor":16},{"not_picked":["Terror","Quick Slash"],"picked":"Dodge and Roll","floor":18},{"not_picked":["Dagger Throw","Accuracy"],"picked":"Prepared","floor":21},{"not_picked":["Sucker Punch","Skewer"],"picked":"Reflex","floor":22},{"not_picked":["Poisoned Stab","Expertise"],"picked":"Dagger Spray","floor":24},{"not_picked":["Masterful Stab","Concentrate"],"picked":"Quick Slash","floor":25},{"not_picked":["Underhanded Strike","Finisher"],"picked":"Bouncing Flask","floor":28},{"not_picked":["Predator","Acrobatics"],"picked":"Blur","floor":30},{"not_picked":["Masterful Stab","Dodge and Roll"],"picked":"After Image","floor":31},{"not_picked":["Venomology","Glass Knife"],"picked":"Adrenaline","floor":33},{"not_picked":["Infinite Blades","Poisoned Stab"],"picked":"Cloak And Dagger","floor":35},{"not_picked":["Deadly Poison","Slice"],"picked":"Poisoned Stab","floor":38},{"not_picked":["Acrobatics","Dagger Throw"],"picked":"Envenom","floor":41}],"player_experience":193822,"potions_floor_usage":[8,8,12,24,25,28,33,33,35,41,50],"damage_taken":[{"damage":0,"enemies":"2 Louse","floor":1,"turns":3},{"damage":1,"enemies":"Jaw Worm","floor":2,"turns":4},{"damage":0,"enemies":"Cultist","floor":4,"turns":4},{"damage":36,"enemies":"Gremlin Nob","floor":7,"turns":5},{"damage":7,"enemies":"3 Sentries","floor":8,"turns":7},{"damage":9,"enemies":"Lots of Slimes","floor":11,"turns":3},{"damage":29,"enemies":"Lagavulin","floor":12,"turns":8},{"damage":28,"enemies":"Slime Boss","floor":16,"turns":13},{"damage":11,"enemies":"Spheric Guardian","floor":18,"turns":4},{"damage":0,"enemies":"Shell Parasite","floor":21,"turns":6},{"damage":10,"enemies":"Snake Plant","floor":22,"turns":6},{"damage":8,"enemies":"Chosen and Byrds","floor":24,"turns":6},{"damage":5,"enemies":"Gremlin Leader","floor":25,"turns":8},{"damage":3,"enemies":"Slavers","floor":28,"turns":4},{"damage":0,"enemies":"Cultist and Chosen","floor":30,"turns":4},{"damage":1,"enemies":"Sentry and Sphere","floor":31,"turns":3},{"damage":28,"enemies":"Collector","floor":33,"turns":8},{"damage":0,"enemies":"Orb Walker","floor":35,"turns":2},{"damage":0,"enemies":"3 Darklings","floor":38,"turns":3},{"damage":2,"enemies":"Maw","floor":39,"turns":7},{"damage":9,"enemies":"2 Orb Walkers","floor":41,"turns":3},{"damage":0,"enemies":"Nemesis","floor":46,"turns":3},{"damage":4,"enemies":"4 Shapes","floor":47,"turns":1},{"damage":6,"enemies":"Sphere and 2 Shapes","floor":48,"turns":3},{"damage":45,"enemies":"Donu and Deca","floor":50,"turns":7}],"event_choices":[{"event_name":"The Cleric","player_choice":"Leave","floor":3,"damage_taken":0},{"event_name":"World of Goop","player_choice":"Gather Gold","floor":5,"damage_taken":0},{"event_name":"Dead Adventurer","player_choice":"Searched \u00271\u0027 times","floor":8,"damage_taken":0},{"event_name":"Shining Light","player_choice":"Entered Light","floor":14,"damage_taken":0},{"event_name":"Knowing Skull","player_choice":"GOLD ","floor":20,"damage_taken":0},{"event_name":"Accursed Blacksmith","player_choice":"Rummage","floor":37,"damage_taken":0},{"event_name":"Tomb of Lord Red Mask","player_choice":"Paid","floor":44,"damage_taken":0}],"boss_relics":[{"not_picked":["Lizard Tail","Velvet Choker"],"picked":"Cursed Key"},{"not_picked":["Runic Pyramid","Sozu"],"picked":"Pandora\u0027s Box"}],"potions_floor_spawned":[4,7,8,18,22,25,28,30,31,35,39],"seed_played":"2017210299894669349","ascension_level":6,"is_trial":false}