{"gold_per_floor":[118,131,142,155,172,172,57,57,57,85,102,102,129,129],"floor_reached":14,"playtime":700,"items_purged":[],"score":179,"play_id":"3399533b-049e-4c29-92ee-77a0b59c16b7","local_time":"20180924120821","is_ascension_mode":true,"campfire_choices":[{"data":"Defragment","floor":6,"key":"SMITH"},{"data":"Defragment","floor":12,"key":"SMITH"}],"neow_cost":"NONE","seed_source_timestamp":842046295980307,"circlet_count":0,"master_deck":["Strike_B","Strike_B","Strike_B","Defend_B","Defend_B","Defend_B","Defend_B","Zap","Dualcast","AscendersBane","Steam","Compile Driver","Defragment+1","Double Energy","Conserve Battery","Self Repair","Defragment+1","Ball Lightning","Coolheaded","Hyperbeam"],"relics":["Cracked Core","Meat on the Bone","Darkstone Periapt","The Courier"],"potions_floor_usage":[],"damage_taken":[{"damage":0,"enemies":"Cultist","floor":1,"turns":3},{"damage":0,"enemies":"Jaw Worm","floor":2,"turns":3},{"damage":3,"enemies":"Small Slimes","floor":3,"turns":3},{"damage":7,"enemies":"Looter","floor":4,"turns":3},{"damage":13,"enemies":"Gremlin Gang","floor":5,"turns":6},{"damage":25,"enemies":"Lagavulin","floor":10,"turns":6},{"damage":15,"enemies":"Large Slime","floor":11,"turns":5},{"damage":28,"enemies":"Gremlin Nob","floor":13,"turns":5},{"damage":24,"enemies":"Lots of Slimes","floor":14,"turns":3}],"seed_played":"184901088861945500","potions_obtained":[{"floor":3,"key":"Dexterity Potion"},{"floor":10,"key":"FocusPotion"}],"is_trial":false,"path_per_floor":["M","M","M","M","M","R","$","?","T","E","M","R","E"],"character_chosen":"DEFECT","items_purchased":["Defragment","Ball Lightning"],"campfire_rested":0,"item_purchase_floors":[7,7],"current_hp_per_floor":[64,64,61,54,41,41,41,41,41,28,32,32,23,0],"gold":129,"neow_bonus":"TRANSFORM_CARD","is_prod":false,"is_daily":false,"chose_seed":false,"campfire_upgraded":2,"win_rate":0,"timestamp":1537805301,"path_taken":["M","M","?","M","M","R","$","?","T","E","M","R","E","M"],"build_version":"2018-09-20","purchased_purges":0,"victory":false,"max_hp_per_floor":[71,71,71,71,71,71,71,71,71,71,71,71,71,71],"card_choices":[{"not_picked":["Steam","Hello World"],"picked":"Compile Driver","floor":1},{"not_picked":["Conserve Battery","Turbo"],"picked":"Defragment","floor":2},{"not_picked":["Compile Driver","Skim"],"picked":"Double Energy","floor":3},{"not_picked":["Leap","Skim"],"picked":"Conserve Battery","floor":4},{"not_picked":["Streamline","Barrage"],"picked":"Self Repair","floor":5},{"not_picked":["Cold Snap","BootSequence"],"picked":"Coolheaded","floor":10},{"not_picked":["Double Energy","Darkness","Barrage"],"picked":"SKIP","floor":11},{"not_picked":["Turbo","Double Energy"],"picked":"Hyperbeam","floor":13}],"player_experience":255420,"relics_obtained":[{"floor":9,"key":"Meat on the Bone"},{"floor":10,"key":"Darkstone Periapt"},{"floor":13,"key":"The Courier"}],"event_choices":[{"event_name":"Golden Idol","player_choice":"Ignored","floor":8,"damage_taken":0}],"is_beta":false,"boss_relics":[],"items_purged_floors":[],"is_endless":false,"potions_floor_spawned":[3,10,11],"killed_by":"Lots of Slimes","ascension_level":15}