{"gold_per_floor":[118,138,151,151,151,151,185,62,62,78,29,29,43,68,68,188,188,207,222,222,17,17,17,38,59,59,59,86,99,124,147,147,267,267,288,288,288,108,124,124,138,138,162,162,162,177,177,177,177,177],"floor_reached":50,"playtime":3048,"items_purged":["Strike_B","Writhe"],"score":446,"play_id":"42b6f188-862c-4371-93bd-6594d3347851","local_time":"20181207213059","is_ascension_mode":false,"campfire_choices":[{"floor":6,"key":"REST"},{"data":"Conserve Battery","floor":15,"key":"SMITH"},{"data":"Streamline","floor":23,"key":"SMITH"},{"floor":27,"key":"REST"},{"floor":32,"key":"REST"},{"floor":40,"key":"REST"},{"floor":42,"key":"REST"},{"data":"Static Discharge","floor":44,"key":"SMITH"},{"data":"Conserve Battery","floor":49,"key":"SMITH"}],"neow_cost":"NONE","seed_source_timestamp":685617991244693,"circlet_count":0,"master_deck":["Strike_B","Strike_B+1","Strike_B+1","Defend_B+1","Defend_B","Defend_B","Defend_B","Zap+1","Dualcast","BootSequence","Conserve Battery+1","Ball Lightning","Coolheaded","Reboot","Conserve Battery+1","Conserve Battery+1","Leap","Biased Cognition","Streamline+1","Ball Lightning","Defragment+1","Static Discharge+1","Self Repair+1"],"relics":["Cracked Core","Golden Idol","Ornamental Fan","Whetstone","Sozu","Happy Flower","Regal Pillow","Anchor","Runic Dome","Orichalcum","The Courier"],"potions_floor_usage":[1,2,7,16,18,18,45],"damage_taken":[{"damage":2,"enemies":"Small Slimes","floor":1,"turns":3},{"damage":0,"enemies":"Jaw Worm","floor":2,"turns":3},{"damage":0,"enemies":"2 Louse","floor":3,"turns":2},{"damage":21,"enemies":"3 Sentries","floor":7,"turns":9},{"damage":0,"enemies":"Looter","floor":10,"turns":3},{"damage":0,"enemies":"2 Fungi Beasts","floor":13,"turns":3},{"damage":0,"enemies":"Blue Slaver","floor":14,"turns":3},{"damage":23,"enemies":"The Guardian","floor":16,"turns":14},{"damage":0,"enemies":"3 Byrds","floor":18,"turns":3},{"damage":0,"enemies":"Shell Parasite","floor":19,"turns":6},{"damage":18,"enemies":"Snake Plant","floor":24,"turns":4},{"damage":20,"enemies":"Shelled Parasite and Fungi","floor":25,"turns":5},{"damage":0,"enemies":"Snecko","floor":29,"turns":5},{"damage":0,"enemies":"Chosen and Byrds","floor":30,"turns":5},{"damage":10,"enemies":"Shelled Parasite and Fungi","floor":31,"turns":3},{"damage":63,"enemies":"Automaton","floor":33,"turns":11},{"damage":32,"enemies":"3 Shapes","floor":35,"turns":4},{"damage":24,"enemies":"3 Darklings","floor":39,"turns":5},{"damage":16,"enemies":"Spire Growth","floor":41,"turns":4},{"damage":0,"enemies":"Transient","floor":45,"turns":1},{"damage":12,"enemies":"Sphere and 2 Shapes","floor":46,"turns":6},{"damage":107,"enemies":"Time Eater","floor":50,"turns":9}],"seed_played":"3586167102743375572","potions_obtained":[{"floor":0,"key":"Weak Potion"},{"floor":0,"key":"PowerPotion"},{"floor":0,"key":"SpeedPotion"},{"floor":1,"key":"SteroidPotion"},{"floor":3,"key":"SmokeBomb"},{"floor":7,"key":"Dexterity Potion"},{"floor":16,"key":"PowerPotion"}],"is_trial":false,"path_per_floor":["M","M","M","?","?","R","E","$","T","M","$","?","M","M","R","B",null,"M","M","?","$","?","R","M","M","T","R","T","M","M","M","R","B",null,"M","?","?","$","M","R","M","R","T","R","M","M","?","T","R","B"],"character_chosen":"DEFECT","items_purchased":["Coolheaded","Conserve Battery","Ball Lightning","Happy Flower","Static Discharge"],"campfire_rested":5,"item_purchase_floors":[8,11,21,21,38],"current_hp_per_floor":[73,73,73,55,40,62,41,41,41,41,41,41,41,41,41,18,75,75,75,75,75,61,61,43,23,23,62,62,62,62,52,80,17,80,48,68,68,68,44,80,64,80,80,80,80,78,78,78,78,0],"gold":177,"neow_bonus":"THREE_SMALL_POTIONS","is_prod":false,"is_daily":false,"chose_seed":false,"campfire_upgraded":4,"win_rate":0.0,"timestamp":1544236259,"path_taken":["M","M","M","?","?","R","E","?","T","M","$","?","M","M","R","BOSS","M","M","?","$","?","R","M","M","T","R","?","M","M","M","R","BOSS","M","?","?","$","M","R","M","R","T","R","M","?","?","?","R","BOSS"],"build_version":"2018-12-06","purchased_purges":2,"victory":false,"max_hp_per_floor":[75,75,75,75,75,75,75,75,75,75,75,75,75,75,75,75,75,75,75,75,75,80,80,80,80,80,80,80,80,80,80,80,80,80,80,80,80,80,80,80,80,80,80,80,80,80,80,80,80,80],"card_choices":[{"not_picked":["Stack","Gash","Compile Driver"],"picked":"SKIP","floor":1},{"not_picked":["Compile Driver","Genetic Algorithm"],"picked":"BootSequence","floor":2},{"not_picked":["Coolheaded","Scrape"],"picked":"Conserve Battery","floor":3},{"not_picked":["Chill","Doom and Gloom"],"picked":"Ball Lightning","floor":7},{"not_picked":["Consume","Coolheaded"],"picked":"Reboot","floor":10},{"not_picked":["Force Field","Compile Driver"],"picked":"Conserve Battery","floor":13},{"not_picked":["Stack","Double Energy"],"picked":"Leap","floor":14},{"not_picked":["Creative AI","Rainbow"],"picked":"Biased Cognition","floor":16},{"not_picked":["Redo","Chill","Stack"],"picked":"SKIP","floor":18},{"not_picked":["Coolheaded+1","Leap+1"],"picked":"Streamline","floor":19},{"not_picked":["Steam","Coolheaded+1","Hologram+1"],"picked":"SKIP","floor":24},{"not_picked":["Redo+1","Stack","Go for the Eyes+1"],"picked":"SKIP","floor":25},{"not_picked":["Leap","Compile Driver","Force Field"],"picked":"SKIP","floor":29},{"not_picked":["Ball Lightning","Glacier"],"picked":"Defragment+1","floor":30},{"not_picked":["Conserve Battery","Creative AI","Aggregate"],"picked":"SKIP","floor":31},{"not_picked":["Loop","Gash+1","Stack"],"picked":"SKIP","floor":35},{"not_picked":["Conserve Battery","Leap+1","Go for the Eyes+1"],"picked":"SKIP","floor":39},{"not_picked":["Steam","Cold Snap"],"picked":"Self Repair+1","floor":41},{"not_picked":["Conserve Battery","Genetic Algorithm","Beam Cell+1"],"picked":"SKIP","floor":46}],"player_experience":197800,"relics_obtained":[{"floor":7,"key":"Ornamental Fan"},{"floor":9,"key":"Whetstone"},{"floor":26,"key":"Regal Pillow"},{"floor":28,"key":"Anchor"},{"floor":43,"key":"Orichalcum"},{"floor":48,"key":"The Courier"}],"event_choices":[{"damage_healed":0,"gold_gain":0,"player_choice":"Take Damage","damage_taken":18,"relics_obtained":["Golden Idol"],"max_hp_gain":0,"max_hp_loss":0,"event_name":"Golden Idol","floor":4,"gold_loss":0},{"damage_healed":0,"gold_gain":0,"player_choice":"Entered Light","damage_taken":15,"max_hp_gain":0,"max_hp_loss":0,"event_name":"Shining Light","floor":5,"gold_loss":0,"cards_upgraded":["Defend_B","Zap"]},{"damage_healed":0,"gold_gain":0,"player_choice":"Fled","damage_taken":0,"max_hp_gain":0,"max_hp_loss":0,"event_name":"Scrap Ooze","floor":12,"gold_loss":0},{"damage_healed":0,"gold_gain":0,"player_choice":"Ignored","damage_taken":0,"max_hp_gain":0,"max_hp_loss":0,"event_name":"Vampires","floor":20,"gold_loss":0},{"damage_healed":0,"gold_gain":0,"player_choice":"Shed Blood","damage_taken":19,"max_hp_gain":5,"max_hp_loss":0,"event_name":"Forgotten Altar","floor":22,"gold_loss":0},{"damage_healed":20,"gold_gain":0,"player_choice":"Writhe","damage_taken":0,"max_hp_gain":0,"max_hp_loss":0,"event_name":"Winding Halls","floor":36,"gold_loss":0,"cards_obtained":["Writhe"]},{"damage_healed":0,"gold_gain":0,"player_choice":"Forge","damage_taken":0,"max_hp_gain":0,"max_hp_loss":0,"event_name":"Accursed Blacksmith","floor":37,"gold_loss":0,"cards_upgraded":["Conserve Battery"]},{"damage_healed":0,"gold_gain":0,"player_choice":"Memory 1","damage_taken":0,"max_hp_gain":0,"max_hp_loss":0,"event_name":"SensoryStone","floor":47,"gold_loss":0}],"is_beta":false,"boss_relics":[{"not_picked":["Pandora\u0027s Box","Coffee Dripper"],"picked":"Sozu"},{"not_picked":["Philosopher\u0027s Stone","Orrery"],"picked":"Runic Dome"}],"items_purged_floors":[8,38],"is_endless":false,"potions_floor_spawned":[1,3,7,16,19,24,29,30,33,35,46],"killed_by":"Time Eater","ascension_level":0}