{"gold_per_floor":[11,11,26,44,70,102,102,128,181,191,191,216,232,246,246,351,351,367,292,304,315,325,325,147,147,147,157,192,192,222,222,222,326,326,344,219,239,239,258,287,287,319,319,319,319,338,338,136,136,136,136,136,63,98,98],"floor_reached":56,"playtime":4340,"items_purged":["Defend_G","Strike_G","Survivor"],"score":1558,"play_id":"67d80f52-ca05-4e69-8750-98dc26fda2a5","local_time":"20190128225619","is_ascension_mode":true,"campfire_choices":[{"data":"After Image","floor":7.0,"key":"SMITH"},{"data":"Neutralize","floor":11.0,"key":"SMITH"},{"data":"Calculated Gamble","floor":15.0,"key":"SMITH"},{"floor":23.0,"key":"RECALL"},{"data":"Strike_G","floor":29.0,"key":"PURGE"},{"floor":32.0,"key":"REST"},{"data":"Glass Knife","floor":41.0,"key":"SMITH"},{"data":"Pain","floor":44.0,"key":"PURGE"},{"data":"Accuracy","floor":49.0,"key":"SMITH"},{"data":"Adrenaline","floor":52.0,"key":"SMITH"}],"neow_cost":"NO_GOLD","seed_source_timestamp":0,"circlet_count":0,"master_deck":["Defend_G+1","Defend_G+1","Defend_G+1","Defend_G+1","Strike_G+1","Strike_G+1","Strike_G+1","Neutralize+1","After Image+1","Heel Hook","Well Laid Plans","Endless Agony","Blur","Malaise","Slice","Calculated Gamble+1","Cloak And Dagger+1","Glass Knife+1","Acrobatics","Blade Dance+1","Heel Hook","Blade Dance+1","Infinite Blades","Choke+1","Concentrate","Doppelganger","Corpse Explosion","Sucker Punch+1","Cloak And Dagger+1","Cloak And Dagger+1","PiercingWail+1","Adrenaline+1","Accuracy+1","Accuracy"],"special_seed":0,"relics":["Ring of the Snake","Incense Burner","PreservedInsect","Unceasing Top","Blood Vial","Letter Opener","Sozu","Juzu Bracelet","Peace Pipe","Anchor","Dodecahedron","Cursed Key","Pen Nib","Bottled Lightning","Bag of Marbles","Paper Crane"],"potions_floor_usage":[],"damage_taken":[{"damage":0.0,"enemies":"Jaw Worm","floor":1.0,"turns":5.0},{"damage":0.0,"enemies":"Cultist","floor":3.0,"turns":4.0},{"damage":2.0,"enemies":"Small Slimes","floor":4.0,"turns":3.0},{"damage":23.0,"enemies":"3 Sentries","floor":6.0,"turns":12.0},{"damage":17.0,"enemies":"Lagavulin","floor":8.0,"turns":11.0},{"damage":0.0,"enemies":"2 Fungi Beasts","floor":10.0,"turns":5.0},{"damage":2.0,"enemies":"Gremlin Nob","floor":12.0,"turns":5.0},{"damage":0.0,"enemies":"Looter","floor":13.0,"turns":4.0},{"damage":2.0,"enemies":"Red Slaver","floor":14.0,"turns":4.0},{"damage":8.0,"enemies":"The Guardian","floor":16.0,"turns":20.0},{"damage":0.0,"enemies":"Shell Parasite","floor":18.0,"turns":6.0},{"damage":0.0,"enemies":"Chosen","floor":20.0,"turns":6.0},{"damage":17.0,"enemies":"Snecko","floor":21.0,"turns":8.0},{"damage":10.0,"enemies":"Centurion and Healer","floor":22.0,"turns":7.0},{"damage":2.0,"enemies":"Cultist and Chosen","floor":27.0,"turns":7.0},{"damage":23.0,"enemies":"Slavers","floor":28.0,"turns":3.0},{"damage":20.0,"enemies":"Gremlin Leader","floor":30.0,"turns":4.0},{"damage":5.0,"enemies":"Champ","floor":33.0,"turns":11.0},{"damage":0.0,"enemies":"Orb Walker","floor":35.0,"turns":2.0},{"damage":0.0,"enemies":"3 Shapes","floor":37.0,"turns":3.0},{"damage":3.0,"enemies":"Transient","floor":39.0,"turns":5.0},{"damage":0.0,"enemies":"Reptomancer","floor":40.0,"turns":4.0},{"damage":0.0,"enemies":"Giant Head","floor":42.0,"turns":4.0},{"damage":0.0,"enemies":"Writhing Mass","floor":46.0,"turns":3.0},{"damage":0.0,"enemies":"Donu and Deca","floor":50.0,"turns":4.0},{"damage":3,"enemies":"Shield and Spear","floor":54,"turns":2},{"damage":59,"enemies":"The Heart","floor":55,"turns":11}],"seed_played":"6385124038776945549","potions_obtained":[{"floor":1.0,"key":"SteroidPotion"},{"floor":3.0,"key":"GamblersBrew"},{"floor":12.0,"key":"Ancient Potion"},{"floor":13.0,"key":"EssenceOfSteel"},{"floor":14.0,"key":"Explosive Potion"}],"is_trial":false,"path_per_floor":["M","?","M","M","T","E","R","E","T","M","R","E","M","M","R","B",null,"M","$","M","M","M","R","$","?","T","M","E","R","E","?","R","B",null,"M","$","M","?","M","E","R","E","T","R","?","M","?","$","R","B",null,"R","$","E","B",null],"character_chosen":"THE_SILENT","items_purchased":["Infinite Blades","Adrenaline","Accuracy","Accuracy"],"campfire_rested":1,"item_purchase_floors":[24,48,48,53],"current_hp_per_floor":[70,58,58,56,56,33,33,16,16,18,18,18,20,20,20,14,70,70,70,70,53,45,45,45,45,45,45,24,24,6,6,27,24,70,70,70,70,66,63,65,65,66,66,66,66,66,66,66,66,66,66,66,66,63,6],"gold":98,"neow_bonus":"THREE_RARE_CARDS","is_prod":false,"is_daily":false,"chose_seed":false,"campfire_upgraded":6,"win_rate":0,"timestamp":1548734179,"path_taken":["M","?","M","M","?","E","R","E","T","M","R","E","?","M","R","BOSS","M","$","M","?","M","R","$","?","T","M","E","R","E","?","R","BOSS","M","$","M","?","M","E","R","E","T","R","?","M","?","$","R","BOSS","R","$","E","BOSS"],"build_version":"2019-01-23","purchased_purges":3,"victory":true,"max_hp_per_floor":[70,70,70,70,70,70,70,70,70,70,70,70,70,70,70,70,70,70,70,70,70,70,70,70,70,70,70,70,70,70,70,70,70,70,70,70,70,66,66,66,66,66,66,66,66,66,66,66,66,66,66,66,66,66,66],"card_choices":[{"not_picked":["A Thousand Cuts","Storm of Steel"],"picked":"After Image","floor":0.0},{"not_picked":["Choke","Bane"],"picked":"Heel Hook","floor":1.0},{"not_picked":["Slice","Dagger Throw"],"picked":"Well Laid Plans","floor":3.0},{"not_picked":["Prepared","Masterful Stab"],"picked":"Endless Agony","floor":4.0},{"not_picked":["Heel Hook","Predator"],"picked":"Blur","floor":6.0},{"not_picked":["PiercingWail","Outmaneuver"],"picked":"Malaise","floor":8.0},{"not_picked":["Sucker Punch","Dash"],"picked":"Slice","floor":10.0},{"not_picked":["Acrobatics","Predator"],"picked":"Calculated Gamble","floor":12.0},{"not_picked":["Footwork","Riddle With Holes"],"picked":"Backflip","floor":13.0},{"not_picked":["Blade Dance","Deadly Poison"],"picked":"Cloak And Dagger","floor":14.0},{"not_picked":["Doppelganger","Night Terror"],"picked":"Glass Knife","floor":16.0},{"not_picked":["Bane","All Out Attack"],"picked":"Acrobatics","floor":18.0},{"not_picked":["Prepared","Deflect"],"picked":"Blade Dance+1","floor":20.0},{"not_picked":["Terror","Slice"],"picked":"Heel Hook","floor":21.0},{"not_picked":["Acrobatics+1","Underhanded Strike"],"picked":"Blade Dance+1","floor":22.0},{"not_picked":["Infinite Blades","Quick Slash"],"picked":"Choke+1","floor":27.0},{"not_picked":["Prepared+1","Reflex"],"picked":"Concentrate","floor":28.0},{"not_picked":["Crippling Poison","Blade Dance"],"picked":"Doppelganger","floor":30.0},{"not_picked":["Envenom","Venomology"],"picked":"Corpse Explosion","floor":33.0},{"not_picked":["Outmaneuver+1","Dash+1"],"picked":"Sucker Punch+1","floor":35.0},{"not_picked":["Dodge and Roll","Predator+1","Underhanded Strike+1"],"picked":"SKIP","floor":37.0},{"not_picked":["Setup+1","Dash","Underhanded Strike+1"],"picked":"SKIP","floor":39.0},{"not_picked":["Tactician","Calculated Gamble+1"],"picked":"Cloak And Dagger+1","floor":40.0},{"not_picked":["Flying Knee+1","Acrobatics+1"],"picked":"Cloak And Dagger+1","floor":42.0},{"not_picked":["Dash","Catalyst"],"picked":"PiercingWail+1","floor":46.0},{"not_picked":["Corpse Explosion","Dagger Spray","Masterful Stab+1"],"picked":"SKIP","floor":54}],"player_experience":216949,"relics_obtained":[{"floor":6.0,"key":"PreservedInsect"},{"floor":8.0,"key":"Unceasing Top"},{"floor":9.0,"key":"Blood Vial"},{"floor":12.0,"key":"Letter Opener"},{"floor":26.0,"key":"Peace Pipe"},{"floor":28.0,"key":"Anchor"},{"floor":30.0,"key":"Dodecahedron"},{"floor":40.0,"key":"Pen Nib"},{"floor":42.0,"key":"Bottled Lightning"},{"floor":43.0,"key":"Bag of Marbles"},{"floor":54,"key":"Paper Crane"}],"event_choices":[{"damage_healed":0.0,"max_hp_gain":0.0,"max_hp_loss":0.0,"gold_gain":0.0,"event_name":"Scrap Ooze","player_choice":"Success","floor":2.0,"gold_loss":0.0,"damage_taken":12.0,"relics_obtained":["Incense Burner"]},{"damage_healed":0.0,"max_hp_gain":0.0,"max_hp_loss":0.0,"gold_gain":0.0,"event_name":"The Mausoleum","player_choice":"Opened","floor":25.0,"gold_loss":0.0,"damage_taken":0.0,"relics_obtained":["Juzu Bracelet"]},{"damage_healed":0.0,"max_hp_gain":0.0,"max_hp_loss":0.0,"gold_gain":0.0,"event_name":"Back to Basics","player_choice":"Simplicity","floor":31.0,"gold_loss":0.0,"damage_taken":0.0,"cards_upgraded":["Defend_G","Defend_G","Defend_G","Defend_G","Strike_G","Strike_G","Strike_G"]},{"damage_healed":0.0,"max_hp_gain":0.0,"max_hp_loss":4.0,"gold_gain":0.0,"event_name":"Winding Halls","player_choice":"Max HP","floor":38.0,"gold_loss":0.0,"damage_taken":0.0},{"damage_healed":0.0,"max_hp_gain":0.0,"max_hp_loss":0.0,"gold_gain":0.0,"event_name":"Accursed Blacksmith","player_choice":"Forge","floor":45.0,"gold_loss":0.0,"damage_taken":0.0,"cards_upgraded":["Cloak And Dagger"]},{"cards_removed":["Backflip"],"damage_healed":0.0,"max_hp_gain":0.0,"max_hp_loss":0.0,"gold_gain":0.0,"event_name":"Falling","player_choice":"Removed Skill","floor":47.0,"gold_loss":0.0,"damage_taken":0.0}],"is_beta":false,"boss_relics":[{"not_picked":["Lizard Tail","Velvet Choker"],"picked":"Sozu"},{"not_picked":["Tiny House","White Beast Statue"],"picked":"Cursed Key"}],"items_purged_floors":[19,24,36],"is_endless":false,"potions_floor_spawned":[1,3,12,13,14,21,22,28,42,46,54],"ascension_level":4}