{"gold_per_floor":[116,17,30,30,50,50,79,79,79,113,123,123,103,117,117,189,189,206,306,306,306,324,324,358,358,358,378,389,421,438,469,469,548,548,561,561,577,589,589,93,125,137,160,191,205,205,238,249,249,249,249,249,70,70],"floor_reached":54,"playtime":3172,"items_purged":["Strike_R","Defend_R","Bludgeon"],"score":1530,"play_id":"35ffeeda-491e-4000-be11-a3fce2f9783e","local_time":"20190228051243","is_ascension_mode":true,"campfire_choices":[{"data":"Body Slam","floor":6.0,"key":"SMITH"},{"data":"True Grit","floor":8.0,"key":"SMITH"},{"data":"Whirlwind","floor":12.0,"key":"SMITH"},{"data":"Bash","floor":15.0,"key":"SMITH"},{"data":"True Grit","floor":23.0,"key":"SMITH"},{"data":"Demon Form","floor":25.0,"key":"SMITH"},{"data":"Pommel Strike","floor":32.0,"key":"SMITH"},{"floor":49.0,"key":"RECALL"},{"data":"Limit Break","floor":52.0,"key":"SMITH"}],"neow_cost":"NONE","seed_source_timestamp":0,"circlet_count":0,"master_deck":["AscendersBane","Defend_R","Defend_R","Defend_R","Bash+1","True Grit+1","Clash","Body Slam+1","Battle Trance+1","Pommel Strike+1","Whirlwind+1","Reckless Charge","Demon Form+1","True Grit+1","Dark Embrace","Bite","Bite","Bite","Bite","Bite","Sword Boomerang","Limit Break+1","Uppercut+1","Offering","Impervious+1","Pommel Strike+1","Flame Barrier","Doubt","Shockwave","Impervious"],"special_seed":0,"relics":["Burning Blood","Omamori","Pantograph","Red Skull","Pear","Boot","Cursed Key","Girya","Bottled Tornado","Blood Vial","PreservedInsect","Regal Pillow","Torii","Black Star","Lee\u0027s Waffle","Orichalcum","Shuriken","War Paint","Bag of Preparation","Anchor","Question Card","Paper Frog","Oddly Smooth Stone"],"potions_floor_usage":[],"damage_taken":[{"damage":7.0,"enemies":"2 Louse","floor":1.0,"turns":4.0},{"damage":1.0,"enemies":"Cultist","floor":3.0,"turns":3.0},{"damage":10.0,"enemies":"Small Slimes","floor":5.0,"turns":3.0},{"damage":38.0,"enemies":"Lagavulin","floor":7.0,"turns":10.0},{"damage":44.0,"enemies":"Gremlin Nob","floor":10.0,"turns":4.0},{"damage":1.0,"enemies":"Exordium Wildlife","floor":11.0,"turns":3.0},{"damage":4.0,"enemies":"Blue Slaver","floor":14.0,"turns":2.0},{"damage":30.0,"enemies":"Slime Boss","floor":16.0,"turns":6.0},{"damage":29.0,"enemies":"2 Thieves","floor":18.0,"turns":3.0},{"damage":17.0,"enemies":"Colosseum Slavers","floor":19.0,"turns":2.0},{"damage":19.0,"enemies":"Colosseum Nobs","floor":19.0,"turns":3.0},{"damage":12.0,"enemies":"Chosen","floor":22.0,"turns":3.0},{"damage":18.0,"enemies":"Gremlin Leader","floor":24.0,"turns":5.0},{"damage":19.0,"enemies":"Snake Plant","floor":27.0,"turns":3.0},{"damage":0.0,"enemies":"Snecko","floor":28.0,"turns":2.0},{"damage":22.0,"enemies":"Slavers","floor":29.0,"turns":4.0},{"damage":12.0,"enemies":"Shelled Parasite and Fungi","floor":30.0,"turns":3.0},{"damage":7.0,"enemies":"Book of Stabbing","floor":31.0,"turns":3.0},{"damage":37.0,"enemies":"Collector","floor":33.0,"turns":6.0},{"damage":29.0,"enemies":"3 Shapes","floor":35.0,"turns":4.0},{"damage":2.0,"enemies":"Orb Walker","floor":37.0,"turns":4.0},{"damage":38.0,"enemies":"Maw","floor":38.0,"turns":6.0},{"damage":41.0,"enemies":"Reptomancer","floor":41.0,"turns":5.0},{"damage":29.0,"enemies":"4 Shapes","floor":42.0,"turns":5.0},{"damage":14.0,"enemies":"Giant Head","floor":44.0,"turns":5.0},{"damage":1.0,"enemies":"Transient","floor":45.0,"turns":6.0},{"damage":12.0,"enemies":"Reptomancer","floor":47.0,"turns":5.0},{"damage":25.0,"enemies":"Sphere and 2 Shapes","floor":48.0,"turns":5.0},{"damage":60.0,"enemies":"Awakened One","floor":50.0,"turns":8.0},{"damage":7,"enemies":"Shield and Spear","floor":54,"turns":2}],"seed_played":"-2991409455434816188","potions_obtained":[{"floor":3.0,"key":"SteroidPotion"},{"floor":10.0,"key":"Poison Potion"},{"floor":11.0,"key":"Weak Potion"},{"floor":14.0,"key":"FearPotion"},{"floor":18.0,"key":"Explosive Potion"},{"floor":24.0,"key":"Ancient Potion"},{"floor":27.0,"key":"PowerPotion"},{"floor":31.0,"key":"Strength Potion"},{"floor":35.0,"key":"GamblersBrew"},{"floor":38.0,"key":"SmokeBomb"},{"floor":45.0,"key":"SpeedPotion"},{"floor":47.0,"key":"Weak Potion"}],"is_trial":false,"path_per_floor":["M","$","M","?","M","R","E","R","T","E","M","R","?","M","R","B",null,"M","?","?","?","M","R","E","R","T","M","M","E","M","E","R","B",null,"M","?","M","M","?","$","E","M","T","E","M","?","E","M","R","B",null,"R","$","E"],"character_chosen":"IRONCLAD","items_purchased":["Clash","Lee\u0027s Waffle","Orichalcum","SpeedPotion"],"campfire_rested":0,"item_purchase_floors":[2,40,40,53],"current_hp_per_floor":[67,67,72,72,68,68,36,36,46,8,13,13,13,15,15,16,68,45,21,21,21,25,25,21,21,21,14,24,16,16,21,21,27,51,36,36,52,26,26,66,36,25,25,25,42,42,46,35,35,24,56,56,56,51],"gold":70,"neow_bonus":"RANDOM_COMMON_RELIC","is_prod":false,"is_daily":false,"chose_seed":false,"campfire_upgraded":8,"win_rate":0,"timestamp":1551348763,"path_taken":["M","$","M","?","?","R","E","R","T","E","M","R","?","M","R","BOSS","M","?","?","?","M","R","E","R","T","M","M","E","?","E","R","BOSS","M","?","M","M","?","$","E","M","T","E","M","?","E","M","R","BOSS","R","$","E"],"build_version":"2019-01-23","purchased_purges":3,"victory":false,"max_hp_per_floor":[75,75,75,75,75,75,75,75,85,85,85,85,85,85,85,85,85,85,85,59,59,59,59,59,59,59,59,59,59,59,59,59,59,59,59,59,59,59,59,66,66,66,66,66,66,66,66,66,66,66,66,66,66,66],"card_choices":[{"not_picked":["Sword Boomerang","Combust"],"picked":"True Grit","floor":1.0},{"not_picked":["Pommel Strike","Ghostly Armor"],"picked":"Body Slam","floor":3.0},{"not_picked":["Body Slam","Shrug It Off"],"picked":"Battle Trance","floor":5.0},{"not_picked":["Second Wind","Bloodletting"],"picked":"Pommel Strike","floor":7.0},{"not_picked":["Warcry","Corruption"],"picked":"Bludgeon","floor":10.0},{"not_picked":["Shockwave","Dropkick"],"picked":"Whirlwind","floor":11.0},{"not_picked":["Dual Wield","Heavy Blade"],"picked":"Reckless Charge","floor":14.0},{"not_picked":["Berserk","Barricade"],"picked":"Demon Form","floor":16.0},{"not_picked":["Thunderclap","Warcry"],"picked":"True Grit","floor":18.0},{"not_picked":["Blood for Blood","Wild Strike"],"picked":"Dark Embrace","floor":19.0},{"not_picked":["True Grit","Rampage"],"picked":"Sword Boomerang","floor":22.0},{"not_picked":["Anger","Sword Boomerang"],"picked":"Limit Break","floor":24.0},{"not_picked":["Heavy Blade","Twin Strike","Flex"],"picked":"SKIP","floor":27.0},{"not_picked":["Second Wind+1","Twin Strike"],"picked":"Uppercut+1","floor":28.0},{"not_picked":["Anger","Rupture+1","Cleave"],"picked":"SKIP","floor":29.0},{"not_picked":["Warcry","Intimidate"],"picked":"Offering","floor":30.0},{"not_picked":["Anger","Sever Soul","Intimidate"],"picked":"SKIP","floor":31.0},{"not_picked":["Bludgeon","Barricade"],"picked":"Impervious","floor":33.0},{"not_picked":["Clash+1","Perfected Strike+1"],"picked":"Pommel Strike+1","floor":35.0},{"not_picked":["Havoc","Armaments"],"picked":"Flame Barrier","floor":37.0},{"not_picked":["Reckless Charge","Clash+1","Wild Strike"],"picked":"SKIP","floor":38.0},{"not_picked":["Heavy Blade","Clash","Headbutt"],"picked":"SKIP","floor":41.0},{"not_picked":["Blood for Blood","Anger","Uppercut"],"picked":"SKIP","floor":42.0},{"not_picked":["Sentinel","Flame Barrier"],"picked":"Shockwave","floor":44.0},{"not_picked":["Clothesline","Spot Weakness+1","Blood for Blood","Body Slam"],"picked":"SKIP","floor":45.0},{"not_picked":["Carnage+1","Infernal Blade+1","Clothesline"],"picked":"Impervious","floor":47.0},{"not_picked":["Iron Wave","Headbutt+1","Inflame","Armaments"],"picked":"SKIP","floor":48.0}],"player_experience":602540,"relics_obtained":[{"floor":7.0,"key":"Red Skull"},{"floor":9.0,"key":"Pear"},{"floor":10.0,"key":"Boot"},{"floor":19.0,"key":"Girya"},{"floor":19.0,"key":"Bottled Tornado"},{"floor":24.0,"key":"PreservedInsect"},{"floor":29.0,"key":"Regal Pillow"},{"floor":31.0,"key":"Torii"},{"floor":41.0,"key":"Shuriken"},{"floor":41.0,"key":"War Paint"},{"floor":43.0,"key":"Bag of Preparation"},{"floor":44.0,"key":"Anchor"},{"floor":44.0,"key":"Question Card"},{"floor":47.0,"key":"Paper Frog"},{"floor":47.0,"key":"Oddly Smooth Stone"}],"event_choices":[{"damage_healed":0.0,"max_hp_gain":0.0,"max_hp_loss":0.0,"gold_gain":0.0,"event_name":"WeMeetAgain","player_choice":"Gave Potion","floor":4.0,"gold_loss":0.0,"damage_taken":0.0,"relics_obtained":["Pantograph"]},{"damage_healed":0.0,"max_hp_gain":0.0,"max_hp_loss":0.0,"gold_gain":0.0,"event_name":"The Woman in Blue","player_choice":"Bought 1 Potion","floor":13.0,"gold_loss":0.0,"damage_taken":0.0},{"damage_healed":0.0,"max_hp_gain":0.0,"max_hp_loss":0.0,"gold_gain":0.0,"event_name":"Colosseum","player_choice":"Fight","floor":19.0,"gold_loss":0.0,"damage_taken":0.0},{"damage_healed":0.0,"max_hp_gain":0.0,"max_hp_loss":0.0,"gold_gain":0.0,"event_name":"Colosseum","player_choice":"Fought Nobs","floor":19.0,"gold_loss":0.0,"damage_taken":0.0},{"damage_healed":0.0,"max_hp_gain":0.0,"max_hp_loss":26.0,"gold_gain":0.0,"event_name":"Vampires","player_choice":"Became a vampire","floor":20.0,"gold_loss":0.0,"damage_taken":0.0,"cards_obtained":["Bite","Bite","Bite","Bite","Bite"]},{"damage_healed":0.0,"max_hp_gain":0.0,"max_hp_loss":0.0,"gold_gain":0.0,"event_name":"Addict","player_choice":"Stole Relic","floor":21.0,"gold_loss":0.0,"damage_taken":0.0,"relics_obtained":["Blood Vial"],"cards_obtained":["Shame"]},{"damage_healed":0.0,"max_hp_gain":0.0,"max_hp_loss":0.0,"gold_gain":0.0,"event_name":"Tomb of Lord Red Mask","player_choice":"Ignored","floor":36.0,"gold_loss":0.0,"damage_taken":0.0},{"damage_healed":0.0,"max_hp_gain":0.0,"max_hp_loss":0.0,"gold_gain":0.0,"event_name":"SensoryStone","player_choice":"Memory 1","floor":39.0,"gold_loss":0.0,"damage_taken":0.0},{"damage_healed":0.0,"max_hp_gain":0.0,"max_hp_loss":0.0,"gold_gain":0.0,"event_name":"SecretPortal","player_choice":"Ignored","floor":46.0,"gold_loss":0.0,"damage_taken":0.0}],"is_beta":false,"boss_relics":[{"not_picked":["Sozu","Velvet Choker"],"picked":"Cursed Key"},{"not_picked":["Calling Bell","Orrery"],"picked":"Black Star"}],"items_purged_floors":[2,40,53],"is_endless":false,"potions_floor_spawned":[3,10,11,14,18,24,27,29,31,35,38,41,45,47],"killed_by":"Shield and Spear","ascension_level":19}