{"gold_per_floor":[111,111,0,11,86,86,111,111,111,137,137,87,87,97,97,174,174,188,207,207,224,30,30,30,30,30,30,55,55,65,15,15,15],"floor_reached":33,"playtime":1167,"items_purged":["Strike_B","Strike_B","Writhe"],"score":515,"play_id":"e346d934-fd8f-4718-82d4-1f6a1fcebf03","local_time":"20190115221043","is_ascension_mode":true,"campfire_choices":[{"data":"Zap","floor":6,"key":"SMITH"},{"data":"Dualcast","floor":8,"key":"SMITH"},{"data":"White Noise","floor":11,"key":"SMITH"},{"data":"Scrape","floor":15,"key":"SMITH"},{"data":"Redo","floor":23,"key":"SMITH"},{"floor":25,"key":"REST"},{"floor":32,"key":"REST"}],"neow_cost":"NONE","seed_source_timestamp":452401967540900,"circlet_count":0,"master_deck":["AscendersBane","Defend_B","Defend_B","Defend_B","Zap+1","Dualcast+1","Auto Shields","Scrape+1","FTL","FTL","Beam Cell","White Noise+1","Reprogram","Redo+1","Storm","Self Repair","Redo"],"relics":["Cracked Core","NeowsBlessing","Boot","Symbiotic Virus","Smiling Mask","Pear","Cursed Key","Medical Kit","Incense Burner","Dead Branch"],"potions_floor_usage":[10,16,18,33],"damage_taken":[{"damage":0,"enemies":"Jaw Worm","floor":1,"turns":1},{"damage":0,"enemies":"Cultist","floor":4,"turns":1},{"damage":0,"enemies":"Gremlin Nob","floor":7,"turns":1},{"damage":8,"enemies":"Lagavulin","floor":10,"turns":4},{"damage":0,"enemies":"Small Slimes","floor":14,"turns":2},{"damage":17,"enemies":"The Guardian","floor":16,"turns":7},{"damage":0,"enemies":"Spheric Guardian","floor":18,"turns":3},{"damage":8,"enemies":"3 Byrds","floor":19,"turns":4},{"damage":28,"enemies":"Snake Plant","floor":21,"turns":3},{"damage":45,"enemies":"Book of Stabbing","floor":28,"turns":5},{"damage":2,"enemies":"3 Cultists","floor":30,"turns":4},{"damage":43,"enemies":"Collector","floor":33,"turns":6}],"seed_played":"-4464870666133588614","potions_obtained":[{"floor":4,"key":"AttackPotion"},{"floor":7,"key":"SteroidPotion"},{"floor":10,"key":"Regen Potion"},{"floor":16,"key":"Explosive Potion"},{"floor":18,"key":"FearPotion"}],"is_trial":false,"path_per_floor":["M","?","$","M","?","R","E","R","T","E","R","$","?","M","R","B",null,"M","M","?","M","$","R","$","R","T","?","E","?","M","$","R","B"],"character_chosen":"DEFECT","items_purchased":["FTL","Medical Kit"],"campfire_rested":2,"item_purchase_floors":[3,22],"current_hp_per_floor":[64,64,64,64,53,53,53,53,53,45,45,45,37,37,37,35,70,70,62,62,34,34,34,34,58,58,58,13,13,18,18,42,0],"gold":15,"neow_bonus":"THREE_ENEMY_KILL","is_prod":false,"is_daily":false,"chose_seed":false,"campfire_upgraded":5,"win_rate":0,"timestamp":1547619043,"path_taken":["M","?","$","?","?","R","E","R","T","E","R","$","?","M","R","BOSS","M","M","?","?","$","R","?","R","T","?","E","?","M","$","R","BOSS"],"build_version":"2019-01-10","purchased_purges":3,"victory":false,"max_hp_per_floor":[71,71,71,71,71,71,71,71,71,71,71,71,81,81,81,81,81,81,81,81,81,81,81,81,81,81,81,81,81,81,81,81,81],"card_choices":[{"not_picked":["Beam Cell","Rebound"],"picked":"Auto Shields","floor":1},{"not_picked":["Defragment","Rebound"],"picked":"FTL","floor":4},{"not_picked":["Chill","Storm"],"picked":"Beam Cell","floor":7},{"not_picked":["Fusion","Conserve Battery"],"picked":"White Noise","floor":10},{"not_picked":["Leap","Redo"],"picked":"Reprogram","floor":14},{"not_picked":["Coolheaded","Conserve Battery"],"picked":"Redo","floor":18},{"not_picked":["Steam","Auto Shields"],"picked":"Storm","floor":19},{"not_picked":["Barrage","Turbo","Compile Driver"],"picked":"SKIP","floor":21},{"not_picked":["Glacier","Barrage"],"picked":"Self Repair","floor":28},{"not_picked":["Go for the Eyes","Sweeping Beam"],"picked":"Redo","floor":30}],"player_experience":483334,"relics_obtained":[{"floor":7,"key":"Boot"},{"floor":9,"key":"Symbiotic Virus"},{"floor":10,"key":"Smiling Mask"},{"floor":28,"key":"Incense Burner"}],"event_choices":[{"damage_healed":0,"gold_gain":0,"cards_transformed":["Strike_B"],"player_choice":"Transformed","damage_taken":0,"max_hp_gain":0,"max_hp_loss":0,"event_name":"Transmorgrifier","floor":2,"gold_loss":0,"cards_obtained":["Scrape"]},{"damage_healed":0,"gold_gain":75,"player_choice":"Gather Gold","damage_taken":11,"max_hp_gain":0,"max_hp_loss":0,"event_name":"World of Goop","floor":5,"gold_loss":0},{"damage_healed":0,"gold_gain":0,"player_choice":"Success","damage_taken":18,"relics_obtained":["Pear"],"max_hp_gain":0,"max_hp_loss":0,"event_name":"Scrap Ooze","floor":13,"gold_loss":0},{"cards_removed":["Strike_B"],"damage_healed":0,"gold_gain":0,"player_choice":"Purged","damage_taken":0,"max_hp_gain":0,"max_hp_loss":0,"event_name":"Purifier","floor":20,"gold_loss":0},{"cards_removed":["Defend_B"],"damage_healed":0,"gold_gain":0,"player_choice":"Elegance","damage_taken":0,"max_hp_gain":0,"max_hp_loss":0,"event_name":"Back to Basics","floor":27,"gold_loss":0},{"damage_healed":0,"gold_gain":0,"player_choice":"Opened","damage_taken":0,"relics_obtained":["Dead Branch"],"max_hp_gain":0,"max_hp_loss":0,"event_name":"The Mausoleum","floor":29,"gold_loss":0,"cards_obtained":["Writhe"]}],"is_beta":false,"boss_relics":[{"not_picked":["Ectoplasm","Pandora\u0027s Box"],"picked":"Cursed Key"}],"items_purged_floors":[3,12,31],"is_endless":false,"potions_floor_spawned":[4,7,10,16,18,28],"killed_by":"Collector","ascension_level":15}