{"gold_per_floor":[109,121,296,296,16,16,51,63,63,79,79,104,116,149,149,246,246,266,279,22,35,35],"floor_reached":22,"playtime":1026,"items_purged":["Strike_B"],"score":320,"play_id":"44eee7a3-2d53-45ce-a137-8fcda906c998","local_time":"20181014195209","is_ascension_mode":true,"campfire_choices":[{"data":"Zap","floor":6,"key":"SMITH"},{"data":"Consume","floor":11,"key":"SMITH"},{"data":"Chaos","floor":15,"key":"SMITH"}],"neow_cost":"","seed_source_timestamp":2254213675979,"circlet_count":0,"master_deck":["Strike_B","Defend_B","Defend_B","Defend_B","Defend_B","Zap+1","Dualcast","Coolheaded","Hologram","Turbo","Self Repair","Chaos+1","Consume+1","White Noise","Hologram","Cold Snap","Redo","Multi-Cast","Compile Driver+1","Thunder Strike","Conserve Battery","Chaos+1"],"relics":["Cracked Core","Runic Capacitor","Bird Faced Urn","Girya","Matryoshka","Symbiotic Virus","Empty Cage"],"potions_floor_usage":[10,14],"damage_taken":[{"damage":2,"enemies":"2 Louse","floor":1,"turns":2},{"damage":0,"enemies":"Jaw Worm","floor":2,"turns":4},{"damage":28,"enemies":"Lagavulin","floor":7,"turns":7},{"damage":4,"enemies":"Cultist","floor":8,"turns":3},{"damage":21,"enemies":"Gremlin Gang","floor":10,"turns":4},{"damage":12,"enemies":"Gremlin Nob","floor":12,"turns":3},{"damage":20,"enemies":"Lots of Slimes","floor":13,"turns":3},{"damage":14,"enemies":"3 Sentries","floor":14,"turns":3},{"damage":0,"enemies":"Slime Boss","floor":16,"turns":5},{"damage":15,"enemies":"Chosen","floor":18,"turns":5},{"damage":30,"enemies":"2 Thieves","floor":19,"turns":4},{"damage":23,"enemies":"Shelled Parasite and Fungi","floor":21,"turns":5},{"damage":37,"enemies":"Snake Plant","floor":22,"turns":2}],"seed_played":"-6753671257348685899","potions_obtained":[{"floor":1,"key":"PowerPotion"},{"floor":7,"key":"Regen Potion"},{"floor":8,"key":"Fire Potion"},{"floor":16,"key":"SpeedPotion"},{"floor":21,"key":"AttackPotion"}],"is_trial":false,"path_per_floor":["M","M","?","?","$","R","E","M","T","M","R","E","M","E","R","B",null,"M","M","$","M"],"character_chosen":"DEFECT","items_purchased":["Runic Capacitor","Turbo","Self Repair","Thunder Strike","Conserve Battery"],"campfire_rested":0,"item_purchase_floors":[5,5,5,20,20],"current_hp_per_floor":[73,73,73,73,73,73,52,57,57,45,45,44,35,34,34,45,68,64,45,45,33,0],"gold":35,"neow_bonus":"","is_prod":false,"is_daily":false,"chose_seed":false,"campfire_upgraded":3,"win_rate":0,"timestamp":1539571929,"path_taken":["M","M","?","?","$","R","E","M","T","?","R","E","M","E","R","BOSS","M","M","$","M","M"],"build_version":"2018-10-11","purchased_purges":1,"victory":false,"max_hp_per_floor":[75,75,75,75,75,75,75,75,75,75,75,75,75,75,75,75,75,75,75,75,75,75],"card_choices":[{"not_picked":["Self Repair","Streamline"],"picked":"Coolheaded","floor":1},{"not_picked":["Auto Shields","Skim"],"picked":"Hologram","floor":2},{"not_picked":["Steam","Turbo"],"picked":"Chaos","floor":7},{"not_picked":["Rebound","Gash"],"picked":"Consume","floor":8},{"not_picked":["Double Energy","Beam Cell"],"picked":"White Noise","floor":10},{"not_picked":["Sweeping Beam","Redo"],"picked":"Hologram","floor":12},{"not_picked":["Conserve Battery","Gash"],"picked":"Cold Snap","floor":13},{"not_picked":["Rebound","Skim"],"picked":"Redo","floor":14},{"not_picked":["Core Surge","Hyperbeam"],"picked":"Multi-Cast","floor":16},{"not_picked":["Redo","Stack+1"],"picked":"Compile Driver+1","floor":18},{"not_picked":["Reinforced Body","Beam Cell","Leap"],"picked":"SKIP","floor":19},{"not_picked":["Conserve Battery","Auto Shields"],"picked":"Chaos+1","floor":21}],"player_experience":258950,"relics_obtained":[{"floor":7,"key":"Bird Faced Urn"},{"floor":9,"key":"Girya"},{"floor":12,"key":"Matryoshka"},{"floor":14,"key":"Symbiotic Virus"}],"event_choices":[{"event_name":"Liars Game","player_choice":"agreed","floor":3,"damage_taken":0},{"event_name":"Purifier","player_choice":"One Purge","floor":4,"damage_taken":0}],"is_beta":false,"boss_relics":[{"not_picked":["Calling Bell","Orrery"],"picked":"Empty Cage"}],"items_purged_floors":[20],"is_endless":false,"potions_floor_spawned":[1,7,8,16,21],"killed_by":"Snake Plant","ascension_level":5}