{"gold_per_floor":[110,123,123,179,13,38,38,49,49,64,64,64,97,108,108,108],"floor_reached":16,"playtime":567,"items_purged":[],"score":220,"play_id":"9a3a4955-a770-444e-9791-3f7190d5fdd1","local_time":"20190211033107","is_ascension_mode":true,"campfire_choices":[{"data":"Zap","floor":7,"key":"SMITH"},{"floor":12,"key":"REST"},{"floor":15,"key":"REST"}],"neow_cost":"NONE","seed_source_timestamp":408857020934500,"circlet_count":0,"master_deck":["AscendersBane","Strike_B","Strike_B","Strike_B","Defend_B","Defend_B","Defend_B","Defend_B","Zap+1","Dualcast","FTL","Leap","Seek","Stack","Tempest","Capacitor","Consume","Hologram","Seek","Stack"],"relics":["Cracked Core","Potion Belt","Tiny Chest","Vajra","Prayer Wheel","Meat on the Bone","Blue Candle"],"potions_floor_usage":[6,6,10],"damage_taken":[{"damage":1,"enemies":"Cultist","floor":1,"turns":4},{"damage":0,"enemies":"Small Slimes","floor":2,"turns":3},{"damage":36,"enemies":"3 Sentries","floor":6,"turns":8},{"damage":2,"enemies":"Jaw Worm","floor":8,"turns":2},{"damage":15,"enemies":"Gremlin Gang","floor":10,"turns":3},{"damage":35,"enemies":"Lagavulin","floor":13,"turns":6},{"damage":12,"enemies":"3 Louse","floor":14,"turns":3},{"damage":35,"enemies":"Slime Boss","floor":16,"turns":7}],"seed_played":"9140413371397904482","potions_obtained":[{"floor":1,"key":"Swift Potion"},{"floor":2,"key":"LiquidBronze"},{"floor":8,"key":"SkillPotion"}],"is_trial":false,"path_per_floor":["M","M","?","T","$","E","R","M","T","M","?","R","E","M","R","B"],"character_chosen":"DEFECT","items_purchased":["Vajra"],"campfire_rested":2,"item_purchase_floors":[5],"current_hp_per_floor":[63,63,56,56,56,20,20,18,18,15,15,36,13,13,34,0],"gold":108,"neow_bonus":"RANDOM_COMMON_RELIC","is_prod":false,"is_daily":false,"chose_seed":false,"campfire_upgraded":1,"win_rate":0,"timestamp":1549884667,"path_taken":["M","?","?","?","$","E","R","M","T","?","?","R","E","M","R","BOSS"],"build_version":"2019-01-23","purchased_purges":0,"victory":false,"max_hp_per_floor":[71,71,71,71,71,71,71,71,71,71,71,71,71,71,71,71],"card_choices":[{"not_picked":["Beam Cell","Leap"],"picked":"FTL","floor":1},{"not_picked":["Streamline","Capacitor"],"picked":"Leap","floor":2},{"not_picked":["Hologram","Cold Snap"],"picked":"Seek","floor":6},{"not_picked":["Compile Driver","Steam"],"picked":"Stack","floor":8},{"not_picked":["Streamline","Barrage"],"picked":"Tempest","floor":8},{"not_picked":["Stack","Turbo"],"picked":"Capacitor","floor":10},{"not_picked":["Steam","Conserve Battery"],"picked":"Consume","floor":10},{"not_picked":["Scrape","Gash"],"picked":"Hologram","floor":13},{"not_picked":["Recycle","Reprogram"],"picked":"Seek","floor":14},{"not_picked":["Compile Driver","Sweeping Beam"],"picked":"Stack","floor":14}],"player_experience":676186,"relics_obtained":[{"floor":4,"key":"Tiny Chest"},{"floor":6,"key":"Prayer Wheel"},{"floor":9,"key":"Meat on the Bone"},{"floor":13,"key":"Blue Candle"}],"event_choices":[{"cards_removed":["Strike_B"],"damage_healed":0,"gold_gain":0,"player_choice":"Card Removal","damage_taken":7,"max_hp_gain":0,"max_hp_loss":0,"event_name":"Golden Wing","floor":3,"gold_loss":0},{"damage_healed":0,"gold_gain":0,"player_choice":"Ignored","damage_taken":0,"max_hp_gain":0,"max_hp_loss":0,"event_name":"Liars Game","floor":11,"gold_loss":0}],"is_beta":false,"boss_relics":[],"items_purged_floors":[],"is_endless":false,"potions_floor_spawned":[1,2,8],"killed_by":"Slime Boss","ascension_level":20}