{"path_per_floor":["M","M","M","$","M","E","M","E","T","R","E","R","$","?","R","B",null,"M","?","$","?","?","R","E","R","T","E","?","R","M","$","R","B",null,"M","M","M","?","?","R"],"character_chosen":"THE_SILENT","items_purchased":["Infinite Blades","Blood Vial","Footwork","Escape Plan"],"gold_per_floor":[114,130,140,62,75,106,118,150,150,150,178,178,32,32,32,111,111,123,123,55,55,55,55,82,82,82,113,113,113,132,59,59,135,135,154,164,181,181,181,181,181],"floor_reached":41,"campfire_rested":6,"playtime":2965,"current_hp_per_floor":[63,63,58,58,48,46,40,9,9,33,23,23,23,23,47,21,65,67,67,67,52,52,52,39,64,64,1,1,26,27,27,52,49,76,66,44,24,19,19,44,0],"items_purged":[],"gold":181,"score":759,"play_id":"a08efb3e-2c19-4848-a13b-9e10e899be3d","local_time":"20180421172509","is_prod":false,"is_daily":false,"chose_seed":false,"is_ascension_mode":true,"campfire_upgraded":2,"timestamp":1524324309,"path_taken":["M","M","M","$","?","E","M","E","T","R","E","R","$","?","R","BOSS","M","?","?","?","?","R","E","R","T","E","?","R","M","?","R","BOSS","M","M","M","?","?","R","E"],"build_version":"2018-04-19","seed_source_timestamp":0,"purchased_purges":0,"victory":false,"master_deck":["Defend_G","Defend_G","Defend_G","Defend_G","Strike_G","Strike_G","Survivor","Neutralize","AscendersBane","Deflect+1","Expertise+1","Caltrops+1","Infinite Blades+1","Slice","Dagger Spray","Infinite Blades","Footwork","Accuracy+1","Adrenaline","Predator","Tools of the Trade","Flechettes","Footwork","Tools of the Trade","Escape Plan","Tactician","Accuracy","Deadly Poison","Malaise","Flash of Steel","Master of Strategy"],"max_hp_per_floor":[70,70,70,70,70,80,80,80,80,80,80,80,80,80,80,80,80,80,80,80,85,85,85,85,85,85,85,85,85,85,85,85,85,85,85,85,85,85,85,85,85],"relics":["Astrolabe","Pear","Juzu Bracelet","Tough Bandages","Mercury Hourglass","Blood Vial","Sozu","Kunai","Snake Skull","Gambling Chip","Philosopher\u0027s Stone"],"card_choices":[{"not_picked":["Dodge and Roll","Poisoned Stab"],"picked":"Infinite Blades","floor":1.0},{"not_picked":["PiercingWail","Backflip"],"picked":"Slice","floor":2.0},{"not_picked":["Crippling Poison","Distraction"],"picked":"Dagger Spray","floor":3.0},{"not_picked":["Terror","Outmaneuver"],"picked":"Footwork","floor":5.0},{"not_picked":["Acrobatics","Distraction"],"picked":"Accuracy","floor":6.0},{"not_picked":["All Out Attack","Choke"],"picked":"Adrenaline","floor":7.0},{"not_picked":["Prepared","Slice"],"picked":"Predator","floor":11.0},{"not_picked":["Envenom","Doppelganger"],"picked":"Tools of the Trade","floor":16.0},{"not_picked":["Sucker Punch","Catalyst"],"picked":"Flechettes","floor":18},{"not_picked":["Bane","Sucker Punch"],"picked":"Tools of the Trade","floor":27},{"not_picked":["Bullet Time","Tools of the Trade"],"picked":"Tactician","floor":33},{"not_picked":["Prepared","Slice"],"picked":"Accuracy","floor":35},{"not_picked":["Bane","Dagger Throw"],"picked":"Deadly Poison","floor":36},{"not_picked":["Deflect","Leg Sweep"],"picked":"Malaise","floor":37},{"not_picked":["Dark Shackles","Secret Weapon"],"picked":"Flash of Steel","floor":38},{"not_picked":["Trip","Purity"],"picked":"Master of Strategy","floor":38}],"player_experience":394586,"potions_floor_usage":[18],"damage_taken":[{"damage":0.0,"enemies":"Cultist","floor":1.0,"turns":4.0},{"damage":0.0,"enemies":"2 Louse","floor":2.0,"turns":3.0},{"damage":5.0,"enemies":"Jaw Worm","floor":3.0,"turns":4.0},{"damage":10.0,"enemies":"Large Slime","floor":5.0,"turns":6.0},{"damage":12.0,"enemies":"Lagavulin","floor":6.0,"turns":8.0},{"damage":6.0,"enemies":"Blue Slaver","floor":7.0,"turns":5.0},{"damage":31.0,"enemies":"Gremlin Nob","floor":8.0,"turns":5.0},{"damage":10.0,"enemies":"3 Sentries","floor":11.0,"turns":5.0},{"damage":28.0,"enemies":"Slime Boss","floor":16.0,"turns":10.0},{"damage":0,"enemies":"Spheric Guardian","floor":18,"turns":5},{"damage":15,"enemies":"Gremlin Leader","floor":24,"turns":8},{"damage":65,"enemies":"Slavers","floor":27,"turns":5},{"damage":1,"enemies":"Shell Parasite","floor":30,"turns":5},{"damage":5,"enemies":"Collector","floor":33,"turns":12},{"damage":12,"enemies":"3 Shapes","floor":35,"turns":6},{"damage":24,"enemies":"3 Darklings","floor":36,"turns":4},{"damage":22,"enemies":"4 Shapes","floor":37,"turns":7},{"damage":48,"enemies":"2 Orb Walkers","floor":41,"turns":2}],"event_choices":[{"event_name":"Golden Idol","player_choice":"Ignored","floor":14.0,"damage_taken":0.0},{"event_name":"Back to Basics","player_choice":"Elegance","floor":19,"damage_taken":0},{"event_name":"Forgotten Altar","player_choice":"Shed Blood","floor":21,"damage_taken":0},{"event_name":"Drug Dealer","player_choice":"Ignored","floor":22,"damage_taken":0},{"event_name":"Cursed Tome","player_choice":"Ignored","floor":28,"damage_taken":0},{"event_name":"SensoryStone","player_choice":"Memory 2","floor":38,"damage_taken":0},{"event_name":"Mysterious Sphere","player_choice":"Ignore","floor":39,"damage_taken":0}],"boss_relics":[{"not_picked":["Eternal Feather","Calling Bell"],"picked":"Sozu"},{"not_picked":["Tiny House","Velvet Choker"],"picked":"Philosopher\u0027s Stone"}],"potions_floor_spawned":[2,3,7,8,30,33,35],"seed_played":"-2910443204776644297","killed_by":"2 Orb Walkers","ascension_level":13,"is_trial":false}