{"gold_per_floor":[111,138,74,91,111,139,157,190,236,271,283,314,326,338,350,461,473,496,520,547,559,585,597,640,41,64,64,15,15],"floor_reached":29,"playtime":1279,"items_purged":["Strike_B"],"score":389,"play_id":"2ae4fe1c-0b28-46fa-8d18-53cc384e776b","local_time":"20190131203259","is_ascension_mode":true,"campfire_choices":[{"floor":13.0,"key":"REST"},{"data":"Zap","floor":15.0,"key":"SMITH"},{"data":"Recycle","floor":23.0,"key":"SMITH"}],"neow_cost":"NONE","seed_source_timestamp":662574754552587,"circlet_count":0,"master_deck":["Strike_B","Strike_B+1","Defend_B","Defend_B","Defend_B","Defend_B","Zap+1","Dualcast+1","Rip and Tear","FTL","Cold Snap","Recycle+1","Steam","Rainbow","Hologram","Leap","All For One","Gash","Conserve Battery+1","Auto Shields","White Noise","Steam","Scrape","Steam"],"special_seed":0,"relics":["Cracked Core","Lantern","Singing Bowl","Happy Flower","Dream Catcher","Vajra","MawBank","Inserter","Darkstone Periapt","MealTicket","Symbiotic Virus","Bag of Preparation"],"potions_floor_usage":[29],"damage_taken":[{"damage":1.0,"enemies":"Cultist","floor":1.0,"turns":3.0},{"damage":4.0,"enemies":"Jaw Worm","floor":4.0,"turns":3.0},{"damage":0.0,"enemies":"Small Slimes","floor":5.0,"turns":2.0},{"damage":6.0,"enemies":"Gremlin Nob","floor":6.0,"turns":3.0},{"damage":7.0,"enemies":"2 Fungi Beasts","floor":7.0,"turns":2.0},{"damage":0.0,"enemies":"3 Sentries","floor":8.0,"turns":4.0},{"damage":29.0,"enemies":"Gremlin Nob","floor":10.0,"turns":4.0},{"damage":12.0,"enemies":"Exordium Thugs","floor":12.0,"turns":4.0},{"damage":11.0,"enemies":"The Guardian","floor":16.0,"turns":10.0},{"damage":0.0,"enemies":"Spheric Guardian","floor":18.0,"turns":3.0},{"damage":10.0,"enemies":"3 Byrds","floor":19.0,"turns":4.0},{"damage":13.0,"enemies":"Sentry and Sphere","floor":20.0,"turns":5.0},{"damage":0.0,"enemies":"3 Cultists","floor":22.0,"turns":5.0},{"damage":30.0,"enemies":"Book of Stabbing","floor":24.0,"turns":6.0},{"damage":18,"enemies":"Slavers","floor":29,"turns":2}],"seed_played":"-7884348748906792263","potions_obtained":[{"floor":4.0,"key":"AttackPotion"},{"floor":7.0,"key":"AttackPotion"},{"floor":10.0,"key":"SpeedPotion"},{"floor":12.0,"key":"SkillPotion"},{"floor":16.0,"key":"Weak Potion"},{"floor":20.0,"key":"Strength Potion"}],"is_trial":false,"path_per_floor":["M","T","?","M","M","E","M","E","T","E","?","M","R","?","R","B",null,"M","M","M","?","M","R","E","$","T","T","$","E"],"character_chosen":"DEFECT","items_purchased":["Scrape","MealTicket","Symbiotic Virus","Steam","SpeedPotion"],"campfire_rested":1,"item_purchase_floors":[25,25,25,25,28],"current_hp_per_floor":[74,74,74,70,70,64,57,57,57,30,13,1,26,26,26,15,67,67,57,44,44,44,44,14,14,14,14,14,0],"gold":15,"neow_bonus":"TEN_PERCENT_HP_BONUS","is_prod":false,"is_daily":false,"chose_seed":false,"campfire_upgraded":2,"win_rate":0,"timestamp":1548984779,"path_taken":["M","?","?","?","M","E","M","E","T","E","?","M","R","?","R","BOSS","M","M","M","?","M","R","E","$","T","?","?","E"],"build_version":"2019-01-23","purchased_purges":1,"victory":false,"max_hp_per_floor":[82,82,82,82,82,82,82,82,82,84,84,84,84,84,84,84,84,84,84,84,84,84,84,84,84,84,84,84,84],"card_choices":[{"not_picked":["Coolheaded","Ball Lightning"],"picked":"Rip and Tear","floor":1.0},{"not_picked":["Streamline","Reprogram"],"picked":"FTL","floor":4.0},{"not_picked":["Storm","Rebound"],"picked":"Cold Snap","floor":5.0},{"not_picked":["Steam Power","Barrage"],"picked":"Recycle","floor":6.0},{"not_picked":["Cold Snap","Sunder"],"picked":"Steam","floor":7.0},{"not_picked":["Sweeping Beam","Darkness"],"picked":"Rainbow","floor":8.0},{"not_picked":["Barrage","Redo","Gash"],"picked":"Singing Bowl","floor":10.0},{"not_picked":["Doom and Gloom","Force Field"],"picked":"Hologram","floor":12.0},{"not_picked":["White Noise","Aggregate"],"picked":"Leap","floor":13.0},{"not_picked":["Electrodynamics","Buffer"],"picked":"All For One","floor":16.0},{"not_picked":["Conserve Battery","Turbo"],"picked":"Gash","floor":18.0},{"not_picked":["Redo","Force Field"],"picked":"Conserve Battery+1","floor":19.0},{"not_picked":["Sweeping Beam","Redo"],"picked":"Auto Shields","floor":20.0},{"not_picked":["Auto Shields","Streamline"],"picked":"White Noise","floor":22.0},{"not_picked":["Multi-Cast","Leap"],"picked":"Steam","floor":24.0}],"player_experience":287123,"relics_obtained":[{"floor":2.0,"key":"Lantern"},{"floor":6.0,"key":"Happy Flower"},{"floor":8.0,"key":"Dream Catcher"},{"floor":9.0,"key":"Vajra"},{"floor":10.0,"key":"MawBank"},{"floor":24.0,"key":"Darkstone Periapt"},{"floor":26.0,"key":"Bag of Preparation"}],"event_choices":[{"damage_healed":0.0,"max_hp_gain":0.0,"max_hp_loss":0.0,"gold_gain":0.0,"event_name":"WeMeetAgain","player_choice":"Paid Gold","floor":3.0,"gold_loss":64.0,"damage_taken":0.0,"relics_obtained":["Singing Bowl"]},{"damage_healed":0.0,"max_hp_gain":0.0,"max_hp_loss":0.0,"gold_gain":0.0,"event_name":"Shining Light","player_choice":"Entered Light","floor":11.0,"gold_loss":0.0,"damage_taken":17.0,"cards_upgraded":["Dualcast","Strike_B"]},{"cards_removed":["Strike_B"],"damage_healed":0.0,"max_hp_gain":0.0,"max_hp_loss":0.0,"gold_gain":0.0,"event_name":"Purifier","player_choice":"Purged","floor":14.0,"gold_loss":0.0,"damage_taken":0.0},{"damage_healed":0.0,"max_hp_gain":0.0,"max_hp_loss":0.0,"gold_gain":0.0,"event_name":"Ghosts","player_choice":"Ignored","floor":21.0,"gold_loss":0.0,"damage_taken":0.0}],"is_beta":false,"boss_relics":[{"not_picked":["White Beast Statue","Pandora\u0027s Box"],"picked":"Inserter"}],"items_purged_floors":[25],"is_endless":false,"potions_floor_spawned":[4,7,10,12,16,19,20],"killed_by":"Slavers","ascension_level":7}