{"gold_per_floor":[113,133,133,58,69,98,98,115,115,141,157,157,188,208,208,287,287,302,318,336,355,370,398,398,426,452,452,479,492,492,521,521,521],"floor_reached":33,"playtime":1723,"items_purged":[],"score":808,"play_id":"885c73bd-14b7-4bce-92a6-ef45cbf08243","local_time":"20190219190603","is_ascension_mode":true,"campfire_choices":[{"data":"Dagger Spray","floor":7.0,"key":"SMITH"},{"data":"Backstab","floor":12.0,"key":"SMITH"},{"data":"Well Laid Plans","floor":15.0,"key":"SMITH"},{"data":"Backflip","floor":24.0,"key":"SMITH"},{"data":"Backflip","floor":30.0,"key":"SMITH"},{"data":"Phantasmal Killer","floor":32.0,"key":"SMITH"}],"neow_cost":"NONE","seed_source_timestamp":158991392348438,"circlet_count":0,"master_deck":["AscendersBane","Defend_G","Defend_G","Defend_G","Defend_G","Defend_G","Strike_G","Strike_G","Strike_G","Strike_G+1","Survivor","Neutralize","Predator","All Out Attack","Dagger Spray+1","Riddle With Holes","Sucker Punch+1","Backstab+1","Acrobatics","Well Laid Plans+1","Bullet Time","Tools of the Trade","Sucker Punch+1","Escape Plan","Expertise","Deadly Poison+1","Backflip+1","Backflip+1","Corpse Explosion","Escape Plan+1","Prepared+1","Phantasmal Killer+1"],"special_seed":0,"relics":["Philosopher\u0027s Stone","Bag of Preparation","Matryoshka","Incense Burner","Boot","Coffee Dripper","Bronze Scales","Orichalcum","Regal Pillow","Whetstone","Vajra","Snake Skull"],"potions_floor_usage":[33],"damage_taken":[{"damage":6.0,"enemies":"2 Louse","floor":1.0,"turns":2.0},{"damage":2.0,"enemies":"Small Slimes","floor":2.0,"turns":4.0},{"damage":0.0,"enemies":"Cultist","floor":5.0,"turns":3.0},{"damage":20.0,"enemies":"Gremlin Nob","floor":6.0,"turns":4.0},{"damage":2.0,"enemies":"Looter","floor":8.0,"turns":2.0},{"damage":0.0,"enemies":"3 Sentries","floor":10.0,"turns":3.0},{"damage":0.0,"enemies":"Exordium Thugs","floor":11.0,"turns":4.0},{"damage":2.0,"enemies":"Lagavulin","floor":13.0,"turns":5.0},{"damage":0.0,"enemies":"Large Slime","floor":14.0,"turns":3.0},{"damage":0.0,"enemies":"Slime Boss","floor":16.0,"turns":7.0},{"damage":0.0,"enemies":"Chosen","floor":18.0,"turns":3.0},{"damage":2.0,"enemies":"Shell Parasite","floor":19.0,"turns":3.0},{"damage":8.0,"enemies":"Centurion and Healer","floor":20.0,"turns":5.0},{"damage":1.0,"enemies":"Snecko","floor":21.0,"turns":4.0},{"damage":5.0,"enemies":"Chosen and Byrds","floor":22.0,"turns":4.0},{"damage":9.0,"enemies":"Slavers","floor":23.0,"turns":4.0},{"damage":17.0,"enemies":"Book of Stabbing","floor":25.0,"turns":5.0},{"damage":0.0,"enemies":"Slavers","floor":28.0,"turns":3.0},{"damage":0.0,"enemies":"Shelled Parasite and Fungi","floor":29.0,"turns":5.0},{"damage":7.0,"enemies":"Book of Stabbing","floor":31.0,"turns":3.0},{"damage":39,"enemies":"Automaton","floor":33,"turns":6}],"seed_played":"-812303935688324359","potions_obtained":[{"floor":1.0,"key":"SpeedPotion"},{"floor":5.0,"key":"SpeedPotion"},{"floor":8.0,"key":"Strength Potion"},{"floor":13.0,"key":"Explosive Potion"},{"floor":21.0,"key":"AttackPotion"},{"floor":23.0,"key":"Block Potion"},{"floor":31.0,"key":"Fire Potion"}],"is_trial":false,"path_per_floor":["M","M","?","?","M","E","R","M","T","E","M","R","E","M","R","B",null,"M","M","M","M","M","E","R","E","T","?","E","M","R","E","R","B"],"character_chosen":"THE_SILENT","items_purchased":[],"campfire_rested":0,"item_purchase_floors":[],"current_hp_per_floor":[53,51,51,51,51,31,31,29,29,29,29,29,27,27,27,27,56,56,54,46,45,40,31,31,14,14,14,14,14,14,7,7,0],"gold":521,"neow_bonus":"BOSS_RELIC","is_prod":false,"is_daily":false,"chose_seed":false,"campfire_upgraded":6,"win_rate":0,"timestamp":1550621163,"path_taken":["M","M","?","?","M","E","R","M","T","E","M","R","E","M","R","BOSS","M","M","M","M","M","E","R","E","T","?","E","M","R","E","R","BOSS"],"build_version":"2019-01-23","purchased_purges":0,"victory":false,"max_hp_per_floor":[66,66,66,66,66,66,66,66,66,66,66,66,66,66,66,66,66,66,66,66,66,66,66,66,66,66,66,66,66,66,66,66,66],"card_choices":[{"not_picked":["Quick Slash","Outmaneuver"],"picked":"Predator","floor":1.0},{"not_picked":["Predator","Heel Hook"],"picked":"All Out Attack","floor":2.0},{"not_picked":["Expertise","Tactician"],"picked":"Dagger Spray","floor":5.0},{"not_picked":["Blade Dance","Eviscerate"],"picked":"Riddle With Holes","floor":6.0},{"not_picked":["PiercingWail","Prepared"],"picked":"Sucker Punch","floor":8.0},{"not_picked":["Well Laid Plans","Flechettes"],"picked":"Backstab","floor":10.0},{"not_picked":["Prepared","Poisoned Stab"],"picked":"Acrobatics","floor":11.0},{"not_picked":["Sucker Punch","Tactician"],"picked":"Well Laid Plans","floor":13.0},{"not_picked":["Acrobatics","Bane"],"picked":"Bullet Time","floor":14.0},{"not_picked":["Unload","Venomology"],"picked":"Tools of the Trade","floor":16.0},{"not_picked":["Heel Hook","Dagger Throw"],"picked":"Sucker Punch+1","floor":18.0},{"not_picked":["Riddle With Holes","Blade Dance"],"picked":"Escape Plan","floor":19.0},{"not_picked":["Masterful Stab","Dash"],"picked":"Expertise","floor":20.0},{"not_picked":["Sucker Punch","Reflex"],"picked":"Deadly Poison+1","floor":21.0},{"not_picked":["Deadly Poison","Concentrate"],"picked":"Backflip","floor":22.0},{"not_picked":["Deadly Poison","Expertise"],"picked":"Backflip","floor":23.0},{"not_picked":["Prepared","Predator"],"picked":"Corpse Explosion","floor":25.0},{"not_picked":["Underhanded Strike","Eviscerate"],"picked":"Escape Plan+1","floor":28.0},{"not_picked":["Tactician","Dodge and Roll"],"picked":"Prepared+1","floor":29.0},{"not_picked":["Flying Knee","Deflect"],"picked":"Phantasmal Killer","floor":31.0}],"player_experience":505536,"relics_obtained":[{"floor":6.0,"key":"Bag of Preparation"},{"floor":9.0,"key":"Matryoshka"},{"floor":10.0,"key":"Incense Burner"},{"floor":13.0,"key":"Boot"},{"floor":23.0,"key":"Bronze Scales"},{"floor":25.0,"key":"Orichalcum"},{"floor":26.0,"key":"Regal Pillow"},{"floor":26.0,"key":"Whetstone"},{"floor":28.0,"key":"Vajra"},{"floor":31.0,"key":"Snake Skull"}],"event_choices":[{"damage_healed":0.0,"max_hp_gain":0.0,"max_hp_loss":0.0,"gold_gain":0.0,"event_name":"Liars Game","player_choice":"Ignored","floor":3.0,"gold_loss":0.0,"damage_taken":0.0},{"cards_removed":["Strike_G"],"damage_healed":0.0,"max_hp_gain":0.0,"max_hp_loss":0.0,"gold_gain":0.0,"event_name":"The Cleric","player_choice":"Card Removal","floor":4.0,"gold_loss":75.0,"damage_taken":0.0},{"damage_healed":0.0,"max_hp_gain":0.0,"max_hp_loss":0.0,"gold_gain":0.0,"event_name":"The Mausoleum","player_choice":"Ignored","floor":27.0,"gold_loss":0.0,"damage_taken":0.0}],"is_beta":false,"boss_relics":[{"not_picked":["Orrery","White Beast Statue"],"picked":"Coffee Dripper"}],"items_purged_floors":[],"is_endless":false,"potions_floor_spawned":[1,5,8,13,19,21,23,31],"killed_by":"Automaton","ascension_level":16}