{"gold_per_floor":[115,132,132,132,28,61,61,78,149,163,33,33,66,86,86,159,159,159,39,39,39,39,39,39,39,39,39,2,2,2,2,2,2,2,2,2,2,2,2,2,2,2,2,2,2,2,2,2,2,2],"floor_reached":50,"playtime":2261,"items_purged":["Pain"],"score":954,"play_id":"89e2f9f7-6ad2-40a8-aa4e-d3d9bea22dd9","local_time":"20181110125500","is_ascension_mode":true,"campfire_choices":[{"floor":7.0,"key":"REST"},{"data":"Defragment","floor":12.0,"key":"SMITH"},{"floor":15.0,"key":"REST"},{"floor":23.0,"key":"REST"},{"floor":25.0,"key":"REST"},{"data":"Creative AI","floor":27.0,"key":"SMITH"},{"data":"Loop","floor":29.0,"key":"SMITH"},{"floor":32.0,"key":"REST"},{"data":"Loop","floor":40.0,"key":"SMITH"},{"floor":44.0,"key":"REST"},{"floor":46.0,"key":"REST"},{"floor":49.0,"key":"REST"}],"neow_cost":"NONE","seed_source_timestamp":0,"circlet_count":0,"master_deck":["AscendersBane","Zap","Dualcast+1","Coolheaded","Conserve Battery","Coolheaded","Defragment+1","Glacier","Creative AI+1","Echo Form","Reinforced Body","Conserve Battery","Glacier","Loop+1","Force Field+1","Reboot","Force Field","Doom and Gloom","Leap","Leap","Skim","Coolheaded","Loop+1","BootSequence"],"special_seed":0,"relics":["Cracked Core","WarpedTongs","Whetstone","Mummified Hand","Boot","Ectoplasm","SsserpentHead","Cables","Pandora\u0027s Box","Old Coin","Omamori","Bottled Tornado"],"potions_floor_usage":[],"damage_taken":[{"damage":1.0,"enemies":"2 Louse","floor":1.0,"turns":2.0},{"damage":7.0,"enemies":"Small Slimes","floor":2.0,"turns":3.0},{"damage":22.0,"enemies":"3 Sentries","floor":6.0,"turns":13.0},{"damage":0.0,"enemies":"Cultist","floor":8.0,"turns":3.0},{"damage":4.0,"enemies":"3 Louse","floor":10.0,"turns":3.0},{"damage":0.0,"enemies":"Lagavulin","floor":13.0,"turns":7.0},{"damage":3.0,"enemies":"Exordium Thugs","floor":14.0,"turns":4.0},{"damage":23.0,"enemies":"The Guardian","floor":16.0,"turns":11.0},{"damage":18.0,"enemies":"Spheric Guardian","floor":18.0,"turns":4.0},{"damage":13.0,"enemies":"2 Thieves","floor":19.0,"turns":5.0},{"damage":17.0,"enemies":"Centurion and Healer","floor":21.0,"turns":10.0},{"damage":0.0,"enemies":"Snecko","floor":22.0,"turns":6.0},{"damage":9.0,"enemies":"3 Cultists","floor":24.0,"turns":7.0},{"damage":9.0,"enemies":"Snake Plant","floor":31.0,"turns":5.0},{"damage":1.0,"enemies":"Champ","floor":33.0,"turns":9.0},{"damage":0.0,"enemies":"Orb Walker","floor":35.0,"turns":4.0},{"damage":0.0,"enemies":"Mind Bloom Boss Battle","floor":38.0,"turns":8.0},{"damage":39.0,"enemies":"3 Darklings","floor":41.0,"turns":6.0},{"damage":18.0,"enemies":"Jaw Worm Horde","floor":42.0,"turns":4.0},{"damage":0.0,"enemies":"Maw","floor":47.0,"turns":9.0},{"damage":0.0,"enemies":"Writhing Mass","floor":48.0,"turns":5.0},{"damage":100,"enemies":"Awakened One","floor":50,"turns":8}],"seed_played":"2709528316990984169","potions_obtained":[{"floor":1.0,"key":"Poison Potion"},{"floor":2.0,"key":"Regen Potion"},{"floor":13.0,"key":"Weak Potion"},{"floor":16.0,"key":"Poison Potion"},{"floor":18.0,"key":"Block Potion"},{"floor":19.0,"key":"Fire Potion"},{"floor":31.0,"key":"Block Potion"},{"floor":33.0,"key":"Fire Potion"},{"floor":41.0,"key":"EssenceOfSteel"},{"floor":42.0,"key":"Poison Potion"}],"is_trial":false,"path_per_floor":["M","M","?","?","$","E","R","M","T","M","$","R","E","M","R","B",null,"M","M","?","M","M","R","M","R","T","R","$","R","$","M","R","B",null,"M","?","$","?","?","R","M","M","T","R","T","R","M","M","R","B"],"character_chosen":"DEFECT","items_purchased":["Coolheaded","Defragment","Glacier","Loop"],"campfire_rested":8,"item_purchase_floors":[5,11,11,28],"current_hp_per_floor":[70,63,40,40,40,33,56,56,56,52,52,52,52,49,72,49,71,53,40,40,23,23,46,37,60,60,60,60,60,60,51,74,73,77,77,77,77,77,74,74,35,17,17,39,39,61,61,61,74,0],"gold":2,"neow_bonus":"TEN_PERCENT_HP_BONUS","is_prod":false,"is_daily":false,"chose_seed":false,"campfire_upgraded":4,"win_rate":0,"timestamp":1541883300,"path_taken":["M","M","?","?","$","E","R","M","T","M","$","R","E","M","R","BOSS","M","?","?","M","M","R","M","R","T","R","$","R","?","M","R","BOSS","M","?","?","?","?","R","?","M","T","R","?","R","M","?","R","BOSS"],"build_version":"2018-11-08","purchased_purges":1,"victory":false,"max_hp_per_floor":[78,78,78,78,78,78,78,78,78,78,78,78,78,78,78,78,78,78,78,78,78,78,78,78,78,78,78,78,78,78,78,78,78,78,78,78,78,78,74,74,74,74,74,74,74,74,74,74,74,74],"card_choices":[{"not_picked":["Aggregate","Tempest"],"picked":"Coolheaded","floor":1.0},{"not_picked":["Coolheaded","Redo"],"picked":"Conserve Battery","floor":2.0},{"not_picked":["Leap","Stack","Hologram"],"picked":"SKIP","floor":6.0},{"not_picked":["Stack","Streamline","Scrape"],"picked":"SKIP","floor":8.0},{"not_picked":["Skim","Hologram","Sweeping Beam"],"picked":"SKIP","floor":10.0},{"not_picked":["Compile Driver","Force Field","Gash"],"picked":"SKIP","floor":13.0},{"not_picked":["Steam","Rebound"],"picked":"Creative AI","floor":14.0},{"not_picked":["Rainbow","All For One"],"picked":"Echo Form","floor":16.0},{"not_picked":["Darkness","Sunder","Turbo"],"picked":"SKIP","floor":18.0},{"not_picked":["Coolheaded","Chaos","Barrage"],"picked":"SKIP","floor":19.0},{"not_picked":["Force Field","Turbo"],"picked":"Reinforced Body","floor":21.0},{"not_picked":["Coolheaded","Sweeping Beam"],"picked":"Conserve Battery","floor":22.0},{"not_picked":["Coolheaded","Meteor Strike"],"picked":"Glacier","floor":24.0},{"not_picked":["Hologram","FTL"],"picked":"Force Field+1","floor":31.0},{"not_picked":["Amplify","Thunder Strike"],"picked":"Reboot","floor":33.0},{"not_picked":["Sunder","Reprogram"],"picked":"BootSequence","floor":35.0},{"not_picked":["Sweeping Beam","Aggregate","Auto Shields"],"picked":"SKIP","floor":41.0},{"not_picked":["Ball Lightning+1","Compile Driver+1","Rebound"],"picked":"SKIP","floor":42.0},{"not_picked":["Barrage+1","Compile Driver","Scrape"],"picked":"SKIP","floor":47.0},{"not_picked":["Rebound","Conserve Battery","Compile Driver"],"picked":"SKIP","floor":48.0}],"player_experience":630611,"relics_obtained":[{"floor":6.0,"key":"Whetstone"},{"floor":9.0,"key":"Mummified Hand"},{"floor":13.0,"key":"Boot"},{"floor":26.0,"key":"Cables"},{"floor":38.0,"key":"Old Coin"},{"floor":43.0,"key":"Omamori"},{"floor":45.0,"key":"Bottled Tornado"}],"event_choices":[{"damage_healed":0.0,"max_hp_gain":0.0,"max_hp_loss":0.0,"gold_gain":0.0,"event_name":"Shining Light","player_choice":"Entered Light","floor":3.0,"gold_loss":0.0,"damage_taken":23.0,"cards_upgraded":["Dualcast","Strike_B"]},{"damage_healed":0.0,"max_hp_gain":0.0,"max_hp_loss":0.0,"gold_gain":0.0,"event_name":"Accursed Blacksmith","player_choice":"Rummage","floor":4.0,"gold_loss":0.0,"damage_taken":0.0,"relics_obtained":["WarpedTongs"],"cards_obtained":["Pain"]},{"damage_healed":0.0,"max_hp_gain":0.0,"max_hp_loss":0.0,"gold_gain":0.0,"event_name":"FaceTrader","player_choice":"Trade","floor":20.0,"gold_loss":0.0,"damage_taken":0.0,"relics_obtained":["SsserpentHead"]},{"cards_removed":["Darkness"],"damage_healed":0.0,"max_hp_gain":0.0,"max_hp_loss":0.0,"gold_gain":0.0,"event_name":"Purifier","player_choice":"Purged","floor":36.0,"gold_loss":0.0,"damage_taken":0.0},{"damage_healed":0.0,"max_hp_gain":0.0,"max_hp_loss":0.0,"gold_gain":0.0,"event_name":"MindBloom","player_choice":"Fight","floor":38.0,"gold_loss":0.0,"damage_taken":0.0},{"damage_healed":0.0,"max_hp_gain":0.0,"max_hp_loss":4.0,"gold_gain":0.0,"event_name":"Winding Halls","player_choice":"Max HP","floor":39.0,"gold_loss":0.0,"damage_taken":0.0}],"is_beta":false,"boss_relics":[{"not_picked":["Astrolabe","Runic Dome"],"picked":"Ectoplasm"},{"not_picked":["Eternal Feather","Lizard Tail"],"picked":"Pandora\u0027s Box"}],"items_purged_floors":[5],"is_endless":false,"potions_floor_spawned":[1,2,13,16,18,19,31,33,41,42,47],"killed_by":"Awakened One","ascension_level":20}