{"gold_per_floor":[109,109,126,126,138,150,184,184,184,149,168,178,178,210,210,307,357,377,108,124,140,239,239],"floor_reached":23,"playtime":1128,"items_purged":["Regret"],"score":284,"play_id":"53b067e4-ea19-43fb-835e-0dcfcc4a5de7","local_time":"20190216113444","is_ascension_mode":true,"campfire_choices":[{"floor":13,"key":"REST"},{"floor":15,"key":"REST"}],"neow_cost":"NONE","seed_source_timestamp":145564276740059,"circlet_count":0,"master_deck":["Strike_R","Strike_R","Strike_R","Strike_R","Strike_R","Defend_R+1","Defend_R","Defend_R","Defend_R","Bash","Carnage","Intimidate","Warcry","Shrug It Off","Battle Trance","Cleave","Headbutt","Cleave","Demon Form","Flame Barrier","Flex+1","Apotheosis"],"relics":["Burning Blood","Anchor","Sundial","Meat on the Bone","Singing Bowl","Question Card","Shuriken","Tiny House"],"potions_floor_usage":[7,21,23],"damage_taken":[{"damage":0,"enemies":"Small Slimes","floor":1,"turns":3},{"damage":13,"enemies":"Jaw Worm","floor":3,"turns":4},{"damage":1,"enemies":"Cultist","floor":5,"turns":3},{"damage":1,"enemies":"2 Fungi Beasts","floor":6,"turns":3},{"damage":62,"enemies":"Lagavulin","floor":7,"turns":8},{"damage":19,"enemies":"Large Slime","floor":11,"turns":5},{"damage":29,"enemies":"Gremlin Gang","floor":12,"turns":5},{"damage":24,"enemies":"3 Sentries","floor":14,"turns":7},{"damage":35,"enemies":"Slime Boss","floor":16,"turns":9},{"damage":48,"enemies":"Spheric Guardian","floor":18,"turns":6},{"damage":2,"enemies":"Chosen","floor":20,"turns":6},{"damage":25,"enemies":"Centurion and Healer","floor":21,"turns":8},{"damage":54,"enemies":"Gremlin Leader","floor":23,"turns":7}],"seed_played":"6355498896597107407","potions_obtained":[{"floor":3,"key":"Weak Potion"},{"floor":12,"key":"Weak Potion"},{"floor":14,"key":"Dexterity Potion"},{"floor":17,"key":"Poison Potion"}],"is_trial":false,"path_per_floor":["M","?","M","?","M","M","E","?","T","?","M","M","R","E","R","B",null,"M","$","M","M","?","E"],"character_chosen":"IRONCLAD","items_purchased":["Apotheosis"],"campfire_rested":2,"item_purchase_floors":[19],"current_hp_per_floor":[78,78,71,53,58,63,19,19,19,39,38,27,51,45,69,52,78,48,48,54,49,49,0],"gold":239,"neow_bonus":"RANDOM_COMMON_RELIC","is_prod":false,"is_daily":false,"chose_seed":false,"campfire_upgraded":0,"win_rate":0,"timestamp":1550334884,"path_taken":["M","?","M","?","M","M","E","?","T","?","M","?","R","E","R","BOSS","M","$","M","?","?","E"],"build_version":"2019-01-23","purchased_purges":1,"victory":false,"max_hp_per_floor":[80,80,80,80,80,80,80,80,80,80,80,80,80,80,80,80,85,85,85,87,89,89,89],"card_choices":[{"not_picked":["Twin Strike","Whirlwind"],"picked":"Carnage","floor":1},{"not_picked":["Metallicize","Bloodletting"],"picked":"Intimidate","floor":3},{"not_picked":["Perfected Strike","Sword Boomerang"],"picked":"Warcry","floor":5},{"not_picked":["Spot Weakness","Armaments"],"picked":"Shrug It Off","floor":6},{"not_picked":["Perfected Strike","Dropkick"],"picked":"Battle Trance","floor":7},{"not_picked":["Blood for Blood","Body Slam","Entrench"],"picked":"Cleave","floor":11},{"not_picked":["Armaments","Fiend Fire","Whirlwind"],"picked":"Headbutt","floor":12},{"not_picked":["Shockwave","Clash","Iron Wave"],"picked":"Cleave","floor":14},{"not_picked":["Reaper","Dark Embrace","Brutality"],"picked":"Demon Form","floor":16},{"not_picked":["True Grit","Inflame","Rage"],"picked":"Flame Barrier","floor":17},{"not_picked":["Heavy Blade+1","Reckless Charge","Shrug It Off"],"picked":"Flex+1","floor":18},{"not_picked":["Fire Breathing","Clothesline","Pummel","Sever Soul"],"picked":"Singing Bowl","floor":20},{"not_picked":["Pommel Strike","Havoc","Sword Boomerang+1","Anger"],"picked":"Singing Bowl","floor":21}],"player_experience":188874,"relics_obtained":[{"floor":7,"key":"Singing Bowl"},{"floor":9,"key":"Question Card"},{"floor":14,"key":"Shuriken"}],"event_choices":[{"damage_healed":0,"gold_gain":0,"player_choice":"Box","damage_taken":0,"relics_obtained":["Sundial"],"max_hp_gain":0,"max_hp_loss":0,"event_name":"Big Fish","floor":2,"gold_loss":0,"cards_obtained":["Regret"]},{"damage_healed":0,"gold_gain":0,"player_choice":"Success","damage_taken":18,"relics_obtained":["Meat on the Bone"],"max_hp_gain":0,"max_hp_loss":0,"event_name":"Scrap Ooze","floor":4,"gold_loss":0},{"damage_healed":0,"gold_gain":0,"player_choice":"Searched \u00270\u0027 times","damage_taken":0,"max_hp_gain":0,"max_hp_loss":0,"event_name":"Dead Adventurer","floor":8,"gold_loss":0},{"damage_healed":20,"gold_gain":0,"player_choice":"Healed","damage_taken":0,"max_hp_gain":0,"max_hp_loss":0,"event_name":"The Cleric","floor":10,"gold_loss":35},{"damage_healed":0,"gold_gain":99,"player_choice":"Stole From Cult","damage_taken":0,"max_hp_gain":0,"max_hp_loss":0,"event_name":"Nest","floor":22,"gold_loss":0}],"is_beta":false,"boss_relics":[{"not_picked":["Astrolabe","Coffee Dripper"],"picked":"Tiny House"}],"items_purged_floors":[19],"is_endless":false,"potions_floor_spawned":[3,12,14],"killed_by":"Gremlin Leader","ascension_level":8}