{"gold_per_floor":[113,128,143,143,143,161,161,192,192,204,216,236,247,74,74,172,172,183,143,163,183,183,183,209,223,223,94,94,114,114,114,114,219,219,231,81,100,0,0,0,27,27,102,102,14,14,25,36,36,36],"floor_reached":51,"playtime":6950,"items_purged":["Defend_B"],"score":649,"play_id":"9bb4595a-8799-4e9a-885c-4ecd5fb0cdc7","local_time":"20190301214230","is_ascension_mode":false,"campfire_choices":[{"floor":7,"key":"REST"},{"data":"Hello World","floor":15,"key":"SMITH"},{"floor":23,"key":"REST"},{"floor":28,"key":"REST"},{"floor":30,"key":"REST"},{"data":"Redo","floor":32,"key":"SMITH"},{"data":"Fission","floor":40,"key":"SMITH"},{"data":"Dualcast","floor":44,"key":"SMITH"},{"data":"Magnetism","floor":46,"key":"SMITH"},{"data":"Defragment","floor":49,"key":"SMITH"}],"neow_cost":"NONE","seed_source_timestamp":11355788881769,"circlet_count":0,"master_deck":["Strike_B","Strike_B","Strike_B","Defend_B","Defend_B","Defend_B","Zap","Dualcast+1","Conserve Battery","Melter","Compile Driver+1","Melter","Coolheaded+1","Leap","Tempest","Hello World+1","Cold Snap","Rainbow","Tempest+1","Cold Snap","FTL+1","Electrodynamics","Coolheaded+1","Redo+1","Coolheaded+1","Fission+1","Go for the Eyes+1","Conserve Battery+1","Magnetism+1","Sweeping Beam+1","Blind","Defragment+1","Barrage+1"],"relics":["Cracked Core","Matryoshka","Bronze Scales","Thread and Needle","Oddly Smooth Stone","Sozu","Nilry\u0027s Codex","Shuriken","Whetstone","Darkstone Periapt","Nuclear Battery","Anchor","Red Mask","Bag of Preparation","Kunai"],"potions_floor_usage":[],"damage_taken":[{"damage":0,"enemies":"Cultist","floor":1,"turns":3},{"damage":2,"enemies":"Small Slimes","floor":2,"turns":4},{"damage":6,"enemies":"Jaw Worm","floor":3,"turns":3},{"damage":2,"enemies":"Blue Slaver","floor":6,"turns":3},{"damage":13,"enemies":"Lagavulin","floor":8,"turns":7},{"damage":5,"enemies":"Lots of Slimes","floor":10,"turns":4},{"damage":4,"enemies":"Red Slaver","floor":11,"turns":2},{"damage":0,"enemies":"Looter","floor":12,"turns":3},{"damage":0,"enemies":"Blue Slaver","floor":13,"turns":3},{"damage":15,"enemies":"Slime Boss","floor":16,"turns":11},{"damage":0,"enemies":"2 Thieves","floor":18,"turns":4},{"damage":4,"enemies":"Shell Parasite","floor":20,"turns":3},{"damage":0,"enemies":"Snake Plant","floor":21,"turns":3},{"damage":41,"enemies":"Slavers","floor":24,"turns":5},{"damage":0,"enemies":"Snecko","floor":25,"turns":4},{"damage":0,"enemies":"Shelled Parasite and Fungi","floor":29,"turns":3},{"damage":19,"enemies":"Champ","floor":33,"turns":13},{"damage":0,"enemies":"3 Darklings","floor":35,"turns":5},{"damage":5,"enemies":"3 Shapes","floor":37,"turns":3},{"damage":33,"enemies":"Giant Head","floor":41,"turns":11},{"damage":8,"enemies":"Spire Growth","floor":47,"turns":4},{"damage":0,"enemies":"Maw","floor":48,"turns":6},{"damage":6,"enemies":"Awakened One","floor":50,"turns":11}],"seed_played":"8766622829437212809","potions_obtained":[{"floor":3,"key":"Fire Potion"},{"floor":10,"key":"Explosive Potion"},{"floor":12,"key":"SteroidPotion"}],"is_trial":false,"path_per_floor":["M","M","M","?","?","M","R","E","T","M","M","M","M","$","R","B",null,"M","?","M","M","?","R","E","M","T","$","R","M","R","?","R","B",null,"M","$","M","?","?","R","E","?","T","R","$","R","M","M","R","B",null],"character_chosen":"DEFECT","items_purchased":["Oddly Smooth Stone","Cold Snap","Redo","Anchor","Blind"],"campfire_rested":4,"item_purchase_floors":[14,14,27,36,45],"current_hp_per_floor":[82,80,74,74,66,64,82,69,69,64,60,60,60,60,60,45,82,82,82,78,78,62,82,41,41,41,41,65,65,82,82,82,63,82,82,82,77,77,77,77,44,82,82,82,82,82,74,74,74,68],"gold":36,"neow_bonus":"TEN_PERCENT_HP_BONUS","is_prod":false,"is_daily":false,"chose_seed":false,"campfire_upgraded":6,"win_rate":0.0,"timestamp":1551498150,"path_taken":["M","?","M","?","?","?","R","E","T","M","M","?","M","$","R","BOSS","M","?","M","?","?","R","E","M","T","$","R","M","R","?","R","BOSS","M","?","?","?","?","R","E","?","T","R","$","R","M","M","R","BOSS"],"build_version":"2019-01-23","purchased_purges":1,"victory":true,"max_hp_per_floor":[82,82,82,82,82,82,82,82,82,82,82,82,82,82,82,82,82,82,82,82,82,82,82,82,82,82,82,82,82,82,82,82,82,82,82,82,82,82,82,82,82,82,82,82,82,82,82,82,82,82],"card_choices":[{"not_picked":["Capacitor","Chill"],"picked":"Conserve Battery","floor":1},{"not_picked":["Ball Lightning","Loop"],"picked":"Melter","floor":2},{"not_picked":["Leap","Steam"],"picked":"Compile Driver","floor":3},{"not_picked":["Cold Snap","Go for the Eyes"],"picked":"Coolheaded","floor":6},{"not_picked":["Beam Cell","Scrape","Compile Driver"],"picked":"SKIP","floor":8},{"not_picked":["Capacitor","Reinforced Body"],"picked":"Leap","floor":10},{"not_picked":["Genetic Algorithm","Storm","Consume"],"picked":"SKIP","floor":11},{"not_picked":["Sweeping Beam","Compile Driver"],"picked":"Tempest","floor":12},{"not_picked":["Streamline","Genetic Algorithm"],"picked":"Hello World","floor":13},{"not_picked":["Amplify","Biased Cognition"],"picked":"Rainbow","floor":16},{"not_picked":["Leap","Consume"],"picked":"Tempest+1","floor":18},{"not_picked":["Chaos","Hello World"],"picked":"Cold Snap","floor":20},{"not_picked":["Go for the Eyes","Redo"],"picked":"FTL","floor":21},{"not_picked":["Darkness+1","Barrage"],"picked":"Electrodynamics","floor":24},{"not_picked":["Doom and Gloom","Compile Driver"],"picked":"Coolheaded+1","floor":25},{"not_picked":["Streamline","Skim"],"picked":"Coolheaded+1","floor":29},{"not_picked":["Multi-Cast","All For One"],"picked":"Fission","floor":33},{"not_picked":["Steam+1","Coolheaded+1"],"picked":"Go for the Eyes+1","floor":35},{"not_picked":["Hologram","Beam Cell"],"picked":"Conserve Battery+1","floor":37},{"not_picked":["Madness","Purity"],"picked":"Magnetism","floor":39},{"not_picked":["Rip and Tear+1","Streamline+1"],"picked":"Sweeping Beam+1","floor":41},{"not_picked":["Lockon+1","Beam Cell+1"],"picked":"Defragment","floor":47},{"not_picked":["Defragment","Redo"],"picked":"Barrage+1","floor":48}],"player_experience":5591,"relics_obtained":[{"floor":8,"key":"Matryoshka"},{"floor":9,"key":"Bronze Scales"},{"floor":9,"key":"Thread and Needle"},{"floor":22,"key":"Nilry\u0027s Codex"},{"floor":24,"key":"Shuriken"},{"floor":26,"key":"Whetstone"},{"floor":26,"key":"Darkstone Periapt"},{"floor":41,"key":"Bag of Preparation"},{"floor":43,"key":"Kunai"}],"event_choices":[{"damage_healed":0,"gold_gain":0,"cards_transformed":["Strike_B"],"player_choice":"Change","damage_taken":0,"max_hp_gain":0,"max_hp_loss":0,"event_name":"Living Wall","floor":4,"gold_loss":0,"cards_obtained":["Melter"]},{"damage_healed":0,"gold_gain":0,"player_choice":"Damaged","damage_taken":8,"max_hp_gain":0,"max_hp_loss":0,"event_name":"Wheel of Change","floor":5,"gold_loss":0},{"damage_healed":0,"gold_gain":0,"player_choice":"Upgrade","damage_taken":0,"max_hp_gain":0,"max_hp_loss":0,"event_name":"Designer","floor":19,"gold_loss":40,"cards_upgraded":["Coolheaded"]},{"damage_healed":0,"gold_gain":0,"player_choice":"Obtained Book","damage_taken":16,"max_hp_gain":0,"max_hp_loss":0,"event_name":"Cursed Tome","floor":22,"gold_loss":0},{"cards_removed":["Iron Wave"],"damage_healed":0,"gold_gain":0,"player_choice":"Took Card","damage_taken":0,"max_hp_gain":0,"max_hp_loss":0,"event_name":"NoteForYourself","floor":31,"gold_loss":0,"cards_obtained":["Iron Wave"]},{"damage_healed":0,"gold_gain":0,"player_choice":"Paid","damage_taken":0,"relics_obtained":["Red Mask"],"max_hp_gain":0,"max_hp_loss":0,"event_name":"Tomb of Lord Red Mask","floor":38,"gold_loss":100},{"damage_healed":0,"gold_gain":0,"player_choice":"Memory 1","damage_taken":0,"max_hp_gain":0,"max_hp_loss":0,"event_name":"SensoryStone","floor":39,"gold_loss":0},{"damage_healed":38,"gold_gain":0,"player_choice":"Full Heal","damage_taken":0,"max_hp_gain":0,"max_hp_loss":0,"event_name":"Wheel of Change","floor":42,"gold_loss":0}],"is_beta":false,"boss_relics":[{"not_picked":["Calling Bell","Orrery"],"picked":"Sozu"},{"not_picked":["Eternal Feather","Busted Crown"],"picked":"Nuclear Battery"}],"items_purged_floors":[27],"is_endless":false,"potions_floor_spawned":[3,10,12,20,24,33,35,48],"ascension_level":0}