{"gold_per_floor":[117,117,117,132,201,201,232,242,316,316,330,361,411,443,443,516,516,531,371,389,403,414,414,424,364,419,419],"floor_reached":27,"playtime":1195,"items_purged":["Strike_R"],"score":458,"play_id":"c5d6e925-dda2-4953-92b8-d65b8767c7da","local_time":"20190227163834","is_ascension_mode":true,"campfire_choices":[{"data":"Shockwave","floor":6.0,"key":"SMITH"},{"data":"Exhume","floor":10.0,"key":"SMITH"},{"data":"Uppercut","floor":15.0,"key":"SMITH"},{"data":"Corruption","floor":23,"key":"SMITH"}],"neow_cost":"NONE","seed_source_timestamp":323785786636999,"circlet_count":0,"master_deck":["AscendersBane","Strike_R","Strike_R","Strike_R","Defend_R","Defend_R","Defend_R","Defend_R","Bash","Shockwave+1","Sword Boomerang","Clothesline","Rampage","Exhume+1","Uppercut+1","True Grit+1","Demon Form+1","Exhume","Reaper","Power Through","Corruption+1"],"special_seed":0,"relics":["Burning Blood","NeowsBlessing","Du-Vu Doll","SsserpentHead","Smiling Mask","Meat on the Bone","Strawberry","Incense Burner","Black Star","Pen Nib"],"potions_floor_usage":[27,27],"damage_taken":[{"damage":0.0,"enemies":"2 Louse","floor":1.0,"turns":1.0},{"damage":0.0,"enemies":"Cultist","floor":4.0,"turns":1.0},{"damage":0.0,"enemies":"Jaw Worm","floor":5.0,"turns":1.0},{"damage":57.0,"enemies":"3 Sentries","floor":7.0,"turns":7.0},{"damage":9.0,"enemies":"3 Louse","floor":8.0,"turns":4.0},{"damage":2.0,"enemies":"2 Fungi Beasts","floor":11.0,"turns":3.0},{"damage":8.0,"enemies":"Gremlin Nob","floor":12.0,"turns":3.0},{"damage":20.0,"enemies":"Lagavulin","floor":14.0,"turns":7.0},{"damage":36.0,"enemies":"Hexaghost","floor":16.0,"turns":8.0},{"damage":18.0,"enemies":"Spheric Guardian","floor":18.0,"turns":5.0},{"damage":15.0,"enemies":"Chosen","floor":20.0,"turns":5.0},{"damage":30.0,"enemies":"Snecko","floor":21.0,"turns":6.0},{"damage":55,"enemies":"Centurion and Healer","floor":22,"turns":9},{"damage":69,"enemies":"Sentry and Sphere","floor":24,"turns":9},{"damage":45,"enemies":"Slavers","floor":27,"turns":3}],"seed_played":"-6052770317113282582","potions_obtained":[{"floor":4.0,"key":"GamblersBrew"},{"floor":8.0,"key":"Strength Potion"},{"floor":12.0,"key":"Poison Potion"},{"floor":14.0,"key":"Strength Potion"},{"floor":21.0,"key":"FairyPotion"},{"floor":22,"key":"SpeedPotion"}],"is_trial":false,"path_per_floor":["M","?","?","M","M","R","E","M","T","R","M","E","?","E","R","B",null,"M","$","M","M","M","R","M","?","T","E"],"character_chosen":"IRONCLAD","items_purchased":["Fruit Juice"],"campfire_rested":0,"item_purchase_floors":[19],"current_hp_per_floor":[74,63,63,69,75,75,24,21,21,21,37,54,54,52,52,34,70,58,63,54,52,81,81,30,30,30,6],"gold":419,"neow_bonus":"THREE_ENEMY_KILL","is_prod":false,"is_daily":false,"chose_seed":false,"campfire_upgraded":4,"win_rate":0,"timestamp":1551303514,"path_taken":["M","?","?","M","?","R","E","M","T","R","M","E","?","E","R","BOSS","M","$","M","M","M","R","M","?","T","E"],"build_version":"2019-01-23","purchased_purges":1,"victory":false,"max_hp_per_floor":[75,75,75,75,75,75,75,75,75,75,75,82,82,82,82,82,82,82,87,87,87,87,87,87,87,87,87],"card_choices":[{"not_picked":["Twin Strike","Clash"],"picked":"Shockwave","floor":1.0},{"not_picked":["Wild Strike","Heavy Blade"],"picked":"Sword Boomerang","floor":4.0},{"not_picked":["Hemokinesis","Anger"],"picked":"Clothesline","floor":5.0},{"not_picked":["Body Slam","Sword Boomerang"],"picked":"Rampage","floor":7.0},{"not_picked":["Hemokinesis","Perfected Strike"],"picked":"Exhume","floor":8.0},{"not_picked":["Dropkick","Perfected Strike"],"picked":"Uppercut","floor":11.0},{"not_picked":["Warcry","Uppercut"],"picked":"True Grit","floor":12.0},{"not_picked":["Sentinel","Headbutt"],"picked":"Demon Form","floor":14.0},{"not_picked":["Brutality","Barricade"],"picked":"Exhume","floor":16.0},{"not_picked":["Clash+1","Iron Wave","True Grit"],"picked":"SKIP","floor":18.0},{"not_picked":["Intimidate","Perfected Strike"],"picked":"Reaper","floor":20.0},{"not_picked":["Warcry","Rupture"],"picked":"Power Through","floor":21.0},{"not_picked":["Shockwave","Warcry"],"picked":"Corruption","floor":22},{"not_picked":["Rupture","Body Slam","Sever Soul"],"picked":"SKIP","floor":24}],"player_experience":593023,"relics_obtained":[{"floor":7.0,"key":"Smiling Mask"},{"floor":9.0,"key":"Meat on the Bone"},{"floor":12.0,"key":"Strawberry"},{"floor":14.0,"key":"Incense Burner"},{"floor":26,"key":"Pen Nib"}],"event_choices":[{"damage_healed":0.0,"max_hp_gain":0.0,"max_hp_loss":0.0,"gold_gain":0.0,"event_name":"Scrap Ooze","player_choice":"Success","floor":2.0,"gold_loss":0.0,"damage_taken":11.0,"relics_obtained":["Du-Vu Doll"]},{"damage_healed":0.0,"max_hp_gain":0.0,"max_hp_loss":0.0,"gold_gain":0.0,"event_name":"FaceTrader","player_choice":"Trade","floor":3.0,"gold_loss":0.0,"damage_taken":0.0,"relics_obtained":["SsserpentHead"]},{"damage_healed":0.0,"max_hp_gain":0.0,"max_hp_loss":0.0,"gold_gain":0.0,"event_name":"Living Wall","player_choice":"Grow","floor":13.0,"gold_loss":0.0,"damage_taken":0.0,"cards_upgraded":["True Grit"]},{"cards_removed":["Strike_R"],"damage_healed":0,"gold_gain":0,"player_choice":"Upgrade and Remove","damage_taken":0,"max_hp_gain":0,"max_hp_loss":0,"event_name":"Designer","floor":25,"gold_loss":110,"cards_upgraded":["Demon Form"]}],"is_beta":false,"boss_relics":[{"not_picked":["Snecko Eye","Runic Cube"],"picked":"Black Star"}],"items_purged_floors":[19],"is_endless":false,"potions_floor_spawned":[4,8,12,14,21,22],"killed_by":"Slavers","ascension_level":19}