{"gold_per_floor":[113,113,123,143,71,71,48,74,122,139,167,167,197,162,162,261,261,279,295,22,40,54,88,88,105,105,124,134,134,196,211,211,211],"floor_reached":33,"playtime":1464,"items_purged":["Rupture"],"score":351,"play_id":"f00f8525-f097-4df7-86e1-b9e05e1045c6","local_time":"20190121213246","is_ascension_mode":true,"campfire_choices":[{"floor":6,"key":"RECALL"},{"floor":12,"key":"REST"},{"data":"Flex","floor":15,"key":"SMITH"},{"floor":29,"key":"REST"},{"data":"Immolate","floor":32,"key":"SMITH"}],"neow_cost":"NONE","seed_source_timestamp":1115782050219891,"circlet_count":0,"master_deck":["Strike_R","Strike_R","Strike_R","Strike_R","Defend_R","Defend_R","Defend_R","Defend_R","Bash+1","Perfected Strike","Blood for Blood","Clash","Headbutt","Flex+1","Pommel Strike","Power Through","Sword Boomerang","Immolate+1","Anger+1","Infernal Blade","Shrug It Off","Infernal Blade+1","Second Wind","Rage+1","Ghostly Armor","Shame","Dropkick+1","Pommel Strike","Heavy Blade","Perfected Strike+1"],"relics":["Burning Blood","Bag of Marbles","Bag of Preparation","Kunai","Cursed Key","Oddly Smooth Stone","Shuriken","Potion Belt","Tiny Chest"],"potions_floor_usage":[16,33,33],"damage_taken":[{"damage":7,"enemies":"Small Slimes","floor":1,"turns":5},{"damage":6,"enemies":"Jaw Worm","floor":3,"turns":3},{"damage":0,"enemies":"Cultist","floor":4,"turns":3},{"damage":11,"enemies":"Gremlin Nob","floor":8,"turns":3},{"damage":21,"enemies":"Exordium Wildlife","floor":10,"turns":4},{"damage":34,"enemies":"3 Sentries","floor":11,"turns":10},{"damage":16,"enemies":"Gremlin Nob","floor":13,"turns":3},{"damage":64,"enemies":"Hexaghost","floor":16,"turns":8},{"damage":5,"enemies":"Chosen","floor":18,"turns":3},{"damage":12,"enemies":"Shell Parasite","floor":19,"turns":3},{"damage":0,"enemies":"Snake Plant","floor":21,"turns":2},{"damage":12,"enemies":"Sentry and Sphere","floor":22,"turns":4},{"damage":0,"enemies":"Gremlin Leader","floor":23,"turns":3},{"damage":16,"enemies":"Shelled Parasite and Fungi","floor":25,"turns":4},{"damage":18,"enemies":"Centurion and Healer","floor":27,"turns":3},{"damage":10,"enemies":"Chosen and Byrds","floor":28,"turns":3},{"damage":23,"enemies":"Slavers","floor":30,"turns":4},{"damage":8,"enemies":"Snecko","floor":31,"turns":3},{"damage":83,"enemies":"Automaton","floor":33,"turns":6}],"seed_played":"3168160432888637774","potions_obtained":[{"floor":4,"key":"GamblersBrew"},{"floor":8,"key":"FearPotion"},{"floor":11,"key":"EssenceOfSteel"},{"floor":13,"key":"Swift Potion"},{"floor":18,"key":"SteroidPotion"},{"floor":27,"key":"LiquidBronze"},{"floor":30,"key":"Dexterity Potion"}],"is_trial":false,"path_per_floor":["M","?","M","M","$","R","$","E","T","M","E","R","E","?","R","B",null,"M","M","$","M","M","E","?","M","T","M","M","R","E","M","R","B"],"character_chosen":"IRONCLAD","items_purchased":["Rupture","Flex","Shrug It Off","Oddly Smooth Stone"],"campfire_rested":2,"item_purchase_floors":[5,7,20,20],"current_hp_per_floor":[79,79,79,80,80,80,80,75,75,60,32,56,46,66,66,20,80,80,74,74,80,74,80,90,80,80,68,64,90,73,71,71,0],"gold":211,"neow_bonus":"UPGRADE_CARD","is_prod":false,"is_daily":false,"chose_seed":false,"campfire_upgraded":2,"win_rate":0,"timestamp":1548124366,"path_taken":["M","?","M","M","$","R","$","E","T","M","E","R","E","?","R","BOSS","M","M","$","M","M","E","?","M","T","M","?","R","E","M","R","BOSS"],"build_version":"2019-01-17v2","purchased_purges":1,"victory":false,"max_hp_per_floor":[80,80,80,80,80,80,80,80,80,80,80,80,80,80,80,80,80,80,80,80,80,80,80,90,90,90,90,90,90,90,90,90,90],"card_choices":[{"not_picked":["Dropkick","Iron Wave"],"picked":"Perfected Strike","floor":1},{"not_picked":["Dual Wield","True Grit"],"picked":"Clash","floor":3},{"not_picked":["Iron Wave","Second Wind"],"picked":"Headbutt","floor":4},{"not_picked":["Disarm","Combust"],"picked":"Pommel Strike","floor":8},{"not_picked":["Cleave","Havoc"],"picked":"Power Through","floor":10},{"not_picked":["Dual Wield","Reckless Charge"],"picked":"Sword Boomerang","floor":11},{"not_picked":["Flame Barrier","Sentinel"],"picked":"Reaper","floor":13},{"not_picked":["Dark Embrace","Impervious"],"picked":"Immolate","floor":16},{"not_picked":["Evolve","Armaments"],"picked":"Anger+1","floor":18},{"not_picked":["Body Slam","Fire Breathing"],"picked":"Infernal Blade","floor":19},{"not_picked":["Evolve","Hemokinesis"],"picked":"Infernal Blade+1","floor":21},{"not_picked":["Perfected Strike","Sentinel+1"],"picked":"Second Wind","floor":22},{"not_picked":["Shockwave","Power Through"],"picked":"Rage+1","floor":23},{"not_picked":["Twin Strike","Flex"],"picked":"Ghostly Armor","floor":25},{"not_picked":["Iron Wave","Thunderclap"],"picked":"Dropkick+1","floor":27},{"not_picked":["Rage","Armaments"],"picked":"Pommel Strike","floor":28},{"not_picked":["Iron Wave","Warcry"],"picked":"Heavy Blade","floor":30},{"not_picked":["Reckless Charge+1","Iron Wave"],"picked":"Perfected Strike+1","floor":31}],"player_experience":95674,"relics_obtained":[{"floor":8,"key":"Bag of Marbles"},{"floor":11,"key":"Bag of Preparation"},{"floor":13,"key":"Kunai"},{"floor":23,"key":"Shuriken"},{"floor":26,"key":"Potion Belt"},{"floor":30,"key":"Tiny Chest"}],"event_choices":[{"damage_healed":0,"gold_gain":0,"cards_transformed":["Strike_R"],"player_choice":"Change","damage_taken":0,"max_hp_gain":0,"max_hp_loss":0,"event_name":"Living Wall","floor":2,"gold_loss":0,"cards_obtained":["Blood for Blood"]},{"damage_healed":20,"gold_gain":0,"player_choice":"Healed","damage_taken":0,"max_hp_gain":0,"max_hp_loss":0,"event_name":"The Cleric","floor":14,"gold_loss":35},{"cards_removed":["Reaper"],"damage_healed":0,"gold_gain":0,"player_choice":"Offered Rare","damage_taken":0,"max_hp_gain":10,"max_hp_loss":0,"event_name":"Bonfire Elementals","floor":24,"gold_loss":0}],"is_beta":false,"boss_relics":[{"not_picked":["Ectoplasm","Empty Cage"],"picked":"Cursed Key"}],"items_purged_floors":[20],"is_endless":false,"potions_floor_spawned":[4,8,11,13,18,25,27,30],"killed_by":"Automaton","ascension_level":1}