{"path_per_floor":["M","?","?","$","M","R","?","R","T","?","M","M","M","M","R","B",null,"M","M","?","?","?"],"character_chosen":"DEFECT","items_purchased":["Go for the Eyes","Dramatic Entrance"],"gold_per_floor":[114,114,189,72,97,97,97,97,176,176,189,207,221,246,246,365,365,388,413,413,448,448,448],"floor_reached":23,"campfire_rested":1,"playtime":1068,"current_hp_per_floor":[75,57,46,46,45,45,45,67,77,77,77,74,70,70,70,39,85,65,38,38,13,13,0],"items_purged":[],"gold":448,"score":181,"play_id":"99a35adf-a26e-4e17-b8a4-210456737928","local_time":"20180509195453","is_prod":false,"is_daily":false,"chose_seed":false,"is_ascension_mode":false,"campfire_upgraded":2,"timestamp":1525859693,"path_taken":["M","?","?","$","M","R","?","R","T","?","M","?","?","M","R","BOSS","M","M","?","?","?","E"],"build_version":"2018-05-08","seed_source_timestamp":4968254422205,"purchased_purges":0,"victory":false,"master_deck":["Strike_B","Strike_B","Strike_B","Strike_B","Defend_B","Defend_B","Defend_B","Defend_B","Zap","Dualcast","Go for the Eyes","Dramatic Entrance+1","BootSequence","Zap+1","Steam","Cold Snap","Sweeping Beam","Fission","Barrage","White Noise","Axe Kick+1"],"max_hp_per_floor":[75,75,75,75,75,75,75,75,85,85,85,85,85,85,85,85,85,85,85,85,85,85,85],"relics":["Cracked Core","Oddly Smooth Stone","Golden Idol","Pear","Eternal Feather","Red Mask"],"card_choices":[{"not_picked":["Steam","Auto Shields"],"picked":"BootSequence","floor":5},{"not_picked":["Stack","Reprogram"],"picked":"Steam","floor":12},{"not_picked":["Barrage","Conserve Battery"],"picked":"Cold Snap","floor":13},{"not_picked":["Coolheaded","Recycle"],"picked":"Sweeping Beam","floor":14},{"not_picked":["Reboot","Echo Form"],"picked":"Fission","floor":16},{"not_picked":["Doom and Gloom","Cold Snap"],"picked":"Barrage","floor":18},{"not_picked":["Axe Kick","Cold Snap"],"picked":"White Noise","floor":19},{"not_picked":["Barrage","Steam"],"picked":"Axe Kick","floor":21}],"player_experience":192981,"potions_floor_usage":[13,16,16,16,21,23,23,23],"damage_taken":[{"damage":0,"enemies":"2 Louse","floor":1,"turns":3},{"damage":1,"enemies":"Jaw Worm","floor":5,"turns":3},{"damage":0,"enemies":"Small Slimes","floor":11,"turns":1},{"damage":3,"enemies":"3 Louse","floor":12,"turns":3},{"damage":4,"enemies":"Exordium Thugs","floor":13,"turns":4},{"damage":0,"enemies":"2 Fungi Beasts","floor":14,"turns":3},{"damage":31,"enemies":"Slime Boss","floor":16,"turns":12},{"damage":20,"enemies":"3 Byrds","floor":18,"turns":5},{"damage":27,"enemies":"Spheric Guardian","floor":19,"turns":6},{"damage":25,"enemies":"Masked Bandits","floor":21,"turns":4},{"damage":15,"enemies":"Gremlin Leader","floor":23,"turns":5}],"event_choices":[{"event_name":"Golden Idol","player_choice":"Take Damage","floor":2,"damage_taken":0},{"event_name":"World of Goop","player_choice":"Gather Gold","floor":3,"damage_taken":0},{"event_name":"Wheel of Change","player_choice":"Curse","floor":7,"damage_taken":0},{"event_name":"Match and Keep!","player_choice":"1 cards matched","floor":10,"damage_taken":0},{"event_name":"Purifier","player_choice":"One Purge","floor":20,"damage_taken":0},{"event_name":"Masked Bandits","player_choice":"Fought over 413 gold","floor":21,"damage_taken":0},{"event_name":"The Lab","player_choice":"Got Potions","floor":22,"damage_taken":0}],"boss_relics":[{"not_picked":["Runic Dome","White Beast Statue"],"picked":"Eternal Feather"}],"potions_floor_spawned":[11,12,13,14,19,21],"seed_played":"-830567090530473367","killed_by":"Gremlin Leader","ascension_level":0,"is_trial":false}