{"gold_per_floor":[109,284,294,294,294,328,328,342,342,401,401,416,124,136,136,234,234,244,264,281,281,381,381,381,381,381,381,281,281,85,119,119,223,223,241,241,256,275,350,350,366,144,167,167,17,44,44,44,44,44],"floor_reached":51,"playtime":1902,"items_purged":["Doubt","Strike_G","Strike_G","Strike_G"],"score":1005,"play_id":"3d0a6627-93a7-4769-a047-24b53fc7356b","local_time":"20181122191418","is_ascension_mode":true,"campfire_choices":[{"data":"Glass Knife","floor":7,"key":"SMITH"},{"data":"Footwork","floor":11,"key":"SMITH"},{"data":"Catalyst","floor":15,"key":"SMITH"},{"data":"Apotheosis","floor":23,"key":"SMITH"},{"data":"Deadly Poison","floor":25,"key":"SMITH"},{"data":"Tools of the Trade","floor":27,"key":"SMITH"},{"data":"Leg Sweep","floor":29,"key":"SMITH"},{"floor":32,"key":"REST"},{"floor":40,"key":"REST"},{"data":"Deadly Poison","floor":44,"key":"SMITH"},{"data":"Survivor","floor":49,"key":"SMITH"}],"neow_cost":"NONE","seed_source_timestamp":637379184131357,"circlet_count":0,"master_deck":["Defend_G","Defend_G","Defend_G","Defend_G","Defend_G","Strike_G","Survivor+1","Neutralize+1","Deadly Poison+1","Bane","Glass Knife+1","Footwork+1","Leg Sweep+1","Catalyst+1","Apotheosis+1","Deadly Poison+1","Tools of the Trade+1","Backstab+1","Deadly Poison+1","Corpse Explosion","Catalyst+1","Doppelganger+1","Prepared+1","Dark Shackles+1"],"relics":["Ring of the Snake","NeowsBlessing","Lantern","Bottled Lightning","Tiny Chest","Velvet Choker","Du-Vu Doll","Singing Bowl","Toxic Egg 2","Tingsha","DollysMirror","Gambling Chip","Busted Crown","Mercury Hourglass","Pen Nib","Dodecahedron"],"potions_floor_usage":[22,22,50,50,50],"damage_taken":[{"damage":0,"enemies":"Small Slimes","floor":1,"turns":1},{"damage":0,"enemies":"Jaw Worm","floor":3,"turns":1},{"damage":0,"enemies":"Gremlin Nob","floor":6,"turns":1},{"damage":0,"enemies":"2 Louse","floor":8,"turns":2},{"damage":20,"enemies":"Lagavulin","floor":10,"turns":5},{"damage":0,"enemies":"Looter","floor":12,"turns":3},{"damage":0,"enemies":"Red Slaver","floor":14,"turns":4},{"damage":11,"enemies":"Hexaghost","floor":16,"turns":7},{"damage":4,"enemies":"2 Thieves","floor":18,"turns":4},{"damage":1,"enemies":"3 Byrds","floor":19,"turns":5},{"damage":0,"enemies":"Snecko","floor":20,"turns":4},{"damage":5,"enemies":"Colosseum Slavers","floor":22,"turns":3},{"damage":0,"enemies":"Colosseum Nobs","floor":22,"turns":2},{"damage":6,"enemies":"Book of Stabbing","floor":31,"turns":2},{"damage":3,"enemies":"Collector","floor":33,"turns":3},{"damage":0,"enemies":"3 Shapes","floor":35,"turns":4},{"damage":11,"enemies":"3 Darklings","floor":37,"turns":2},{"damage":0,"enemies":"Transient","floor":38,"turns":5},{"damage":0,"enemies":"Jaw Worm Horde","floor":41,"turns":2},{"damage":0,"enemies":"Giant Head","floor":46,"turns":5},{"damage":46,"enemies":"Awakened One","floor":50,"turns":14}],"seed_played":"1584330922830246693","potions_obtained":[{"floor":3,"key":"Fire Potion"},{"floor":8,"key":"Dexterity Potion"},{"floor":14,"key":"Swift Potion"},{"floor":33,"key":"Weak Potion"},{"floor":38,"key":"AttackPotion"}],"is_trial":false,"path_per_floor":["M","?","M","?","?","E","R","M","T","E","R","M","$","M","R","B",null,"M","M","M","?","?","R","T","R","T","R","$","R","$","E","R","B",null,"M","T","M","M","?","R","M","$","T","R","$","E","?","$","R","B",null],"character_chosen":"THE_SILENT","items_purchased":["Catalyst","Apotheosis","DollysMirror","Dark Shackles+1"],"campfire_rested":2,"item_purchase_floors":[13,13,30,42],"current_hp_per_floor":[70,70,70,70,75,75,75,75,75,55,55,55,55,55,55,44,67,63,62,62,62,59,59,59,59,59,59,59,59,59,55,78,75,78,80,80,69,71,63,83,85,85,85,85,85,87,86,86,86,40],"gold":44,"neow_bonus":"THREE_ENEMY_KILL","is_prod":false,"is_daily":false,"chose_seed":false,"campfire_upgraded":9,"win_rate":0,"timestamp":1542932058,"path_taken":["M","?","M","?","?","E","R","?","T","E","R","M","$","M","R","BOSS","M","M","M","?","?","R","?","R","T","R","$","R","$","E","R","BOSS","M","?","M","?","?","R","?","$","T","R","?","E","?","$","R","BOSS"],"build_version":"2018-11-15","purchased_purges":4,"victory":true,"max_hp_per_floor":[70,70,70,70,75,75,75,75,75,75,75,75,75,75,75,75,75,75,75,75,75,77,77,77,77,77,77,77,77,77,79,79,79,79,81,81,81,83,83,83,85,85,85,85,85,87,91,91,91,91],"card_choices":[{"not_picked":["Expertise","Slice"],"picked":"Deadly Poison","floor":1},{"not_picked":["Deflect","Underhanded Strike"],"picked":"Bane","floor":3},{"not_picked":["Infinite Blades","Blade Dance"],"picked":"Glass Knife","floor":6},{"not_picked":["Dodge and Roll","Blade Dance","Slice"],"picked":"SKIP","floor":8},{"not_picked":["Finisher","Endless Agony"],"picked":"Footwork","floor":10},{"not_picked":["Cloak And Dagger","Quick Slash"],"picked":"Leg Sweep","floor":12},{"not_picked":["PiercingWail","Poisoned Stab"],"picked":"Deadly Poison","floor":14},{"not_picked":["After Image","Wraith Form v2"],"picked":"Tools of the Trade","floor":16},{"not_picked":["Dash","Dagger Throw"],"picked":"Backstab+1","floor":18},{"not_picked":["Flechettes","Deflect"],"picked":"Deadly Poison+1","floor":19},{"not_picked":["Tactician","Acrobatics"],"picked":"Corpse Explosion","floor":20},{"not_picked":["Underhanded Strike","Acrobatics+1","Flechettes"],"picked":"Singing Bowl","floor":22},{"not_picked":["Tactician+1","PiercingWail+1","Outmaneuver+1"],"picked":"Singing Bowl","floor":31},{"not_picked":["Storm of Steel+1","Phantasmal Killer+1"],"picked":"Doppelganger+1","floor":33},{"not_picked":["Finisher"],"picked":"Singing Bowl","floor":35},{"not_picked":[],"picked":"Prepared+1","floor":37},{"not_picked":["Distraction+1"],"picked":"Singing Bowl","floor":38},{"not_picked":["Deflect+1"],"picked":"Singing Bowl","floor":41},{"not_picked":["Sucker Punch"],"picked":"Singing Bowl","floor":46},{"not_picked":["Good Instincts+1"],"picked":"Singing Bowl","floor":47},{"not_picked":["Madness+1"],"picked":"Singing Bowl","floor":47}],"player_experience":413402,"relics_obtained":[{"floor":6,"key":"Lantern"},{"floor":9,"key":"Bottled Lightning"},{"floor":10,"key":"Tiny Chest"},{"floor":22,"key":"Du-Vu Doll"},{"floor":22,"key":"Singing Bowl"},{"floor":24,"key":"Toxic Egg 2"},{"floor":26,"key":"Tingsha"},{"floor":31,"key":"Gambling Chip"},{"floor":36,"key":"Mercury Hourglass"},{"floor":43,"key":"Pen Nib"},{"floor":46,"key":"Dodecahedron"}],"event_choices":[{"damage_healed":0,"gold_gain":175,"player_choice":"AGREE","damage_taken":0,"max_hp_gain":0,"max_hp_loss":0,"event_name":"Liars Game","floor":2,"gold_loss":0,"cards_obtained":["Doubt"]},{"damage_healed":0,"gold_gain":0,"player_choice":"Grow","damage_taken":0,"max_hp_gain":0,"max_hp_loss":0,"event_name":"Living Wall","floor":4,"gold_loss":0,"cards_upgraded":["Neutralize"]},{"damage_healed":0,"gold_gain":0,"player_choice":"Donut","damage_taken":0,"max_hp_gain":5,"max_hp_loss":0,"event_name":"Big Fish","floor":5,"gold_loss":0},{"cards_removed":["Strike_G"],"damage_healed":0,"gold_gain":0,"player_choice":"Elegance","damage_taken":0,"max_hp_gain":0,"max_hp_loss":0,"event_name":"Back to Basics","floor":21,"gold_loss":0},{"damage_healed":0,"gold_gain":0,"player_choice":"Fight","damage_taken":0,"max_hp_gain":0,"max_hp_loss":0,"event_name":"Colosseum","floor":22,"gold_loss":0},{"damage_healed":0,"gold_gain":0,"player_choice":"Fought Nobs","damage_taken":0,"max_hp_gain":0,"max_hp_loss":0,"event_name":"Colosseum","floor":22,"gold_loss":0},{"damage_healed":0,"gold_gain":75,"player_choice":"Touch","damage_taken":8,"max_hp_gain":0,"max_hp_loss":0,"event_name":"FaceTrader","floor":39,"gold_loss":0},{"damage_healed":0,"gold_gain":0,"player_choice":"Memory 2","damage_taken":5,"max_hp_gain":0,"max_hp_loss":0,"event_name":"SensoryStone","floor":47,"gold_loss":0}],"is_beta":true,"boss_relics":[{"not_picked":["Pandora\u0027s Box","Cursed Key"],"picked":"Velvet Choker"},{"not_picked":["Runic Dome","Calling Bell"],"picked":"Busted Crown"}],"items_purged_floors":[13,28,42,45],"is_endless":false,"potions_floor_spawned":[3,8,14,18,19,33,38,46],"ascension_level":5}