{"gold_per_floor":[213,164,184,203,203,219,219,219,219,194,194,227,246,246,246,371,371,389,151,151,98,117,117,32,32,32,77,103,133,145,171,183,195],"floor_reached":33,"playtime":1108,"items_purged":[],"score":315,"play_id":"25f9796f-a158-4e12-83d8-6f12c15fbe77","local_time":"20180910172627","is_ascension_mode":false,"campfire_choices":[{"data":"Perfected Strike","floor":7,"key":"SMITH"},{"data":"Perfected Strike","floor":11,"key":"SMITH"},{"floor":15,"key":"REST"},{"data":"Pommel Strike","floor":23,"key":"SMITH"},{"floor":32,"key":"REST"}],"neow_cost":"NONE","seed_source_timestamp":330351705794923,"circlet_count":0,"master_deck":["Strike_R+1","Strike_R+1","Strike_R+1","Strike_R+1","Strike_R+1","Defend_R+1","Defend_R+1","Defend_R+1","Defend_R+1","Bash","Pommel Strike","Perfected Strike+1","Sword Boomerang","Sword Boomerang","Pommel Strike+1","Perfected Strike+1","Seeing Red","Twin Strike+1","Offering","Seeing Red","Perfected Strike","Pommel Strike+1","Wild Strike+1","Wild Strike","Twin Strike"],"relics":["Burning Blood","Golden Idol","Letter Opener","Champion Belt","Runic Cube","Anchor","Toxic Egg 2","MawBank","Boot"],"potions_floor_usage":[12,13,13,16,29,31],"damage_taken":[{"damage":6,"enemies":"Jaw Worm","floor":1,"turns":4},{"damage":0,"enemies":"Small Slimes","floor":3,"turns":2},{"damage":2,"enemies":"2 Louse","floor":4,"turns":2},{"damage":13,"enemies":"2 Fungi Beasts","floor":6,"turns":3},{"damage":9,"enemies":"3 Sentries","floor":12,"turns":3},{"damage":0,"enemies":"Looter","floor":13,"turns":1},{"damage":0,"enemies":"Slime Boss","floor":16,"turns":5},{"damage":10,"enemies":"2 Thieves","floor":18,"turns":2},{"damage":2,"enemies":"Spheric Guardian","floor":22,"turns":3},{"damage":33,"enemies":"Gremlin Leader","floor":27,"turns":3},{"damage":24,"enemies":"Shelled Parasite and Fungi","floor":28,"turns":3},{"damage":3,"enemies":"Centurion and Healer","floor":29,"turns":4},{"damage":0,"enemies":"Cultist and Chosen","floor":31,"turns":4},{"damage":76,"enemies":"Champ","floor":33,"turns":6}],"seed_played":"-6042868161142335653","potions_obtained":[{"floor":1,"key":"Dexterity Potion"},{"floor":4,"key":"Regen Potion"},{"floor":6,"key":"Energy Potion"},{"floor":13,"key":"SkillPotion"},{"floor":27,"key":"Energy Potion"},{"floor":28,"key":"Block Potion"}],"is_trial":false,"path_per_floor":["M","$","M","M","?","M","R","?","T","$","R","E","M","?","R","B",null,"M","$","?","$","M","R","?","?","T","E","M","M","$","M","R"],"character_chosen":"IRONCLAD","items_purchased":["Perfected Strike","Perfected Strike","Anchor","Seeing Red","Perfected Strike"],"campfire_rested":2,"item_purchase_floors":[2,10,19,19,21],"current_hp_per_floor":[80,80,80,80,60,53,53,53,53,53,53,55,61,45,69,75,80,76,76,76,76,80,80,80,80,80,53,35,38,38,44,68,0],"gold":195,"neow_bonus":"HUNDRED_GOLD","is_prod":false,"is_daily":false,"chose_seed":false,"campfire_upgraded":3,"win_rate":0.0,"timestamp":1536614787,"path_taken":["M","$","M","M","?","M","R","?","T","$","R","E","M","?","R","BOSS","M","$","?","$","M","R","?","?","T","E","M","M","?","M","R","BOSS"],"build_version":"2018-09-06","purchased_purges":0,"victory":false,"max_hp_per_floor":[80,80,80,80,80,80,80,80,80,80,80,80,80,80,80,80,80,80,80,80,80,80,80,80,80,80,80,80,80,80,80,80,80],"card_choices":[{"not_picked":["Battle Trance","Whirlwind"],"picked":"Pommel Strike","floor":1},{"not_picked":["Ghostly Armor","Rage"],"picked":"Sword Boomerang","floor":3},{"not_picked":["Sentinel","Dual Wield"],"picked":"Sword Boomerang","floor":4},{"not_picked":["Body Slam","Battle Trance"],"picked":"Pommel Strike","floor":6},{"not_picked":["Brutality","Rampage"],"picked":"Seeing Red","floor":12},{"not_picked":["Heavy Blade","Metallicize"],"picked":"Twin Strike","floor":13},{"not_picked":["Exhume","Bludgeon"],"picked":"Offering","floor":16},{"not_picked":["Intimidate","Thunderclap","Reckless Charge+1"],"picked":"SKIP","floor":18},{"not_picked":["Clothesline+1","Iron Wave"],"picked":"Pommel Strike","floor":22},{"not_picked":["Shrug It Off+1","Dual Wield+1","Combust"],"picked":"SKIP","floor":27},{"not_picked":["Warcry+1","Anger+1"],"picked":"Wild Strike+1","floor":28},{"not_picked":["Havoc+1","Rage+1"],"picked":"Wild Strike","floor":29},{"not_picked":["Disarm+1","Armaments+1"],"picked":"Twin Strike","floor":31}],"player_experience":71043,"relics_obtained":[{"floor":9,"key":"Letter Opener"},{"floor":12,"key":"Champion Belt"},{"floor":26,"key":"MawBank"},{"floor":27,"key":"Boot"}],"event_choices":[{"event_name":"Golden Idol","player_choice":"Take Damage","floor":5,"damage_taken":0},{"event_name":"Living Wall","player_choice":"Grow","floor":8,"damage_taken":0},{"event_name":"Shining Light","player_choice":"Entered Light","floor":14,"damage_taken":0},{"event_name":"Back to Basics","player_choice":"Simplicity","floor":20,"damage_taken":0},{"event_name":"Addict","player_choice":"Obtained Relic","floor":24,"damage_taken":0},{"event_name":"Purifier","player_choice":"Skipped","floor":25,"damage_taken":0}],"is_beta":false,"boss_relics":[{"not_picked":["Snecko Eye","Busted Crown"],"picked":"Runic Cube"}],"items_purged_floors":[],"is_endless":false,"potions_floor_spawned":[1,4,6,13,27,28],"killed_by":"Champ","ascension_level":0}