{"gold_per_floor":[109,109,124,144,161,161,161,41,41,59,59,69,89,89,89,186,186,202,202,202,51,51,51,84,7,7,26,39,51,51,51],"floor_reached":31,"playtime":1794,"items_purged":["Regret"],"score":309,"play_id":"2065c405-080b-400f-b480-38a9da9b14f2","local_time":"20181004223011","is_ascension_mode":true,"campfire_choices":[{"data":"Zap","floor":6,"key":"SMITH"},{"floor":11,"key":"REST"},{"floor":15,"key":"REST"},{"data":"Double Energy","floor":23,"key":"SMITH"},{"floor":30,"key":"REST"}],"neow_cost":"TEN_PERCENT_HP_LOSS","seed_source_timestamp":258626373220880,"circlet_count":0,"master_deck":["Strike_B","Strike_B","Strike_B","Defend_B","Defend_B","Defend_B","Defend_B","Zap+1","Dualcast","Leap","Conserve Battery","Redo","Hello World","Trip","Zap","Leap","Go for the Eyes","Double Energy+1","Biased Cognition","Echo Form","Conserve Battery+1","Self Repair+1","Self Repair","Capacitor","Static Discharge","Streamline"],"relics":["Cracked Core","Gambling Chip","Symbiotic Virus","Potion Belt","Shuriken","Sozu","Boot","MutagenicStrength","DataDisk","Art of War","The Courier"],"potions_floor_usage":[16],"damage_taken":[{"damage":4,"enemies":"2 Louse","floor":1,"turns":2},{"damage":3,"enemies":"Small Slimes","floor":3,"turns":3},{"damage":3,"enemies":"Cultist","floor":4,"turns":5},{"damage":42,"enemies":"Gremlin Gang","floor":5,"turns":5},{"damage":3,"enemies":"Exordium Wildlife","floor":10,"turns":3},{"damage":0,"enemies":"Red Slaver","floor":12,"turns":4},{"damage":7,"enemies":"2 Fungi Beasts","floor":13,"turns":3},{"damage":25,"enemies":"Slime Boss","floor":16,"turns":6},{"damage":7,"enemies":"Chosen","floor":18,"turns":4},{"damage":29,"enemies":"Slavers","floor":24,"turns":6},{"damage":7,"enemies":"Spheric Guardian","floor":27,"turns":4},{"damage":10,"enemies":"Chosen and Byrds","floor":28,"turns":6},{"damage":18,"enemies":"Snake Plant","floor":29,"turns":3},{"damage":53,"enemies":"Book of Stabbing","floor":31,"turns":4}],"seed_played":"-3192114476490118140","potions_obtained":[{"floor":3,"key":"EssenceOfSteel"},{"floor":4,"key":"FearPotion"},{"floor":12,"key":"EssenceOfSteel"},{"floor":13,"key":"Weak Potion"},{"floor":16,"key":"Block Potion"}],"is_trial":false,"path_per_floor":["M","?","M","M","M","R","?","$","T","M","R","M","M","T","R","B",null,"M","?","?","$","?","R","E","$","T","M","M","M","R"],"character_chosen":"DEFECT","items_purchased":["Leap","DataDisk","Self Repair"],"campfire_rested":3,"item_purchase_floors":[8,21,25],"current_hp_per_floor":[64,64,61,58,16,16,16,16,16,13,33,33,26,26,46,21,56,49,49,49,49,49,49,20,20,20,30,47,29,49,0],"gold":51,"neow_bonus":"ONE_RARE_RELIC","is_prod":false,"is_daily":false,"chose_seed":false,"campfire_upgraded":2,"win_rate":0,"timestamp":1538717411,"path_taken":["M","?","?","M","M","R","?","?","T","M","R","M","M","?","R","BOSS","M","?","?","$","?","R","E","?","T","?","M","M","R","E"],"build_version":"2018-10-04","purchased_purges":1,"victory":false,"max_hp_per_floor":[68,68,68,68,68,68,68,68,68,68,68,68,68,68,68,68,68,68,68,68,68,68,68,68,68,68,68,68,68,68,68],"card_choices":[{"not_picked":["Stack","Streamline"],"picked":"Leap","floor":1},{"not_picked":["Beam Cell","Leap"],"picked":"Conserve Battery","floor":3},{"not_picked":["Steam","Cold Snap"],"picked":"Redo","floor":4},{"not_picked":["Glacier","Redo"],"picked":"Hello World","floor":5},{"not_picked":["Melter","Leap"],"picked":"Go for the Eyes","floor":10},{"not_picked":["Coolheaded","Force Field"],"picked":"Double Energy","floor":12},{"not_picked":["Steam","Rebound"],"picked":"Biased Cognition","floor":13},{"not_picked":["Reboot","Core Surge"],"picked":"Echo Form","floor":16},{"not_picked":["Coolheaded","Doom and Gloom"],"picked":"Conserve Battery+1","floor":18},{"not_picked":["Aggregate","Leap"],"picked":"Self Repair+1","floor":24},{"not_picked":["Recycle+1","Cold Snap"],"picked":"Capacitor","floor":27},{"not_picked":["Heatsinks","Chaos"],"picked":"Static Discharge","floor":28},{"not_picked":["Steam","Conserve Battery+1"],"picked":"Streamline","floor":29}],"player_experience":215031,"relics_obtained":[{"floor":9,"key":"Potion Belt"},{"floor":14,"key":"Shuriken"},{"floor":24,"key":"Art of War"},{"floor":26,"key":"The Courier"}],"event_choices":[{"event_name":"Big Fish","player_choice":"Box","floor":2,"damage_taken":0},{"event_name":"Match and Keep!","player_choice":"2 cards matched","floor":7,"damage_taken":0},{"event_name":"The Mausoleum","player_choice":"Yes","floor":19,"damage_taken":0},{"event_name":"Drug Dealer","player_choice":"Inject Mutagens","floor":20,"damage_taken":0},{"event_name":"Purifier","player_choice":"One Purge","floor":22,"damage_taken":0}],"is_beta":false,"boss_relics":[{"not_picked":["Pandora\u0027s Box","Snecko Eye"],"picked":"Sozu"}],"items_purged_floors":[8],"is_endless":false,"potions_floor_spawned":[3,4,12,13,16,24,27],"killed_by":"Book of Stabbing","ascension_level":5}