{"gold_per_floor":[117,117,42,42,56,56,67,67,93,48,48,48,48,60,60,163,163,174,174,246,215,233,233,250,270,294,309,309,136,149,166,166,166],"floor_reached":33,"playtime":3063,"items_purged":["Regret"],"score":239,"play_id":"683c4c48-8113-451b-b7df-7a23ce1ffc3c","local_time":"20180909045350","is_ascension_mode":false,"campfire_choices":[{"data":"Armaments","floor":6,"key":"SMITH"},{"data":"Armaments","floor":8,"key":"SMITH"},{"data":"Bash","floor":12,"key":"SMITH"},{"data":"Headbutt","floor":15,"key":"SMITH"},{"data":"Carnage","floor":23,"key":"SMITH"},{"data":"Rage","floor":28,"key":"SMITH"},{"data":"Seeing Red","floor":32,"key":"SMITH"}],"neow_cost":"","seed_source_timestamp":196838991878220,"circlet_count":0,"master_deck":["Strike_R","Strike_R","Strike_R","Strike_R","Strike_R","Defend_R","Defend_R","Defend_R","Defend_R","Bash+1","Armaments+1","Armaments+1","Headbutt+1","Offering","Flex","RitualDagger","Carnage+1","Anger+1","Headbutt+1","Rage+1","Clash+1","Bandage Up","Seeing Red+1","Intimidate"],"relics":["Burning Blood","Incense Burner","Bronze Scales","Coffee Dripper","Shuriken","PreservedInsect"],"potions_floor_usage":[16,25,27,30],"damage_taken":[{"damage":6,"enemies":"Jaw Worm","floor":1,"turns":5},{"damage":0,"enemies":"Small Slimes","floor":5,"turns":3},{"damage":7,"enemies":"2 Louse","floor":7,"turns":3},{"damage":5,"enemies":"Exordium Thugs","floor":14,"turns":6},{"damage":68,"enemies":"Hexaghost","floor":16,"turns":12},{"damage":6,"enemies":"3 Byrds","floor":18,"turns":4},{"damage":16,"enemies":"2 Thieves","floor":21,"turns":5},{"damage":21,"enemies":"Shelled Parasite and Fungi","floor":22,"turns":5},{"damage":12,"enemies":"Snecko","floor":24,"turns":3},{"damage":6,"enemies":"Centurion and Healer","floor":25,"turns":5},{"damage":0,"enemies":"Snake Plant","floor":27,"turns":3},{"damage":9,"enemies":"3 Cultists","floor":30,"turns":3},{"damage":6,"enemies":"Centurion and Healer","floor":31,"turns":6},{"damage":66,"enemies":"Automaton","floor":33,"turns":6}],"seed_played":"-9190996558325989327","potions_obtained":[{"floor":1,"key":"Explosive Potion"},{"floor":16,"key":"GamblersBrew"},{"floor":25,"key":"SteroidPotion"},{"floor":27,"key":"LiquidBronze"},{"floor":30,"key":"GamblersBrew"}],"is_trial":false,"path_per_floor":["M","?","$","$","M","R","M","R","T","?","?","R","?","M","R","B",null,"M","?","T","M","M","R","M","M","T","M","R","$","M","M","R"],"character_chosen":"IRONCLAD","items_purchased":["Bandage Up","Seeing Red"],"campfire_rested":0,"item_purchase_floors":[29,29],"current_hp_per_floor":[80,80,80,80,80,80,79,79,79,79,79,79,80,80,80,18,80,80,74,74,64,49,49,43,43,43,49,49,49,46,50,50,0],"gold":166,"neow_bonus":"","is_prod":false,"is_daily":false,"chose_seed":false,"campfire_upgraded":7,"win_rate":0.0,"timestamp":1536483230,"path_taken":["M","?","?","$","M","R","M","R","T","?","?","R","?","M","R","BOSS","M","?","?","M","M","R","M","M","T","M","R","$","M","M","R","BOSS"],"build_version":"2018-09-06","purchased_purges":1,"victory":false,"max_hp_per_floor":[80,80,80,80,80,80,80,80,80,80,80,80,80,80,80,80,80,80,80,80,80,80,80,80,80,80,80,80,80,80,80,80,80],"card_choices":[{"not_picked":["Whirlwind","Inflame"],"picked":"Armaments","floor":1},{"not_picked":["Clash","Sword Boomerang"],"picked":"Iron Wave","floor":5},{"not_picked":["Body Slam","Thunderclap"],"picked":"Armaments","floor":7},{"not_picked":["Shrug It Off","Clothesline"],"picked":"Headbutt","floor":14},{"not_picked":["Fiend Fire","Dark Embrace"],"picked":"Offering","floor":16},{"not_picked":["Sever Soul","Clothesline"],"picked":"Flex","floor":18},{"not_picked":["Thunderclap","Flex"],"picked":"Carnage","floor":21},{"not_picked":["Power Through+1","Whirlwind+1"],"picked":"Anger+1","floor":22},{"not_picked":["Armaments","Battle Trance"],"picked":"Headbutt+1","floor":24},{"not_picked":["Feel No Pain","Rupture"],"picked":"Rage","floor":25},{"not_picked":["Rupture","Iron Wave"],"picked":"Clash+1","floor":27},{"not_picked":["Hemokinesis","Perfected Strike"],"picked":"Intimidate","floor":30},{"not_picked":["Sword Boomerang","Armaments","Iron Wave+1"],"picked":"SKIP","floor":31}],"player_experience":12137,"relics_obtained":[{"floor":9,"key":"Bronze Scales"},{"floor":20,"key":"Shuriken"},{"floor":26,"key":"PreservedInsect"}],"event_choices":[{"event_name":"Big Fish","player_choice":"Box","floor":2,"damage_taken":0},{"event_name":"World of Goop","player_choice":"Left","floor":10,"damage_taken":0},{"event_name":"Golden Wing","player_choice":"Ignored","floor":11,"damage_taken":0},{"event_name":"Bonfire Elementals","player_choice":"COMMON","floor":13,"damage_taken":0},{"event_name":"Nest","player_choice":"Joined the Cult","floor":19,"damage_taken":0}],"is_beta":false,"boss_relics":[{"not_picked":["Black Blood","Fusion Hammer"],"picked":"Coffee Dripper"}],"items_purged_floors":[3],"is_endless":false,"potions_floor_spawned":[1,16,25,27,30],"killed_by":"Automaton","ascension_level":0}