{"gold_per_floor":[116,116,132,132,31,62,62,96,96,96,29,47,47,63,63,154,154,174,99,29,44,60,60],"floor_reached":23,"playtime":1228,"items_purged":["Injury"],"score":480,"play_id":"3a83ee1f-70bb-4e89-b3f4-a7242fa04f0c","local_time":"20180623184108","is_ascension_mode":true,"campfire_choices":[{"data":"Neutralize","floor":7,"key":"SMITH"},{"data":"Cloak And Dagger","floor":10,"key":"SMITH"},{"data":"Malaise","floor":13,"key":"SMITH"},{"data":"Dash","floor":15,"key":"SMITH"}],"neow_cost":"NONE","seed_source_timestamp":507682460866089,"circlet_count":0,"master_deck":["Survivor","Neutralize+1","AscendersBane","Dagger Throw","Cloak And Dagger+1","Slice+1","Dash+1","Bullet Time","Malaise+1","Outmaneuver","Doppelganger","PiercingWail","Sucker Punch","Concentrate","Bane","Heel Hook","Cloak And Dagger","Infinite Blades","Quick Slash","Distraction","Cloak And Dagger","Infinite Blades","Malaise+1","Backflip"],"relics":["Ring of the Snake","NeowsBlessing","Golden Idol","Bird Faced Urn","Turnip","Whetstone","Bronze Scales","Pandora\u0027s Box"],"potions_floor_usage":[16,18],"damage_taken":[{"damage":0,"enemies":"Small Slimes","floor":1,"turns":1},{"damage":0,"enemies":"2 Louse","floor":3,"turns":1},{"damage":0,"enemies":"Gremlin Nob","floor":6,"turns":1},{"damage":25,"enemies":"3 Sentries","floor":8,"turns":13},{"damage":0,"enemies":"Jaw Worm","floor":12,"turns":2},{"damage":0,"enemies":"Exordium Thugs","floor":14,"turns":5},{"damage":0,"enemies":"Hexaghost","floor":16,"turns":12},{"damage":9,"enemies":"Spheric Guardian","floor":18,"turns":6},{"damage":3,"enemies":"3 Byrds","floor":21,"turns":5},{"damage":32,"enemies":"Cultist and Chosen","floor":22,"turns":9},{"damage":30,"enemies":"Gremlin Leader","floor":23,"turns":4}],"seed_played":"-5099679342657217439","potions_obtained":[{"floor":6,"key":"SteroidPotion"},{"floor":12,"key":"Block Potion"},{"floor":21,"key":"FearPotion"}],"is_trial":false,"path_per_floor":["M","?","M","T","$","E","R","E","T","R","$","M","R","M","R","B",null,"M","?","$","M","M"],"character_chosen":"THE_SILENT","items_purchased":["Slice","Malaise","Infinite Blades"],"campfire_rested":0,"item_purchase_floors":[5,11,20],"current_hp_per_floor":[59,59,59,59,59,59,59,34,34,34,34,34,34,34,34,34,58,49,49,49,50,22,0],"gold":60,"neow_bonus":"THREE_ENEMY_KILL","is_prod":false,"is_daily":false,"chose_seed":false,"campfire_upgraded":4,"win_rate":0,"timestamp":1529772068,"path_taken":["M","?","M","?","$","E","R","E","T","R","$","M","R","?","R","BOSS","M","?","$","M","?","E"],"build_version":"2018-06-21v2","purchased_purges":1,"victory":false,"max_hp_per_floor":[66,66,66,66,66,66,66,66,66,66,66,66,66,66,66,66,66,66,66,66,66,66,66],"card_choices":[{"not_picked":["Acrobatics","Finisher"],"picked":"Dagger Throw","floor":1},{"not_picked":["Quick Slash","Bane"],"picked":"Cloak And Dagger","floor":3},{"not_picked":["Dagger Spray","Deflect"],"picked":"Dash","floor":6},{"not_picked":["Distraction","Acrobatics"],"picked":"Bullet Time","floor":8},{"not_picked":["Eviscerate","Dodge and Roll"],"picked":"Outmaneuver","floor":12},{"not_picked":["Heel Hook","Bane","Outmaneuver"],"picked":"SKIP","floor":14},{"not_picked":["Grand Finale","Bullet Time"],"picked":"Doppelganger","floor":16},{"not_picked":["Endless Agony+1","Slice"],"picked":"Cloak And Dagger","floor":18},{"not_picked":["Riddle With Holes","Backflip"],"picked":"Malaise+1","floor":21},{"not_picked":["Poisoned Stab","Concentrate"],"picked":"Backflip","floor":22}],"player_experience":668066,"relics_obtained":[{"floor":4,"key":"Bird Faced Urn"},{"floor":6,"key":"Turnip"},{"floor":8,"key":"Whetstone"},{"floor":9,"key":"Bronze Scales"}],"event_choices":[{"event_name":"Golden Idol","player_choice":"Take Wound","floor":2,"damage_taken":0},{"event_name":"Beggar","player_choice":"Gave Gold","floor":19,"damage_taken":0}],"boss_relics":[{"not_picked":["Sozu","Calling Bell"],"picked":"Pandora\u0027s Box"}],"items_purged_floors":[5],"is_endless":false,"potions_floor_spawned":[6,12,21],"killed_by":"Gremlin Leader","ascension_level":15}