{"gold_per_floor":[111,111,27,27,38,38,51,351,351,351,351,49,68,87,87,189,189,206,222,222],"floor_reached":20,"playtime":835,"items_purged":["Strike_B"],"score":271,"play_id":"481cfe12-fa28-4d9b-a3fc-f3047550b3f1","local_time":"20181020190833","is_ascension_mode":true,"campfire_choices":[{"data":"Sunder","floor":6,"key":"SMITH"},{"data":"Zap","floor":10,"key":"SMITH"},{"data":"Zap","floor":15,"key":"SMITH"}],"neow_cost":"NONE","seed_source_timestamp":0,"circlet_count":0,"master_deck":["Strike_B","Defend_B","Defend_B","Defend_B","Defend_B","Zap+1","Dualcast","AscendersBane","Sunder+1","Turbo","Rebound","Zap+1","Swift Strike","Cold Snap","Storm","Chaos","Cold Snap","Core Surge","Zap+1","Turbo","Machine Learning","Heatsinks","Gash","Gash","Creative AI","Conserve Battery","Cold Snap","Cold Snap","Hologram"],"special_seed":0,"relics":["Cracked Core","Old Coin","Prayer Wheel","DollysMirror","Eternal Feather"],"potions_floor_usage":[16,16,16],"damage_taken":[{"damage":2.0,"enemies":"Jaw Worm","floor":1.0,"turns":3.0},{"damage":0,"enemies":"Cultist","floor":5,"turns":3},{"damage":0,"enemies":"2 Louse","floor":7,"turns":2},{"damage":7,"enemies":"Exordium Thugs","floor":13,"turns":3},{"damage":9,"enemies":"Looter","floor":14,"turns":2},{"damage":17,"enemies":"Hexaghost","floor":16,"turns":8},{"damage":19,"enemies":"Spheric Guardian","floor":18,"turns":4},{"damage":34,"enemies":"Shell Parasite","floor":19,"turns":6},{"damage":12,"enemies":"Chosen and Byrds","floor":20,"turns":4}],"seed_played":"-567095951325253083","potions_obtained":[{"floor":4,"key":"LiquidBronze"},{"floor":4,"key":"SpeedPotion"},{"floor":4,"key":"Dexterity Potion"}],"is_trial":false,"path_per_floor":["M","?","$","?","M","R","M","T","T","R","?","$","M","M","R","B",null,"M","M"],"character_chosen":"DEFECT","items_purchased":["Cold Snap","Storm","DollysMirror","Turbo"],"campfire_rested":0,"item_purchase_floors":[3,3,12,12],"current_hp_per_floor":[66,66,66,66,66,66,66,66,66,66,66,66,59,50,50,33,65,46,12,0],"gold":222,"neow_bonus":"TRANSFORM_CARD","is_prod":false,"is_daily":false,"chose_seed":false,"campfire_upgraded":3,"win_rate":0,"timestamp":1540087713,"path_taken":["M","?","?","?","M","R","M","?","T","R","?","$","M","M","R","BOSS","M","M","M"],"build_version":"2018-10-18","purchased_purges":1,"victory":false,"max_hp_per_floor":[75,75,75,75,75,75,75,75,75,75,75,75,75,75,75,75,75,75,75,75],"card_choices":[{"not_picked":["Steam","Redo"],"picked":"Turbo","floor":1.0},{"not_picked":["Melter","Doom and Gloom"],"picked":"Chaos","floor":5},{"not_picked":["Leap","Streamline"],"picked":"Cold Snap","floor":7},{"not_picked":["Chill","Sunder"],"picked":"Machine Learning","floor":13},{"not_picked":["Beam Cell","Coolheaded"],"picked":"Heatsinks","floor":13},{"not_picked":["Chill","Streamline"],"picked":"Gash","floor":14},{"not_picked":["Steam Power","Cold Snap"],"picked":"Gash","floor":14},{"not_picked":["All For One","Machine Learning"],"picked":"Creative AI","floor":16},{"not_picked":["Steam","Go for the Eyes+1"],"picked":"Conserve Battery","floor":18},{"not_picked":["FTL","Chaos"],"picked":"Cold Snap","floor":18},{"not_picked":["Fusion","Streamline+1"],"picked":"Cold Snap","floor":19},{"not_picked":["Coolheaded","Reinforced Body+1"],"picked":"Hologram","floor":19}],"player_experience":306001,"relics_obtained":[{"floor":8,"key":"Old Coin"},{"floor":9,"key":"Prayer Wheel"}],"event_choices":[{"damage_healed":0,"gold_gain":0,"player_choice":"3 cards matched","damage_taken":0,"max_hp_gain":0,"max_hp_loss":0,"event_name":"Match and Keep!","floor":2,"gold_loss":0,"cards_obtained":["Rebound","Zap","Swift Strike"]},{"damage_healed":0,"gold_gain":0,"player_choice":"Got Potions","damage_taken":0,"max_hp_gain":0,"max_hp_loss":0,"event_name":"The Lab","floor":4,"gold_loss":0},{"damage_healed":0,"gold_gain":0,"cards_transformed":["Strike_B"],"player_choice":"Transformed","damage_taken":0,"max_hp_gain":0,"max_hp_loss":0,"event_name":"Transmorgrifier","floor":11,"gold_loss":0,"cards_obtained":["Core Surge"]}],"is_beta":false,"boss_relics":[{"not_picked":["Runic Dome","Sozu"],"picked":"Eternal Feather"}],"items_purged_floors":[12],"is_endless":false,"potions_floor_spawned":[7,13],"killed_by":"Chosen and Byrds","ascension_level":10}