{"gold_per_floor":[119,132,148,323,338,338,372,372,372,93,110,145,145,161,161,258,258,274,274,288,32,32,43,43,43,43,75,75,86,119,132,132,234,234,246,60,60,60,0,29,29,54,134,149,149,149,249,259,259,259,259,259,87,118,118],"floor_reached":55,"playtime":3832,"items_purged":["Doubt","Strike_B","Strike_B"],"score":768,"play_id":"8608963d-31d4-45a2-9b3f-ca55747f2623","local_time":"20190107005845","is_ascension_mode":false,"campfire_choices":[{"data":"Blizzard","floor":6.0,"key":"SMITH"},{"floor":8.0,"key":"REST"},{"floor":15.0,"key":"REST"},{"floor":28.0,"key":"REST"},{"floor":32.0,"key":"REST"},{"floor":41,"key":"REST"},{"floor":49,"key":"RECALL"},{"data":"Blizzard","floor":52,"key":"SMITH"}],"neow_cost":"NONE","seed_source_timestamp":181234367095482,"circlet_count":0,"master_deck":["Strike_B","Defend_B","Defend_B","Defend_B","Defend_B","Zap","Dualcast+1","Core Surge","Blizzard+1","Cold Snap+1","Cold Snap","Gash","Glacier","Forethought+1","Cold Snap","Finesse","Cold Snap","Crippling Poison+1","Panacea+1","Ball Lightning+1","Envenom","Glacier+1","Blizzard+1","Coolheaded","Consume+1","Coolheaded"],"special_seed":0,"relics":["Cracked Core","Incense Burner","Ornamental Fan","PrismaticShard","Kunai","Sozu","Sling","MutagenicStrength","Emotion Chip","Juzu Bracelet","Lizard Tail","Ice Cream","Red Mask","Omamori","Vajra","Blue Candle","Shovel","Gambling Chip"],"potions_floor_usage":[50],"damage_taken":[{"damage":3.0,"enemies":"Jaw Worm","floor":1.0,"turns":3.0},{"damage":5.0,"enemies":"2 Louse","floor":2.0,"turns":2.0},{"damage":0.0,"enemies":"Cultist","floor":3.0,"turns":3.0},{"damage":8.0,"enemies":"Large Slime","floor":5.0,"turns":4.0},{"damage":33.0,"enemies":"Lagavulin","floor":7.0,"turns":9.0},{"damage":0.0,"enemies":"2 Fungi Beasts","floor":11.0,"turns":3.0},{"damage":0.0,"enemies":"Gremlin Nob","floor":12.0,"turns":4.0},{"damage":5.0,"enemies":"Lots of Slimes","floor":14.0,"turns":2.0},{"damage":12.0,"enemies":"The Guardian","floor":16.0,"turns":13.0},{"damage":3.0,"enemies":"Spheric Guardian","floor":18.0,"turns":4.0},{"damage":0.0,"enemies":"Shell Parasite","floor":20.0,"turns":6.0},{"damage":19.0,"enemies":"Snake Plant","floor":23.0,"turns":5.0},{"damage":19.0,"enemies":"Slavers","floor":27.0,"turns":4.0},{"damage":0.0,"enemies":"Shelled Parasite and Fungi","floor":29.0,"turns":5.0},{"damage":1.0,"enemies":"Gremlin Leader","floor":30.0,"turns":4.0},{"damage":1.0,"enemies":"Cultist and Chosen","floor":31.0,"turns":6.0},{"damage":27.0,"enemies":"Champ","floor":33.0,"turns":12.0},{"damage":7,"enemies":"Orb Walker","floor":35,"turns":4},{"damage":32,"enemies":"Nemesis","floor":40,"turns":9},{"damage":4,"enemies":"3 Shapes","floor":44,"turns":4},{"damage":11,"enemies":"Mind Bloom Boss Battle","floor":47,"turns":9},{"damage":0,"enemies":"Sphere and 2 Shapes","floor":48,"turns":8},{"damage":49,"enemies":"Time Eater","floor":50,"turns":17},{"damage":58,"enemies":"Shield and Spear","floor":54,"turns":9},{"damage":651,"enemies":"The Heart","floor":55,"turns":17}],"seed_played":"7469486925585218597","potions_obtained":[{"floor":3.0,"key":"FairyPotion"},{"floor":14.0,"key":"FairyPotion"},{"floor":16.0,"key":"LiquidBronze"}],"is_trial":false,"path_per_floor":["M","M","M","?","M","R","E","R","T","$","M","E","?","M","R","B",null,"M","?","M","$","?","M","?","$","T","E","R","M","E","M","R","B",null,"M","$","$","?","?","E","R","T","T","M","?","?","?","M","R","B",null,"R","$","E","B"],"character_chosen":"DEFECT","items_purchased":["PrismaticShard","Sling","Cold Snap","Blizzard","Coolheaded","Coolheaded"],"campfire_rested":5,"item_purchase_floors":[10,21,21,36,36,53],"current_hp_per_floor":[72,67,67,67,59,59,26,48,48,48,48,48,33,28,50,38,75,72,72,72,72,72,53,53,53,53,34,56,56,55,54,75,48,75,68,68,68,68,68,36,58,58,58,54,73,73,62,62,62,13,75,75,75,75,60],"gold":118,"neow_bonus":"TRANSFORM_CARD","is_prod":false,"is_daily":false,"chose_seed":false,"campfire_upgraded":2,"win_rate":0,"timestamp":1546840725,"path_taken":["M","M","M","?","M","R","E","R","T","$","M","E","?","M","R","BOSS","M","?","?","$","?","M","?","$","T","E","R","M","E","M","R","BOSS","M","?","$","?","?","E","R","?","T","M","?","?","?","M","R","BOSS","R","$","E","BOSS"],"build_version":"2019-01-03v4","purchased_purges":3,"victory":false,"max_hp_per_floor":[75,75,75,75,75,75,75,75,75,75,75,75,75,75,75,75,75,75,75,75,75,75,75,75,75,75,75,75,75,75,75,75,75,75,75,75,75,75,75,75,75,75,75,75,75,75,75,75,75,75,75,75,75,75,75],"card_choices":[{"not_picked":["Conserve Battery","Ball Lightning"],"picked":"Blizzard","floor":1.0},{"not_picked":["Conserve Battery","Rebound"],"picked":"Cold Snap","floor":2.0},{"not_picked":["Compile Driver","Leap"],"picked":"Cold Snap","floor":3.0},{"not_picked":["Streamline","Compile Driver"],"picked":"Gash","floor":5.0},{"not_picked":["Ball Lightning","Melter"],"picked":"Glacier","floor":7.0},{"not_picked":["Backstab","Dagger Spray"],"picked":"Ball Lightning","floor":11.0},{"not_picked":["Dual Wield","Underhanded Strike"],"picked":"Forethought","floor":12.0},{"not_picked":["Distraction","Riddle With Holes"],"picked":"Cold Snap","floor":14.0},{"not_picked":["Scrape+1","Compile Driver"],"picked":"Finesse","floor":18.0},{"not_picked":["Perfected Strike","Reprogram+1","Hologram+1"],"picked":"SKIP","floor":20.0},{"not_picked":["Outmaneuver","Undo+1"],"picked":"Crippling Poison","floor":23.0},{"not_picked":["Glass Knife","Cleave","Bane"],"picked":"SKIP","floor":27.0},{"not_picked":["Jack Of All Trades","Poisoned Stab+1"],"picked":"Panacea+1","floor":29.0},{"not_picked":["Scrape","Perfected Strike","Fire Breathing"],"picked":"SKIP","floor":30.0},{"not_picked":["Second Wind","Havoc"],"picked":"Ball Lightning+1","floor":31.0},{"not_picked":["Master of Strategy","Sadistic Nature"],"picked":"Envenom","floor":33.0},{"not_picked":["Armaments","Warcry+1"],"picked":"Glacier+1","floor":35},{"not_picked":["Coolheaded","Sweeping Beam+1","Searing Blow+1"],"picked":"SKIP","floor":40},{"not_picked":["True Grit+1","Twin Strike","Deflect+1"],"picked":"SKIP","floor":44},{"not_picked":["Twin Strike","Sucker Punch"],"picked":"Consume+1","floor":47},{"not_picked":["Wraith Form v2","Leap+1","Underhanded Strike+1"],"picked":"SKIP","floor":48},{"not_picked":["Deadly Poison","Armaments+1","PiercingWail"],"picked":"SKIP","floor":54}],"player_experience":450549,"relics_obtained":[{"floor":7.0,"key":"Incense Burner"},{"floor":9.0,"key":"Ornamental Fan"},{"floor":12.0,"key":"Kunai"},{"floor":27.0,"key":"Emotion Chip"},{"floor":30.0,"key":"Juzu Bracelet"},{"floor":40,"key":"Omamori"},{"floor":42,"key":"Vajra"},{"floor":43,"key":"Blue Candle"},{"floor":47,"key":"Shovel"},{"floor":54,"key":"Gambling Chip"}],"event_choices":[{"damage_healed":0.0,"max_hp_gain":0.0,"max_hp_loss":0.0,"gold_gain":175.0,"event_name":"Liars Game","player_choice":"AGREE","floor":4.0,"gold_loss":0.0,"damage_taken":0.0,"cards_obtained":["Doubt"]},{"damage_healed":0.0,"max_hp_gain":0.0,"max_hp_loss":0.0,"gold_gain":0.0,"event_name":"Shining Light","player_choice":"Entered Light","floor":13.0,"gold_loss":0.0,"damage_taken":15.0,"cards_upgraded":["Cold Snap","Dualcast"]},{"damage_healed":0.0,"max_hp_gain":0.0,"max_hp_loss":0.0,"gold_gain":0.0,"event_name":"Upgrade Shrine","player_choice":"Upgraded","floor":19.0,"gold_loss":0.0,"damage_taken":0.0,"cards_upgraded":["Forethought"]},{"damage_healed":0.0,"max_hp_gain":0.0,"max_hp_loss":0.0,"gold_gain":0.0,"event_name":"Drug Dealer","player_choice":"Inject Mutagens","floor":22.0,"gold_loss":0.0,"damage_taken":0.0,"relics_obtained":["MutagenicStrength"]},{"damage_healed":0.0,"max_hp_gain":0.0,"max_hp_loss":0.0,"gold_gain":0.0,"event_name":"Accursed Blacksmith","player_choice":"Forge","floor":24.0,"gold_loss":0.0,"damage_taken":0.0,"cards_upgraded":["Crippling Poison"]},{"cards_removed":["Ball Lightning"],"damage_healed":0,"gold_gain":0,"player_choice":"Gave Card","damage_taken":0,"relics_obtained":["Ice Cream"],"max_hp_gain":0,"max_hp_loss":0,"event_name":"WeMeetAgain","floor":38,"gold_loss":0},{"damage_healed":0,"gold_gain":0,"player_choice":"Paid","damage_taken":0,"relics_obtained":["Red Mask"],"max_hp_gain":0,"max_hp_loss":0,"event_name":"Tomb of Lord Red Mask","floor":39,"gold_loss":60},{"damage_healed":19,"gold_gain":0,"player_choice":"Writhe","damage_taken":0,"max_hp_gain":0,"max_hp_loss":0,"event_name":"Winding Halls","floor":45,"gold_loss":0,"cards_obtained":["Writhe"]},{"damage_healed":0,"gold_gain":0,"player_choice":"Ignored","damage_taken":0,"max_hp_gain":0,"max_hp_loss":0,"event_name":"Mysterious Sphere","floor":46,"gold_loss":0},{"damage_healed":0,"gold_gain":0,"player_choice":"Fight","damage_taken":0,"max_hp_gain":0,"max_hp_loss":0,"event_name":"MindBloom","floor":47,"gold_loss":0}],"is_beta":false,"boss_relics":[{"not_picked":["Runic Pyramid","Coffee Dripper"],"picked":"Sozu"},{"not_picked":["Pandora\u0027s Box","Snecko Eye"],"picked":"Lizard Tail"}],"items_purged_floors":[10,36,53],"is_endless":false,"potions_floor_spawned":[3,14,16,27,29,31,47,48,54],"killed_by":"The Heart","ascension_level":0}