{"gold_per_floor":[119,394,409,409,334,369,369,379,404,436,102,102,102,122,122,122],"floor_reached":16,"playtime":1595,"items_purged":["Regret","Writhe"],"score":157,"play_id":"dc0a263a-d975-4af2-86c2-1b194dcf1d85","local_time":"20181119203537","is_ascension_mode":true,"campfire_choices":[{"floor":7,"key":"REST"},{"floor":13,"key":"REST"},{"floor":15,"key":"REST"}],"neow_cost":"CURSE","seed_source_timestamp":23008228455362,"circlet_count":0,"master_deck":["Strike_B","Strike_B","Strike_B","Defend_B","Defend_B","Defend_B","Zap","Dualcast","Reboot","Meteor Strike","White Noise","Fusion","Turbo","Go for the Eyes","Coolheaded","Reinforced Body","Cold Snap","Genetic Algorithm"],"relics":["Cracked Core","Bag of Preparation","PreservedInsect","Blue Candle","Anchor","Bottled Flame"],"potions_floor_usage":[6,10],"damage_taken":[{"damage":7,"enemies":"Jaw Worm","floor":1,"turns":3},{"damage":9,"enemies":"Cultist","floor":3,"turns":4},{"damage":54,"enemies":"Gremlin Nob","floor":6,"turns":5},{"damage":0,"enemies":"2 Louse","floor":8,"turns":2},{"damage":24,"enemies":"Lagavulin","floor":10,"turns":5},{"damage":2,"enemies":"Exordium Thugs","floor":14,"turns":5},{"damage":62,"enemies":"Slime Boss","floor":16,"turns":7}],"seed_played":"-7585820284667709225","potions_obtained":[{"floor":3,"key":"Regen Potion"},{"floor":8,"key":"Strength Potion"},{"floor":14,"key":"FearPotion"}],"is_trial":false,"path_per_floor":["M","?","M","?","$","E","R","M","T","E","$","T","R","M","R","B"],"character_chosen":"DEFECT","items_purchased":["Reinforced Body","Cold Snap","Anchor"],"campfire_rested":3,"item_purchase_floors":[11,11,11],"current_hp_per_floor":[61,61,52,57,57,15,39,39,39,15,15,15,39,37,61,0],"gold":122,"neow_bonus":"TRANSFORM_TWO_CARDS","is_prod":false,"is_daily":false,"chose_seed":false,"campfire_upgraded":0,"win_rate":0,"timestamp":1542656137,"path_taken":["M","?","?","?","$","E","R","M","T","E","$","?","R","M","R","BOSS"],"build_version":"2018-11-15","purchased_purges":2,"victory":false,"max_hp_per_floor":[75,75,75,80,80,80,80,80,80,80,80,80,80,80,80,80],"card_choices":[{"not_picked":["Tempest","Coolheaded"],"picked":"White Noise","floor":1},{"not_picked":["Consume","Go for the Eyes"],"picked":"Fusion","floor":3},{"not_picked":["Thunder Strike","Coolheaded"],"picked":"Turbo","floor":6},{"not_picked":["Beam Cell","Steam"],"picked":"Go for the Eyes","floor":8},{"not_picked":["Rebound","Static Discharge"],"picked":"Coolheaded","floor":10},{"not_picked":["Barrage","Sweeping Beam"],"picked":"Genetic Algorithm","floor":14}],"player_experience":453416,"relics_obtained":[{"floor":6,"key":"Bag of Preparation"},{"floor":9,"key":"PreservedInsect"},{"floor":10,"key":"Blue Candle"},{"floor":12,"key":"Bottled Flame"}],"event_choices":[{"damage_healed":0,"gold_gain":275,"player_choice":"Desecrate","damage_taken":0,"max_hp_gain":0,"max_hp_loss":0,"event_name":"Golden Shrine","floor":2,"gold_loss":0,"cards_obtained":["Regret"]},{"damage_healed":0,"gold_gain":0,"player_choice":"Donut","damage_taken":0,"max_hp_gain":5,"max_hp_loss":0,"event_name":"Big Fish","floor":4,"gold_loss":0}],"is_beta":true,"boss_relics":[],"items_purged_floors":[5,11],"is_endless":false,"potions_floor_spawned":[3,8,14],"killed_by":"Slime Boss","ascension_level":9}