{"path_per_floor":["M","?","M","M","?","R","E","?","T","M","R","?","M","T","R","B",null,"M","?","$","M","?","R","?","T","T","M","$","$","M","M","R","B",null,"M","T","?","M","$","R","?","M","T","M","M","R","M","M","R","B"],"character_chosen":"IRONCLAD","items_purchased":["Flex","Madness","Shockwave","Corruption","Purity"],"gold_per_floor":[139,139,156,175,175,175,206,156,156,171,171,227,240,240,240,345,345,357,257,54,67,67,67,67,67,91,106,106,37,57,69,69,167,167,178,178,178,188,19,19,19,38,65,77,92,92,109,122,122,122],"floor_reached":51,"campfire_rested":4,"playtime":2455,"current_hp_per_floor":[69,53,59,59,64,64,36,36,36,42,42,32,25,25,50,24,70,54,54,54,59,59,59,85,85,85,50,50,50,43,20,60,14,67,65,65,54,63,63,63,63,66,66,39,23,64,52,58,88,69],"items_purged":["Barricade"],"gold":122,"score":691,"play_id":"20d14d26-cf66-43a7-99d9-d32c0203c98f","is_prod":false,"is_daily":false,"is_ascension_mode":true,"campfire_upgraded":4,"path_taken":["M","?","M","M","?","R","E","?","T","M","R","?","M","?","R","BOSS","M","?","$","M","?","R","?","?","T","M","?","$","M","?","R","BOSS","M","?","?","M","$","R","?","?","T","M","M","R","M","M","R","BOSS"],"build_version":"2018-02-22-PROD2","purchased_purges":2,"victory":true,"master_deck":["Strike_R+1","Strike_R+1","Defend_R","Defend_R+1","Bash","Searing Blow+3","Warcry","Headbutt","Whirlwind","Demon Form","Heavy Blade+1","Second Wind+1","J.A.X.","Flex","Metallicize","Havoc","Shockwave","Metallicize","Immolate","Feed","Corruption","Madness","Madness","Pummel+1","Corruption+1","Purity","Warcry+1","Feel No Pain+1","Corruption+1"],"max_hp_per_floor":[80,80,80,80,85,85,85,85,85,85,85,85,85,85,85,85,85,85,85,85,85,85,85,85,85,85,85,85,85,85,85,85,85,85,85,85,85,88,88,88,88,88,88,88,88,88,88,88,88,88],"relics":["Burning Blood","Tiny Chest","Torii","Bottled Lightning","War Paint","Dead Branch","Astrolabe","Charon\u0027s Ashes","Regal Pillow","Sozu","Calipers","Juzu Bracelet"],"card_choices":[{"not_picked":["True Grit","Flame Barrier"],"picked":"Searing Blow"},{"not_picked":["Anger","Exhume"],"picked":"Warcry"},{"not_picked":["Feel No Pain","Iron Wave"],"picked":"Headbutt"},{"not_picked":["Thunderclap","Wild Strike"],"picked":"Whirlwind"},{"not_picked":["Immolate","Exhume"],"picked":"Demon Form"},{"not_picked":["Body Slam","Hemokinesis"],"picked":"Metallicize"},{"not_picked":["Clothesline","Perfected Strike"],"picked":"Havoc"},{"not_picked":["Dual Wield","Sever Soul"],"picked":"Metallicize"},{"not_picked":["Twin Strike","Anger"],"picked":"Immolate"},{"not_picked":["Reaper","Immolate"],"picked":"Feed"},{"not_picked":["Dual Wield","Shockwave"],"picked":"Corruption"},{"not_picked":["Heavy Blade","Thunderclap"],"picked":"Pummel"},{"not_picked":["Clothesline","Cleave"],"picked":"Warcry"},{"not_picked":["Headbutt","Thunderclap"],"picked":"Feel No Pain"},{"not_picked":["Pommel Strike","Clash"],"picked":"Corruption"}],"player_experience":223186,"potions_floor_usage":[12,16,21,21,31],"damage_taken":[{"damage":9,"enemies":"Jaw Worm","floor":1,"turns":3},{"damage":0,"enemies":"Small Slimes","floor":3,"turns":3},{"damage":6,"enemies":"Cultist","floor":4,"turns":3},{"damage":34,"enemies":"3 Sentries","floor":7,"turns":8},{"damage":0,"enemies":"3 Louse","floor":10,"turns":3},{"damage":16,"enemies":"Gremlin Nob","floor":12,"turns":3},{"damage":13,"enemies":"Blue Slaver","floor":13,"turns":2},{"damage":32,"enemies":"The Guardian","floor":16,"turns":13},{"damage":22,"enemies":"3 Byrds","floor":18,"turns":7},{"damage":1,"enemies":"2 Thieves","floor":21,"turns":4},{"damage":41,"enemies":"Snake Plant","floor":27,"turns":4},{"damage":13,"enemies":"Centurion and Healer","floor":30,"turns":6},{"damage":29,"enemies":"Cultist and Chosen","floor":31,"turns":6},{"damage":52,"enemies":"Automaton","floor":33,"turns":12},{"damage":8,"enemies":"Orb Walker","floor":35,"turns":3},{"damage":0,"enemies":"3 Shapes","floor":38,"turns":3},{"damage":3,"enemies":"Sphere and 2 Shapes","floor":42,"turns":3},{"damage":33,"enemies":"4 Shapes","floor":44,"turns":2},{"damage":22,"enemies":"Maw","floor":45,"turns":7},{"damage":18,"enemies":"Sphere and 2 Shapes","floor":47,"turns":5},{"damage":0,"enemies":"4 Shapes","floor":48,"turns":3},{"damage":25,"enemies":"Awakened One","floor":50,"turns":8}],"event_choices":[{"event_name":"Shining Light","player_choice":"Entered Light","floor":2,"damage_taken":0},{"event_name":"Big Fish","player_choice":"Donut","floor":5,"damage_taken":0},{"event_name":"The Cleric","player_choice":"Card Removal","floor":8,"damage_taken":0},{"event_name":"Dead Adventurer","player_choice":"Searched \u00271\u0027 times","floor":12,"damage_taken":0},{"event_name":"Drug Dealer","player_choice":"Got JAXXED","floor":19,"damage_taken":0},{"event_name":"The Woman in Blue","player_choice":"Bought 0 Potions","floor":22,"damage_taken":0},{"event_name":"Bonfire Elementals","player_choice":"UNCOMMON","floor":24,"damage_taken":0},{"event_name":"Winding Halls","player_choice":"Embrace Madness","floor":37,"damage_taken":0}],"boss_relics":[{"not_picked":["Runic Pyramid","Eternal Feather"],"picked":"Astrolabe"},{"not_picked":["Runic Dome","Calling Bell"],"picked":"Sozu"}],"potions_floor_spawned":[4,7,12,13,16,18,30,38,42,47,48],"seed_played":"-4198394581885975157","ascension_level":6,"is_trial":false}