{"gold_per_floor":[116,116,89,99,174,174,189,189,189,217,52,52,72,101,101,202,202,215,215,21,39,39,39,64,64,88,100,112,124,136,161,173,185],"floor_reached":33,"playtime":1383,"items_purged":[],"score":309,"play_id":"7c29c729-e108-4322-bf5c-209ea07bad34","local_time":"20190209225542","is_ascension_mode":true,"campfire_choices":[{"data":"Redo","floor":6,"key":"SMITH"},{"floor":12,"key":"REST"},{"floor":15,"key":"REST"},{"data":"Static Discharge","floor":23,"key":"SMITH"},{"data":"Fission","floor":25,"key":"SMITH"},{"data":"Machine Learning","floor":27,"key":"SMITH"},{"floor":29,"key":"REST"},{"floor":32,"key":"REST"}],"neow_cost":"NONE","seed_source_timestamp":263337673929876,"circlet_count":0,"master_deck":["Strike_B","Strike_B","Strike_B","Strike_B","Defend_B","Defend_B","Defend_B","Zap+1","Dualcast","Capacitor","Streamline","Cold Snap","Redo+1","Leap","Double Energy","Fission+1","Static Discharge+1","Core Surge","Compile Driver","Machine Learning+1","Leap","Shame","Rebound+1","Darkness+1","Seek"],"relics":["Cracked Core","The Courier","Bag of Marbles","Bag of Preparation","Bird Faced Urn","Nuclear Battery","Oddly Smooth Stone","Cables","Bottled Flame","PreservedInsect","MawBank","MutagenicStrength"],"potions_floor_usage":[16,16,28,33],"damage_taken":[{"damage":0,"enemies":"Small Slimes","floor":1,"turns":3},{"damage":7,"enemies":"2 Louse","floor":4,"turns":2},{"damage":5,"enemies":"Jaw Worm","floor":7,"turns":3},{"damage":9,"enemies":"Gremlin Nob","floor":10,"turns":3},{"damage":0,"enemies":"Large Slime","floor":13,"turns":6},{"damage":22,"enemies":"3 Sentries","floor":14,"turns":7},{"damage":13,"enemies":"Slime Boss","floor":16,"turns":6},{"damage":7,"enemies":"Chosen","floor":18,"turns":4},{"damage":11,"enemies":"2 Thieves","floor":21,"turns":3},{"damage":29,"enemies":"Slavers","floor":24,"turns":5},{"damage":0,"enemies":"Colosseum Slavers","floor":28,"turns":1},{"damage":24,"enemies":"Shelled Parasite and Fungi","floor":31,"turns":3},{"damage":66,"enemies":"Champ","floor":33,"turns":7}],"seed_played":"4424038060565489255","potions_obtained":[{"floor":1,"key":"AttackPotion"},{"floor":13,"key":"FearPotion"},{"floor":14,"key":"Swift Potion"},{"floor":21,"key":"AttackPotion"},{"floor":31,"key":"Energy Potion"}],"is_trial":false,"path_per_floor":["M","?","$","M","?","R","M","?","T","E","$","R","M","E","R","B",null,"M","?","$","M","T","R","E","R","T","R","?","R","?","M","R","B"],"character_chosen":"DEFECT","items_purchased":["Cold Snap","Fission","Static Discharge","Cables"],"campfire_rested":4,"item_purchase_floors":[3,11,11,20],"current_hp_per_floor":[75,75,75,68,57,57,52,45,45,36,36,58,58,36,58,47,75,68,68,68,61,61,61,38,38,38,38,38,60,60,38,60,0],"gold":185,"neow_bonus":"TRANSFORM_CARD","is_prod":false,"is_daily":false,"chose_seed":false,"campfire_upgraded":4,"win_rate":0,"timestamp":1549770942,"path_taken":["M","?","$","M","?","R","M","?","T","E","$","R","M","E","R","BOSS","M","?","$","M","?","R","E","R","T","R","?","R","?","M","R","BOSS"],"build_version":"2019-01-23","purchased_purges":0,"victory":false,"max_hp_per_floor":[75,75,75,75,75,75,75,75,75,75,75,75,75,75,75,75,75,75,75,75,75,75,75,75,75,75,75,75,75,75,75,75,75],"card_choices":[{"not_picked":["Reprogram","Rebound"],"picked":"Streamline","floor":1},{"not_picked":["Undo","Blizzard"],"picked":"Redo","floor":4},{"not_picked":["Turbo","Ball Lightning"],"picked":"Leap","floor":7},{"not_picked":["Hologram","Reinforced Body"],"picked":"Double Energy","floor":10},{"not_picked":["Streamline","Chaos"],"picked":"Core Surge","floor":13},{"not_picked":["Recycle","Rebound"],"picked":"Compile Driver","floor":14},{"not_picked":["Thunder Strike","Hyperbeam"],"picked":"Machine Learning","floor":16},{"not_picked":["Recycle","Double Energy"],"picked":"Leap","floor":18},{"not_picked":["Barrage","Turbo"],"picked":"Rebound+1","floor":21},{"not_picked":["Force Field","Leap"],"picked":"Darkness+1","floor":24},{"not_picked":["Barrage","Fusion"],"picked":"Seek","floor":31}],"player_experience":170696,"relics_obtained":[{"floor":9,"key":"Bag of Marbles"},{"floor":10,"key":"Bag of Preparation"},{"floor":14,"key":"Bird Faced Urn"},{"floor":22,"key":"Bottled Flame"},{"floor":24,"key":"PreservedInsect"},{"floor":26,"key":"MawBank"}],"event_choices":[{"damage_healed":0,"gold_gain":0,"player_choice":"Grow","damage_taken":0,"max_hp_gain":0,"max_hp_loss":0,"event_name":"Living Wall","floor":2,"gold_loss":0,"cards_upgraded":["Zap"]},{"damage_healed":0,"gold_gain":75,"player_choice":"Gather Gold","damage_taken":11,"max_hp_gain":0,"max_hp_loss":0,"event_name":"World of Goop","floor":5,"gold_loss":0},{"damage_healed":0,"gold_gain":0,"player_choice":"Success","damage_taken":7,"relics_obtained":["The Courier"],"max_hp_gain":0,"max_hp_loss":0,"event_name":"Scrap Ooze","floor":8,"gold_loss":0},{"damage_healed":0,"gold_gain":0,"player_choice":"Stole Relic","damage_taken":0,"relics_obtained":["Oddly Smooth Stone"],"max_hp_gain":0,"max_hp_loss":0,"event_name":"Addict","floor":19,"gold_loss":0,"cards_obtained":["Shame"]},{"damage_healed":0,"gold_gain":0,"player_choice":"Fight","damage_taken":0,"max_hp_gain":0,"max_hp_loss":0,"event_name":"Colosseum","floor":28,"gold_loss":0},{"damage_healed":0,"gold_gain":0,"player_choice":"Fled From Nobs","damage_taken":0,"max_hp_gain":0,"max_hp_loss":0,"event_name":"Colosseum","floor":28,"gold_loss":0},{"damage_healed":0,"gold_gain":0,"player_choice":"Inject Mutagens","damage_taken":0,"relics_obtained":["MutagenicStrength"],"max_hp_gain":0,"max_hp_loss":0,"event_name":"Drug Dealer","floor":30,"gold_loss":0}],"is_beta":false,"boss_relics":[{"not_picked":["Eternal Feather","Busted Crown"],"picked":"Nuclear Battery"}],"items_purged_floors":[],"is_endless":false,"potions_floor_spawned":[1,13,14,21,28,31],"killed_by":"Champ","ascension_level":3}