{"gold_per_floor":[118,137,149,166,180,211,268,268],"floor_reached":8,"playtime":977,"items_purged":[],"score":69,"play_id":"4a29716d-7876-4f24-a5bb-b2261aa4e818","local_time":"20190308095555","is_ascension_mode":true,"campfire_choices":[],"neow_cost":"NONE","seed_source_timestamp":0,"circlet_count":0,"master_deck":["Strike_B","Strike_B","Strike_B","Strike_B","Defend_B","Defend_B","Defend_B","Defend_B","Zap","Dualcast","Leap","Chaos","Loop","Leap","Cold Snap","Stack"],"special_seed":0,"relics":["Cracked Core","Pen Nib","Lantern"],"potions_floor_usage":[8,8],"damage_taken":[{"damage":2.0,"enemies":"Jaw Worm","floor":1.0,"turns":4.0},{"damage":4.0,"enemies":"2 Louse","floor":2.0,"turns":2.0},{"damage":0.0,"enemies":"Cultist","floor":3.0,"turns":3.0},{"damage":6.0,"enemies":"Looter","floor":4.0,"turns":4.0},{"damage":0.0,"enemies":"Blue Slaver","floor":5.0,"turns":5.0},{"damage":25.0,"enemies":"Gremlin Nob","floor":6.0,"turns":4.0},{"damage":40.0,"enemies":"3 Sentries","floor":7.0,"turns":10.0},{"damage":5,"enemies":"Lagavulin","floor":8,"turns":4}],"seed_played":"-3317550165281608020","potions_obtained":[{"floor":1.0,"key":"Poison Potion"},{"floor":4.0,"key":"SkillPotion"},{"floor":5.0,"key":"Swift Potion"}],"is_trial":false,"path_per_floor":["M","M","M","M","M","E","?","E"],"character_chosen":"DEFECT","items_purchased":[],"campfire_rested":0,"item_purchase_floors":[],"current_hp_per_floor":[80,76,76,70,70,45,5,0],"gold":268,"neow_bonus":"TEN_PERCENT_HP_BONUS","is_prod":false,"is_daily":false,"chose_seed":false,"campfire_upgraded":0,"win_rate":0,"timestamp":1552028155,"path_taken":["M","M","M","M","M","E","?","E"],"build_version":"2019-01-23","purchased_purges":0,"victory":false,"max_hp_per_floor":[82,82,82,82,82,82,82,82],"card_choices":[{"not_picked":["Skim","Steam Power","Steam"],"picked":"SKIP","floor":1.0},{"not_picked":["Darkness","Hologram"],"picked":"Leap","floor":2.0},{"not_picked":["Stack","Streamline"],"picked":"Chaos","floor":3.0},{"not_picked":["Conserve Battery","Beam Cell"],"picked":"Loop","floor":4.0},{"not_picked":["Blizzard","Redo"],"picked":"Leap","floor":5.0},{"not_picked":["Static Discharge","Streamline"],"picked":"Cold Snap","floor":6.0},{"not_picked":["Beam Cell","Barrage"],"picked":"Stack","floor":7}],"player_experience":395756,"relics_obtained":[{"floor":6.0,"key":"Pen Nib"}],"event_choices":[{"damage_healed":0.0,"max_hp_gain":0.0,"max_hp_loss":0.0,"gold_gain":0.0,"event_name":"Dead Adventurer","player_choice":"Searched \u00272\u0027 times","floor":7.0,"gold_loss":0.0,"damage_taken":0.0,"relics_obtained":["Lantern"]}],"is_beta":false,"boss_relics":[],"items_purged_floors":[],"is_endless":false,"potions_floor_spawned":[1,4,5],"killed_by":"Lagavulin","ascension_level":3}