{"gold_per_floor":[117,117,133,133,150,181,181,211,234,246,258,288,320,347,359,442,454,476,488,520,532,555,567,54,88,138,138,138,153,10,10,10,85,85,100,100,113,113,133,133,144,156,203,30,96,546,596,646,646,646],"floor_reached":51,"playtime":2246,"items_purged":["Decay","Parasite"],"score":1222,"play_id":"59e83d21-f9e3-4a32-af90-50e3e9e10c60","local_time":"20190213182047","is_ascension_mode":true,"campfire_choices":[{"floor":7,"key":"REST"},{"floor":11,"key":"REST"},{"floor":15,"key":"REST"},{"floor":23,"key":"REST"},{"floor":27,"key":"REST"},{"floor":32,"key":"REST"},{"floor":40,"key":"REST"},{"floor":49,"key":"REST"}],"neow_cost":"NONE","seed_source_timestamp":857305385065560,"circlet_count":0,"master_deck":["AscendersBane","Defend_R","Defend_R","Defend_R","Defend_R","Bash","Body Slam","Shrug It Off","Armaments","Battle Trance","Pommel Strike","Heavy Blade","Whirlwind","Pommel Strike","Impervious","Reaper","Shrug It Off","Bite","Bite","Bite","Bite","Bite","Intimidate","Fiend Fire","Inflame+1","Pommel Strike+1","Offering","Body Slam+1","Secret Weapon"],"relics":["Fusion Hammer","Red Skull","Dream Catcher","MawBank","Runic Pyramid","Enchiridion","Paper Frog","Magic Flower","Orichalcum","Frozen Egg 2","Bag of Marbles","Lizard Tail","SsserpentHead","Omamori","Old Coin"],"potions_floor_usage":[8,25,33,33,50,50],"damage_taken":[{"damage":3,"enemies":"Jaw Worm","floor":1,"turns":4},{"damage":9,"enemies":"2 Louse","floor":3,"turns":3},{"damage":0,"enemies":"Cultist","floor":5,"turns":2},{"damage":35,"enemies":"3 Sentries","floor":6,"turns":12},{"damage":24,"enemies":"Gremlin Nob","floor":8,"turns":4},{"damage":6,"enemies":"Looter","floor":12,"turns":2},{"damage":3,"enemies":"Red Slaver","floor":13,"turns":2},{"damage":4,"enemies":"2 Fungi Beasts","floor":14,"turns":3},{"damage":46,"enemies":"Hexaghost","floor":16,"turns":11},{"damage":22,"enemies":"Shell Parasite","floor":18,"turns":7},{"damage":2,"enemies":"Chosen","floor":20,"turns":3},{"damage":20,"enemies":"Snecko","floor":22,"turns":5},{"damage":15,"enemies":"Book of Stabbing","floor":25,"turns":3},{"damage":0,"enemies":"Cultist and Chosen","floor":29,"turns":6},{"damage":40,"enemies":"Automaton","floor":33,"turns":7},{"damage":16,"enemies":"Orb Walker","floor":35,"turns":3},{"damage":17,"enemies":"3 Shapes","floor":37,"turns":3},{"damage":0,"enemies":"Writhing Mass","floor":39,"turns":3},{"damage":16,"enemies":"Transient","floor":41,"turns":5},{"damage":31,"enemies":"Maw","floor":42,"turns":7},{"damage":15,"enemies":"4 Shapes","floor":45,"turns":3},{"damage":6,"enemies":"Mind Bloom Boss Battle","floor":46,"turns":4},{"damage":49,"enemies":"Donu and Deca","floor":50,"turns":5}],"seed_played":"-2420446043700132584","potions_obtained":[{"floor":1,"key":"FearPotion"},{"floor":4,"key":"FairyPotion"},{"floor":12,"key":"GamblersBrew"},{"floor":13,"key":"Strength Potion"},{"floor":18,"key":"Poison Potion"},{"floor":25,"key":"SpeedPotion"},{"floor":37,"key":"Strength Potion"},{"floor":42,"key":"Poison Potion"}],"is_trial":false,"path_per_floor":["M","?","M","?","M","E","R","E","T","?","R","M","M","M","R","B",null,"M","?","M","?","M","R","$","E","T","R","T","M","$","?","R","B",null,"M","?","M","?","M","R","M","M","T","$","M","?","?","?","R","B",null],"character_chosen":"IRONCLAD","items_purchased":["Paper Frog","Fiend Fire","Strength Potion","Bag of Marbles","GamblersBrew"],"campfire_rested":8,"item_purchase_floors":[24,24,24,30,44],"current_hp_per_floor":[65,58,49,49,49,14,36,12,12,12,34,28,25,21,43,7,58,36,15,13,13,5,20,20,9,9,24,24,36,36,23,40,15,47,40,40,32,32,35,52,47,31,31,31,45,48,48,48,51,11],"gold":646,"neow_bonus":"BOSS_RELIC","is_prod":false,"is_daily":false,"chose_seed":false,"campfire_upgraded":0,"win_rate":0,"timestamp":1550042447,"path_taken":["M","?","M","?","?","E","R","E","T","?","R","M","M","M","R","BOSS","M","?","M","?","M","R","$","E","T","R","?","?","$","?","R","BOSS","M","?","M","?","M","R","M","M","T","$","?","?","?","?","R","BOSS"],"build_version":"2019-01-23","purchased_purges":2,"victory":true,"max_hp_per_floor":[75,75,75,75,75,75,75,75,75,75,75,75,75,75,75,75,75,75,75,75,52,52,52,52,52,52,52,52,52,52,57,57,57,57,57,57,57,57,57,57,57,57,57,54,54,54,51,51,51,51],"card_choices":[{"not_picked":["Fire Breathing","Burning Pact"],"picked":"Body Slam","floor":1},{"not_picked":["Clash","True Grit"],"picked":"Shrug It Off","floor":3},{"not_picked":["Fiend Fire","Thunderclap"],"picked":"Armaments","floor":5},{"not_picked":["Sentinel","Iron Wave"],"picked":"Battle Trance","floor":6},{"not_picked":["Combust","Inflame"],"picked":"Pommel Strike","floor":8},{"not_picked":["Body Slam","Second Wind"],"picked":"Heavy Blade","floor":11},{"not_picked":["Havoc","Hemokinesis"],"picked":"Whirlwind","floor":12},{"not_picked":["Rupture","Iron Wave"],"picked":"Pommel Strike","floor":13},{"not_picked":["Thunderclap","Pommel Strike"],"picked":"Impervious","floor":14},{"not_picked":["Exhume","Feed"],"picked":"Reaper","floor":16},{"not_picked":["Anger","Body Slam","Perfected Strike"],"picked":"SKIP","floor":18},{"not_picked":["Perfected Strike","Havoc"],"picked":"Shrug It Off","floor":20},{"not_picked":["Bloodletting","Iron Wave"],"picked":"Intimidate","floor":22},{"not_picked":["Metallicize","Flame Barrier","Armaments"],"picked":"SKIP","floor":25},{"not_picked":["Warcry","Iron Wave","Headbutt"],"picked":"SKIP","floor":29},{"not_picked":["Headbutt","Clash"],"picked":"Inflame+1","floor":32},{"not_picked":["True Grit","Thunderclap"],"picked":"Pommel Strike+1","floor":35},{"not_picked":["Shrug It Off","Perfected Strike+1","Clash"],"picked":"SKIP","floor":37},{"not_picked":["Rampage","Body Slam","Shrug It Off+1"],"picked":"SKIP","floor":39},{"not_picked":["Shrug It Off+1","Uppercut"],"picked":"Offering","floor":40},{"not_picked":["Headbutt","Flex","Pommel Strike+1"],"picked":"SKIP","floor":41},{"not_picked":["Pommel Strike","Shrug It Off+1","Cleave"],"picked":"SKIP","floor":42},{"not_picked":["Disarm","Pummel"],"picked":"Body Slam+1","floor":45},{"not_picked":["Good Instincts","Mind Blast"],"picked":"Secret Weapon","floor":48}],"player_experience":711961,"relics_obtained":[{"floor":6,"key":"Red Skull"},{"floor":8,"key":"Dream Catcher"},{"floor":9,"key":"MawBank"},{"floor":19,"key":"Enchiridion"},{"floor":25,"key":"Magic Flower"},{"floor":26,"key":"Orichalcum"},{"floor":28,"key":"Frozen Egg 2"},{"floor":43,"key":"Omamori"},{"floor":46,"key":"Old Coin"}],"event_choices":[{"cards_removed":["Strike_R"],"damage_healed":0,"gold_gain":0,"player_choice":"Card Removal","damage_taken":7,"max_hp_gain":0,"max_hp_loss":0,"event_name":"Golden Wing","floor":2,"gold_loss":0},{"damage_healed":0,"gold_gain":0,"player_choice":"Got Potions","damage_taken":0,"max_hp_gain":0,"max_hp_loss":0,"event_name":"Lab","floor":4,"gold_loss":0},{"damage_healed":0,"gold_gain":0,"player_choice":"Cursed","damage_taken":0,"max_hp_gain":0,"max_hp_loss":0,"event_name":"Wheel of Change","floor":10,"gold_loss":0,"cards_obtained":["Decay"]},{"damage_healed":0,"gold_gain":0,"player_choice":"Obtained Book","damage_taken":21,"max_hp_gain":0,"max_hp_loss":0,"event_name":"Cursed Tome","floor":19,"gold_loss":0},{"damage_healed":0,"gold_gain":0,"player_choice":"Became a vampire","damage_taken":0,"max_hp_gain":0,"max_hp_loss":23,"event_name":"Vampires","floor":21,"gold_loss":0,"cards_obtained":["Bite","Bite","Bite","Bite","Bite"]},{"damage_healed":0,"gold_gain":0,"player_choice":"Shed Blood","damage_taken":18,"max_hp_gain":5,"max_hp_loss":0,"event_name":"Forgotten Altar","floor":31,"gold_loss":0},{"damage_healed":0,"gold_gain":0,"player_choice":"Ignored","damage_taken":0,"max_hp_gain":0,"max_hp_loss":0,"event_name":"Mysterious Sphere","floor":36,"gold_loss":0},{"damage_healed":0,"gold_gain":0,"player_choice":"Trade","damage_taken":0,"relics_obtained":["SsserpentHead"],"max_hp_gain":0,"max_hp_loss":0,"event_name":"FaceTrader","floor":38,"gold_loss":0},{"damage_healed":0,"gold_gain":0,"player_choice":"Fight","damage_taken":0,"max_hp_gain":0,"max_hp_loss":0,"event_name":"MindBloom","floor":46,"gold_loss":0},{"damage_healed":0,"gold_gain":0,"player_choice":"Max HP","damage_taken":0,"max_hp_gain":0,"max_hp_loss":3,"event_name":"Winding Halls","floor":47,"gold_loss":0},{"damage_healed":0,"gold_gain":0,"player_choice":"Memory 1","damage_taken":0,"max_hp_gain":0,"max_hp_loss":0,"event_name":"SensoryStone","floor":48,"gold_loss":0}],"is_beta":false,"boss_relics":[{"not_picked":["Tiny House","Philosopher\u0027s Stone"],"picked":"Runic Pyramid"},{"not_picked":["Eternal Feather","Velvet Choker"],"picked":"Lizard Tail"}],"items_purged_floors":[24,44],"is_endless":false,"potions_floor_spawned":[1,5,12,13,14,18,25,37,42,45,46],"ascension_level":15}