{"gold_per_floor":[116,116,63,63,63,90,106,106,153,185,260,260,260,6,6,6],"floor_reached":16,"playtime":988,"items_purged":["Defend_R"],"score":125,"play_id":"176a0cc0-44f0-418b-97cd-cd873148e8e4","local_time":"20190304003215","is_ascension_mode":true,"campfire_choices":[{"floor":8,"key":"REST"},{"data":"Metallicize","floor":13,"key":"SMITH"},{"floor":15,"key":"REST"}],"neow_cost":"NONE","seed_source_timestamp":86726322124194,"circlet_count":0,"master_deck":["Strike_R","Strike_R","Strike_R","Strike_R+1","Defend_R","Defend_R+1","Defend_R","Shrug It Off+1","Metallicize+1","Battle Trance","Heavy Blade","Shrug It Off"],"relics":["Burning Blood","Smiling Mask","Pen Nib","Bag of Preparation","Ancient Tea Set"],"potions_floor_usage":[6,7],"damage_taken":[{"damage":2,"enemies":"2 Louse","floor":1,"turns":3},{"damage":61,"enemies":"Lagavulin","floor":6,"turns":10},{"damage":0,"enemies":"Small Slimes","floor":7,"turns":3},{"damage":19,"enemies":"3 Sentries","floor":10,"turns":13},{"damage":53,"enemies":"Hexaghost","floor":16,"turns":14}],"seed_played":"-7284353049168398794","potions_obtained":[{"floor":1,"key":"FearPotion"},{"floor":7,"key":"Fruit Juice"}],"is_trial":false,"path_per_floor":["M","?","$","?","?","E","M","R","T","E","?","?","R","$","R","B"],"character_chosen":"IRONCLAD","items_purchased":["Shrug It Off","Shrug It Off","Ancient Tea Set"],"campfire_rested":2,"item_purchase_floors":[3,14,14],"current_hp_per_floor":[88,70,70,70,63,8,19,46,46,33,22,22,22,22,49,0],"gold":6,"neow_bonus":"TEN_PERCENT_HP_BONUS","is_prod":false,"is_daily":false,"chose_seed":false,"campfire_upgraded":1,"win_rate":0,"timestamp":1551681135,"path_taken":["M","?","$","?","?","E","M","R","T","E","?","?","R","$","R","BOSS"],"build_version":"2019-01-23","purchased_purges":1,"victory":false,"max_hp_per_floor":[88,88,88,88,88,88,93,93,93,93,93,93,93,93,93,93],"card_choices":[{"not_picked":["Second Wind","Perfected Strike","Rupture"],"picked":"SKIP","floor":1},{"not_picked":["Intimidate","Cleave"],"picked":"Metallicize","floor":6},{"not_picked":["Spot Weakness","Headbutt","Warcry"],"picked":"SKIP","floor":7},{"not_picked":["Sever Soul","Havoc"],"picked":"Battle Trance","floor":10}],"player_experience":115659,"relics_obtained":[{"floor":6,"key":"Smiling Mask"},{"floor":9,"key":"Pen Nib"},{"floor":10,"key":"Bag of Preparation"}],"event_choices":[{"damage_healed":0,"gold_gain":0,"player_choice":"Entered Light","damage_taken":18,"max_hp_gain":0,"max_hp_loss":0,"event_name":"Shining Light","floor":2,"gold_loss":0,"cards_upgraded":["Defend_R","Strike_R"]},{"damage_healed":0,"gold_gain":0,"player_choice":"Grow","damage_taken":0,"max_hp_gain":0,"max_hp_loss":0,"event_name":"Living Wall","floor":4,"gold_loss":0,"cards_upgraded":["Shrug It Off"]},{"cards_removed":["Bash"],"damage_healed":0,"gold_gain":0,"player_choice":"Card Removal","damage_taken":7,"max_hp_gain":0,"max_hp_loss":0,"event_name":"Golden Wing","floor":5,"gold_loss":0},{"damage_healed":0,"gold_gain":75,"player_choice":"Gather Gold","damage_taken":11,"max_hp_gain":0,"max_hp_loss":0,"event_name":"World of Goop","floor":11,"gold_loss":0},{"damage_healed":0,"gold_gain":0,"cards_transformed":["Strike_R"],"player_choice":"Transformed","damage_taken":0,"max_hp_gain":0,"max_hp_loss":0,"event_name":"Transmorgrifier","floor":12,"gold_loss":0,"cards_obtained":["Heavy Blade"]}],"is_beta":false,"boss_relics":[],"items_purged_floors":[14],"is_endless":false,"potions_floor_spawned":[1,7],"killed_by":"Hexaghost","ascension_level":4}