{"gold_per_floor":[114,128,278,278,278,278,309,309,334,334,353,112,130,148,148,224,224,238,238,238,250,93,93,113,113,113,142,142,85,85,85],"floor_reached":31,"playtime":982,"items_purged":["Strike_R"],"score":512,"play_id":"6de1d2d1-63fd-4663-9c23-b286881a19db","local_time":"20181119233824","is_ascension_mode":true,"campfire_choices":[{"data":"Uppercut","floor":6.0,"key":"SMITH"},{"data":"Bash","floor":10.0,"key":"SMITH"},{"floor":15.0,"key":"REST"},{"floor":23.0,"key":"RECALL"},{"data":"Whirlwind","floor":25,"key":"SMITH"},{"floor":28,"key":"REST"}],"neow_cost":"NONE","seed_source_timestamp":46157614846425,"circlet_count":0,"master_deck":["AscendersBane","Strike_R+1","Strike_R","Strike_R+1","Defend_R","Defend_R","Defend_R","Defend_R","Bash+1","Uppercut+1","Metallicize","Reaper","Impervious","Whirlwind+1","Offering","Shrug It Off"],"special_seed":0,"relics":["Burning Blood","NeowsBlessing","Ornamental Fan","Shuriken","Centennial Puzzle","Vajra","Philosopher\u0027s Stone","Mercury Hourglass","Red Mask"],"potions_floor_usage":[31],"damage_taken":[{"damage":0.0,"enemies":"Jaw Worm","floor":1.0,"turns":1.0},{"damage":0.0,"enemies":"Small Slimes","floor":2.0,"turns":1.0},{"damage":0.0,"enemies":"Lagavulin","floor":7.0,"turns":1.0},{"damage":1.0,"enemies":"2 Louse","floor":11.0,"turns":2.0},{"damage":12.0,"enemies":"Large Slime","floor":13.0,"turns":3.0},{"damage":3.0,"enemies":"Looter","floor":14.0,"turns":2.0},{"damage":24.0,"enemies":"The Guardian","floor":16.0,"turns":10.0},{"damage":7.0,"enemies":"Chosen","floor":18.0,"turns":4.0},{"damage":21.0,"enemies":"Spheric Guardian","floor":21.0,"turns":4.0},{"damage":32,"enemies":"Chosen and Byrds","floor":24,"turns":6},{"damage":6,"enemies":"Masked Bandits","floor":27,"turns":1},{"damage":76,"enemies":"Book of Stabbing","floor":31,"turns":6}],"seed_played":"-2453628700201758510","potions_obtained":[{"floor":1.0,"key":"EntropicBrew"},{"floor":11.0,"key":"Weak Potion"},{"floor":13.0,"key":"Fire Potion"},{"floor":21.0,"key":"Weak Potion"}],"is_trial":false,"path_per_floor":["M","M","?","?","?","R","E","?","T","R","M","$","M","M","R","B",null,"M","?","?","M","$","R","M","R","T","?","R","$","?","E"],"character_chosen":"IRONCLAD","items_purchased":["Vajra","Offering","Shrug It Off"],"campfire_rested":2,"item_purchase_floors":[12,22,29],"current_hp_per_floor":[74,75,75,57,34,34,40,40,40,40,45,45,39,42,64,66,73,74,74,74,59,59,59,41,41,41,41,63,63,63,0],"gold":85,"neow_bonus":"THREE_ENEMY_KILL","is_prod":false,"is_daily":false,"chose_seed":false,"campfire_upgraded":3,"win_rate":0,"timestamp":1542699504,"path_taken":["M","M","?","?","?","R","E","?","T","R","M","$","M","M","R","BOSS","M","?","?","M","$","R","M","R","T","?","R","$","?","E"],"build_version":"2018-11-15","purchased_purges":1,"victory":false,"max_hp_per_floor":[75,75,75,75,75,75,75,75,75,75,75,75,75,75,75,75,75,75,75,75,75,75,75,75,75,75,75,75,75,75,75],"card_choices":[{"not_picked":["Hemokinesis","Havoc"],"picked":"Uppercut","floor":1.0},{"not_picked":["Dropkick","Thunderclap","Twin Strike"],"picked":"SKIP","floor":2.0},{"not_picked":["Cleave","Twin Strike","Bloodletting"],"picked":"SKIP","floor":7.0},{"not_picked":["Clothesline","Flex","True Grit"],"picked":"SKIP","floor":11.0},{"not_picked":["Perfected Strike","Rage"],"picked":"Metallicize","floor":13.0},{"not_picked":["Blood for Blood","Flex"],"picked":"Reaper","floor":14.0},{"not_picked":["Limit Break","Fiend Fire"],"picked":"Impervious","floor":16.0},{"not_picked":["Perfected Strike+1","Clash+1","Corruption"],"picked":"SKIP","floor":18.0},{"not_picked":["Flex","Headbutt","Clothesline"],"picked":"SKIP","floor":21.0},{"not_picked":["Dual Wield","Seeing Red+1","Heavy Blade"],"picked":"SKIP","floor":24}],"player_experience":655309,"relics_obtained":[{"floor":7.0,"key":"Shuriken"},{"floor":9.0,"key":"Centennial Puzzle"},{"floor":26,"key":"Mercury Hourglass"},{"floor":27,"key":"Red Mask"}],"event_choices":[{"damage_healed":0.0,"max_hp_gain":0.0,"max_hp_loss":0.0,"gold_gain":150.0,"event_name":"Liars Game","player_choice":"AGREE","floor":3.0,"gold_loss":0.0,"damage_taken":0.0,"cards_obtained":["Doubt"]},{"damage_healed":0.0,"max_hp_gain":0.0,"max_hp_loss":0.0,"gold_gain":0.0,"event_name":"Scrap Ooze","player_choice":"Success","floor":4.0,"gold_loss":0.0,"damage_taken":18.0,"relics_obtained":["Ornamental Fan"]},{"damage_healed":0.0,"max_hp_gain":0.0,"max_hp_loss":0.0,"gold_gain":0.0,"event_name":"Shining Light","player_choice":"Entered Light","floor":5.0,"gold_loss":0.0,"damage_taken":23.0,"cards_upgraded":["Strike_R","Strike_R"]},{"cards_removed":["Doubt"],"damage_healed":0.0,"max_hp_gain":0.0,"max_hp_loss":0.0,"gold_gain":0.0,"event_name":"Living Wall","player_choice":"Forget","floor":8.0,"gold_loss":0.0,"damage_taken":0.0},{"damage_healed":0.0,"max_hp_gain":0.0,"max_hp_loss":0.0,"gold_gain":0.0,"event_name":"Vampires","player_choice":"Ignored","floor":19.0,"gold_loss":0.0,"damage_taken":0.0},{"damage_healed":0.0,"max_hp_gain":0.0,"max_hp_loss":0.0,"gold_gain":0.0,"event_name":"The Library","player_choice":"Read","floor":20.0,"gold_loss":0.0,"damage_taken":0.0,"cards_obtained":["Whirlwind"]},{"damage_healed":0,"gold_gain":0,"player_choice":"Fought Bandits","damage_taken":0,"max_hp_gain":0,"max_hp_loss":0,"event_name":"Masked Bandits","floor":27,"gold_loss":0},{"cards_removed":["Strike_R"],"damage_healed":0,"gold_gain":0,"player_choice":"Offered Basic","damage_taken":0,"max_hp_gain":0,"max_hp_loss":0,"event_name":"Bonfire Elementals","floor":30,"gold_loss":0}],"is_beta":false,"boss_relics":[{"not_picked":["Orrery","Runic Cube"],"picked":"Philosopher\u0027s Stone"}],"items_purged_floors":[12],"is_endless":false,"potions_floor_spawned":[1,11,13,14,21],"killed_by":"Book of Stabbing","ascension_level":20}