{"gold_per_floor":[109,0,27,42,117,117,150,161,161,196,211,228,228,241,241,336,336,324,344,544,2,16,16,26,26,26,38,38],"floor_reached":28,"playtime":4488,"items_purged":["Strike_B","Strike_B"],"score":278,"play_id":"4063a0a5-ef4d-496c-b435-a97f40ebe051","local_time":"20181106124302","is_ascension_mode":true,"campfire_choices":[{"floor":6,"key":"RECALL"},{"floor":15,"key":"REST"},{"floor":23,"key":"REST"}],"neow_cost":"NONE","seed_source_timestamp":2257810967915985,"circlet_count":0,"master_deck":["Strike_B","Strike_B","Defend_B+1","Defend_B+1","Zap","Dualcast","Conserve Battery","Lockon","Conserve Battery","Defragment","Streamline","Glacier","Defragment","Go for the Eyes","Tempest","Electrodynamics","Sunder+1","Recycle","HandOfGreed","Hologram","Double Energy","Ball Lightning","Stack+1","Cold Snap"],"relics":["Cracked Core","Potion Belt","Shuriken","Darkstone Periapt","War Paint","Empty Cage","Bronze Scales","Smiling Mask"],"potions_floor_usage":[7,16,16,28,28],"damage_taken":[{"damage":1,"enemies":"Cultist","floor":1,"turns":4},{"damage":2,"enemies":"Jaw Worm","floor":4,"turns":3},{"damage":26,"enemies":"3 Sentries","floor":7,"turns":8},{"damage":0,"enemies":"Small Slimes","floor":8,"turns":2},{"damage":15,"enemies":"Gremlin Nob","floor":10,"turns":3},{"damage":1,"enemies":"Exordium Wildlife","floor":11,"turns":3},{"damage":1,"enemies":"2 Fungi Beasts","floor":12,"turns":3},{"damage":0,"enemies":"Exordium Thugs","floor":14,"turns":6},{"damage":23,"enemies":"Slime Boss","floor":16,"turns":11},{"damage":5,"enemies":"2 Thieves","floor":18,"turns":4},{"damage":33,"enemies":"Spheric Guardian","floor":19,"turns":4},{"damage":26,"enemies":"Centurion and Healer","floor":22,"turns":5},{"damage":15,"enemies":"3 Cultists","floor":24,"turns":4},{"damage":23,"enemies":"Sentry and Sphere","floor":27,"turns":5},{"damage":6,"enemies":"Centurion and Healer","floor":28,"turns":1}],"seed_played":"6131315530474632978","potions_obtained":[{"floor":4,"key":"Explosive Potion"},{"floor":10,"key":"SkillPotion"},{"floor":14,"key":"Block Potion"},{"floor":16,"key":"LiquidBronze"},{"floor":22,"key":"LiquidBronze"}],"is_trial":false,"path_per_floor":["M","$","T","M","?","R","E","M","T","E","M","M","T","M","R","B",null,"M","M","?","$","M","R","M","$","T","M","M"],"character_chosen":"DEFECT","items_purchased":["Lockon","HandOfGreed","Hologram","Double Energy","Bronze Scales"],"campfire_rested":2,"item_purchase_floors":[2,21,21,21,21],"current_hp_per_floor":[81,81,81,79,71,71,45,45,45,30,29,28,28,28,52,29,82,77,44,44,44,18,42,27,27,27,4,0],"gold":38,"neow_bonus":"TEN_PERCENT_HP_BONUS","is_prod":false,"is_daily":false,"chose_seed":false,"campfire_upgraded":0,"win_rate":0,"timestamp":1541504582,"path_taken":["M","?","?","?","?","R","E","M","T","E","M","?","?","M","R","BOSS","M","M","?","?","M","R","M","$","T","M","?"],"build_version":"2018-11-05","purchased_purges":2,"victory":false,"max_hp_per_floor":[82,82,82,82,82,82,82,82,82,82,82,82,82,82,82,82,82,82,82,82,82,82,82,82,82,82,82,82],"card_choices":[{"not_picked":["Redo","Heatsinks"],"picked":"Conserve Battery","floor":1},{"not_picked":["Force Field","Rip and Tear"],"picked":"Conserve Battery","floor":4},{"not_picked":["Coolheaded","Hologram"],"picked":"Defragment","floor":7},{"not_picked":["Steam","Redo"],"picked":"Streamline","floor":8},{"not_picked":["Beam Cell","Force Field"],"picked":"Glacier","floor":10},{"not_picked":["Thunder Strike","Lockon"],"picked":"Defragment","floor":11},{"not_picked":["Leap","Rebound"],"picked":"Go for the Eyes","floor":12},{"not_picked":["Reinforced Body","Beam Cell"],"picked":"Tempest","floor":14},{"not_picked":["All For One","Rainbow"],"picked":"Electrodynamics","floor":16},{"not_picked":["Go for the Eyes","Undo"],"picked":"Sunder+1","floor":18},{"not_picked":["Rebound","Sweeping Beam"],"picked":"Recycle","floor":19},{"not_picked":["Barrage+1","Rebound"],"picked":"Ball Lightning","floor":22},{"not_picked":["Darkness","Doom and Gloom"],"picked":"Stack+1","floor":24},{"not_picked":["Rebound","Redo"],"picked":"Cold Snap","floor":27}],"player_experience":249564,"relics_obtained":[{"floor":7,"key":"Potion Belt"},{"floor":9,"key":"Shuriken"},{"floor":10,"key":"Darkstone Periapt"},{"floor":13,"key":"War Paint"},{"floor":26,"key":"Smiling Mask"}],"event_choices":[{"damage_healed":0,"gold_gain":75,"player_choice":"Touch","damage_taken":8,"max_hp_gain":0,"max_hp_loss":0,"event_name":"FaceTrader","floor":5,"gold_loss":0},{"damage_healed":0,"gold_gain":200,"player_choice":"Gold","damage_taken":0,"max_hp_gain":0,"max_hp_loss":0,"event_name":"Wheel of Change","floor":20,"gold_loss":0}],"is_beta":true,"boss_relics":[{"not_picked":["White Beast Statue","Lizard Tail"],"picked":"Empty Cage"}],"items_purged_floors":[2,21],"is_endless":false,"potions_floor_spawned":[4,10,14,16,22],"killed_by":"Centurion and Healer","ascension_level":4}