{"gold_per_floor":[113,113,36,54,54,54,69,69,150,163,180,213,213,227,227,301,301,314,82,102,112,112,112,126,126,150,150,169,12,46,101,101,175,175,187,187,287,287,287,287,317,344,344,234,234,234],"floor_reached":46,"playtime":1203,"items_purged":["Normality"],"score":928,"play_id":"0385e4ee-3572-4c48-910b-aa074c81a579","local_time":"20181107221531","is_ascension_mode":true,"campfire_choices":[{"data":"Sunder","floor":6.0,"key":"SMITH"},{"data":"Zap","floor":8.0,"key":"SMITH"},{"floor":15.0,"key":"REST"},{"floor":23,"key":"REST"},{"floor":25,"key":"REST"},{"floor":27,"key":"REST"},{"floor":32,"key":"REST"},{"floor":40,"key":"REST"}],"neow_cost":"CURSE","seed_source_timestamp":528321249033445,"circlet_count":0,"master_deck":["AscendersBane","Strike_B","Strike_B","Defend_B","Defend_B","Defend_B","Defend_B","Zap+1","Dualcast","Cold Snap","Sunder+1","Genetic Algorithm","FTL","Consume","Loop","Static Discharge","Seek","Cold Snap","Necronomicurse","Conserve Battery+1","Seek","White Noise","Loop+1","Madness+1","Madness","Clumsy"],"special_seed":0,"relics":["Cracked Core","Du-Vu Doll","Cables","Tiny Chest","Unceasing Top","Velvet Choker","DataDisk","Necronomicon","Juzu Bracelet","Orichalcum","Incense Burner","Bag of Preparation","Cursed Key","Ginger","Torii","Blood Vial","Pantograph"],"potions_floor_usage":[16,21,24,28,30,37],"damage_taken":[{"damage":1.0,"enemies":"Cultist","floor":1.0,"turns":3.0},{"damage":0.0,"enemies":"Small Slimes","floor":4.0,"turns":2.0},{"damage":0.0,"enemies":"2 Louse","floor":7.0,"turns":1.0},{"damage":11.0,"enemies":"Exordium Wildlife","floor":10.0,"turns":3.0},{"damage":0.0,"enemies":"Large Slime","floor":11.0,"turns":3.0},{"damage":15.0,"enemies":"3 Sentries","floor":12.0,"turns":5.0},{"damage":4.0,"enemies":"Red Slaver","floor":14.0,"turns":2.0},{"damage":14,"enemies":"Slime Boss","floor":16,"turns":7},{"damage":10,"enemies":"Chosen","floor":18,"turns":3},{"damage":7,"enemies":"3 Byrds","floor":20,"turns":3},{"damage":13,"enemies":"Centurion and Healer","floor":21,"turns":6},{"damage":5,"enemies":"Snake Plant","floor":24,"turns":2},{"damage":34,"enemies":"Shelled Parasite and Fungi","floor":28,"turns":3},{"damage":20,"enemies":"Book of Stabbing","floor":30,"turns":4},{"damage":19,"enemies":"Automaton","floor":33,"turns":10},{"damage":24,"enemies":"3 Darklings","floor":35,"turns":5},{"damage":3,"enemies":"Mind Bloom Boss Battle","floor":37,"turns":4},{"damage":43,"enemies":"Reptomancer","floor":41,"turns":7},{"damage":11,"enemies":"Orb Walker","floor":46,"turns":1}],"seed_played":"6743339691657184519","potions_obtained":[{"floor":2.0,"key":"Fruit Juice"},{"floor":2.0,"key":"FearPotion"},{"floor":4.0,"key":"SpeedPotion"},{"floor":10.0,"key":"Strength Potion"},{"floor":14.0,"key":"Energy Potion"},{"floor":16,"key":"SpeedPotion"},{"floor":20,"key":"LiquidBronze"},{"floor":21,"key":"LiquidBronze"},{"floor":24,"key":"Poison Potion"},{"floor":33,"key":"LiquidBronze"},{"floor":37,"key":"Energy Potion"}],"is_trial":false,"path_per_floor":["M","?","$","M","?","R","M","R","T","M","M","E","?","M","R","B",null,"M","$","M","M","?","R","M","R","T","R","M","$","E","T","R","B",null,"M","?","?","?","?","R","E","T","T","?","?","M"],"character_chosen":"DEFECT","items_purchased":["Sunder","DataDisk","Orichalcum"],"campfire_rested":6,"item_purchase_floors":[3,19,29],"current_hp_per_floor":[63,68,68,68,50,50,50,50,50,39,39,24,24,20,42,28,64,54,54,47,34,13,35,30,52,52,74,40,40,20,20,42,23,63,39,39,36,22,22,44,1,1,1,1,1,0],"gold":234,"neow_bonus":"ONE_RARE_RELIC","is_prod":false,"is_daily":false,"chose_seed":false,"campfire_upgraded":2,"win_rate":0,"timestamp":1541657731,"path_taken":["M","?","$","?","?","R","M","R","T","M","M","E","?","M","R","BOSS","M","$","?","M","?","R","M","R","T","R","M","$","E","?","R","BOSS","M","?","?","?","?","R","E","?","T","?","?","M"],"build_version":"2018-11-01","purchased_purges":1,"victory":false,"max_hp_per_floor":[71,76,76,76,76,76,76,76,76,76,76,76,76,76,76,76,76,76,76,76,76,76,76,76,76,76,76,76,76,76,76,76,76,76,76,76,76,76,76,76,76,76,76,76,76,76],"card_choices":[{"not_picked":["Go for the Eyes","Hologram"],"picked":"Cold Snap","floor":1.0},{"not_picked":["Hologram","Ball Lightning"],"picked":"Genetic Algorithm","floor":4.0},{"not_picked":["Redo","Hologram","Rip and Tear"],"picked":"SKIP","floor":7.0},{"not_picked":["Auto Shields","Self Repair"],"picked":"FTL","floor":10.0},{"not_picked":["Compile Driver","Streamline"],"picked":"Consume","floor":11.0},{"not_picked":["Coolheaded","Fission"],"picked":"Loop","floor":12.0},{"not_picked":["Steam","Hologram","Barrage"],"picked":"SKIP","floor":14.0},{"not_picked":["Hyperbeam","Amplify"],"picked":"Seek","floor":16},{"not_picked":["Skim","Gash"],"picked":"Cold Snap","floor":18},{"not_picked":["Steam","Leap","Stack"],"picked":"SKIP","floor":20},{"not_picked":["Recycle","Steam Power","Cold Snap"],"picked":"SKIP","floor":21},{"not_picked":["Cold Snap","Ball Lightning"],"picked":"Conserve Battery+1","floor":24},{"not_picked":["Compile Driver","Rebound","Redo+1"],"picked":"SKIP","floor":28},{"not_picked":["Compile Driver","Blizzard","Gash"],"picked":"SKIP","floor":30},{"not_picked":["Multi-Cast","Hyperbeam"],"picked":"Seek","floor":33},{"not_picked":["Redo+1","Static Discharge","Steam"],"picked":"SKIP","floor":35},{"not_picked":["Stack","Gash+1"],"picked":"Loop+1","floor":37},{"not_picked":["Doom and Gloom+1","Gash","Ball Lightning"],"picked":"SKIP","floor":41}],"player_experience":625597,"relics_obtained":[{"floor":9.0,"key":"Tiny Chest"},{"floor":12.0,"key":"Unceasing Top"},{"floor":22,"key":"Necronomicon"},{"floor":26,"key":"Juzu Bracelet"},{"floor":30,"key":"Incense Burner"},{"floor":31,"key":"Bag of Preparation"},{"floor":37,"key":"Ginger"},{"floor":41,"key":"Torii"},{"floor":42,"key":"Blood Vial"},{"floor":43,"key":"Pantograph"}],"event_choices":[{"damage_healed":0.0,"max_hp_gain":0.0,"max_hp_loss":0.0,"gold_gain":0.0,"event_name":"Lab","player_choice":"Got Potions","floor":2.0,"gold_loss":0.0,"damage_taken":0.0},{"damage_healed":0.0,"max_hp_gain":0.0,"max_hp_loss":0.0,"gold_gain":0.0,"event_name":"Scrap Ooze","player_choice":"Success","floor":5.0,"gold_loss":0.0,"damage_taken":18.0,"relics_obtained":["Cables"]},{"damage_healed":0.0,"max_hp_gain":0.0,"max_hp_loss":0.0,"gold_gain":0.0,"event_name":"Match and Keep!","player_choice":"1 cards matched","floor":13.0,"gold_loss":0.0,"damage_taken":0.0,"cards_obtained":["Static Discharge"]},{"damage_healed":0,"gold_gain":0,"player_choice":"Obtained Book","damage_taken":21,"max_hp_gain":0,"max_hp_loss":0,"event_name":"Cursed Tome","floor":22,"gold_loss":0},{"damage_healed":0,"gold_gain":0,"cards_transformed":["Strike_B"],"player_choice":"Transformed","damage_taken":0,"max_hp_gain":0,"max_hp_loss":0,"event_name":"Transmorgrifier","floor":36,"gold_loss":0,"cards_obtained":["White Noise"]},{"damage_healed":0,"gold_gain":0,"player_choice":"Fight","damage_taken":0,"max_hp_gain":0,"max_hp_loss":0,"event_name":"MindBloom","floor":37,"gold_loss":0},{"damage_healed":0,"gold_gain":0,"player_choice":"Embrace Madness","damage_taken":14,"max_hp_gain":0,"max_hp_loss":0,"event_name":"Winding Halls","floor":38,"gold_loss":0,"cards_obtained":["Madness","Madness"]},{"cards_removed":["Strike_B"],"damage_healed":0,"gold_gain":0,"player_choice":"Removed Attack","damage_taken":0,"max_hp_gain":0,"max_hp_loss":0,"event_name":"Falling","floor":39,"gold_loss":0},{"cards_removed":["Decay"],"damage_healed":0,"gold_gain":0,"player_choice":"Upgrade and Remove","damage_taken":0,"max_hp_gain":0,"max_hp_loss":0,"event_name":"Designer","floor":44,"gold_loss":110,"cards_upgraded":["Madness"]},{"damage_healed":0,"gold_gain":0,"player_choice":"Memory 1","damage_taken":0,"max_hp_gain":0,"max_hp_loss":0,"event_name":"SensoryStone","floor":45,"gold_loss":0}],"is_beta":false,"boss_relics":[{"not_picked":["Philosopher\u0027s Stone","White Beast Statue"],"picked":"Velvet Choker"},{"not_picked":["Tiny House","Black Star"],"picked":"Cursed Key"}],"items_purged_floors":[19],"is_endless":false,"potions_floor_spawned":[4,10,14,16,20,21,24,33,37],"killed_by":"Orb Walker","ascension_level":20}