{"gold_per_floor":[118,36,36,49,124,124,224,224,224,224,243,193,222,222,222,320,320,334,112,112,27,47,47,47,47,99,99,128,138,152,152,152,253,253,269,269,289,389,0,0,14,14,60,60,72,72,72,86,86,86],"floor_reached":51,"playtime":2637,"items_purged":["Aggregate"],"score":745,"play_id":"9f364751-3191-4366-a98f-d3a26889c03a","local_time":"20190305130622","is_ascension_mode":true,"campfire_choices":[{"data":"Defragment","floor":6,"key":"SMITH"},{"data":"Zap","floor":8,"key":"SMITH"},{"data":"Dualcast","floor":10,"key":"SMITH"},{"data":"Leap","floor":15,"key":"SMITH"},{"data":"Hologram","floor":23,"key":"SMITH"},{"data":"Defragment","floor":25,"key":"SMITH"},{"floor":27,"key":"REST"},{"floor":32,"key":"REST"},{"data":"Defragment","floor":40,"key":"SMITH"},{"data":"White Noise","floor":42,"key":"SMITH"},{"data":"Double Energy","floor":44,"key":"SMITH"},{"data":"Leap","floor":46,"key":"SMITH"},{"data":"Zap","floor":49,"key":"SMITH"}],"neow_cost":"NONE","seed_source_timestamp":89196796802553,"circlet_count":0,"master_deck":["Zap+1","Dualcast+1","Auto Shields","Defragment+1","Leap+1","Defragment+1","Electrodynamics","Leap+1","White Noise+1","Hologram+1","Core Surge","Double Energy+1","Defragment+1","Ball Lightning","Sunder","Zap+1","Leap","Coolheaded","Thunder Strike","Heatsinks+1","Barrage","Glacier+1","Cold Snap+1","Conserve Battery+1","Sweeping Beam+1"],"relics":["Cracked Core","Boot","Dodecahedron","Bottled Flame","Pandora\u0027s Box","DataDisk","Omamori","Dream Catcher","Du-Vu Doll","Philosopher\u0027s Stone","CultistMask","WingedGreaves","Red Mask","Potion Belt"],"potions_floor_usage":[16,28,29,33,35,38,50],"damage_taken":[{"damage":0,"enemies":"Small Slimes","floor":1,"turns":3},{"damage":0,"enemies":"2 Louse","floor":4,"turns":2},{"damage":1,"enemies":"Cultist","floor":11,"turns":3},{"damage":34,"enemies":"Gremlin Nob","floor":13,"turns":5},{"damage":49,"enemies":"The Guardian","floor":16,"turns":15},{"damage":0,"enemies":"Spheric Guardian","floor":18,"turns":3},{"damage":1,"enemies":"Chosen","floor":22,"turns":4},{"damage":25,"enemies":"Slavers","floor":28,"turns":2},{"damage":7,"enemies":"Snecko","floor":29,"turns":4},{"damage":25,"enemies":"Snake Plant","floor":30,"turns":3},{"damage":7,"enemies":"Collector","floor":33,"turns":9},{"damage":2,"enemies":"Orb Walker","floor":35,"turns":3},{"damage":27,"enemies":"3 Darklings","floor":37,"turns":3},{"damage":5,"enemies":"Mind Bloom Boss Battle","floor":38,"turns":6},{"damage":0,"enemies":"Spire Growth","floor":41,"turns":4},{"damage":7,"enemies":"Transient","floor":45,"turns":5},{"damage":0,"enemies":"Jaw Worm Horde","floor":48,"turns":5},{"damage":42,"enemies":"Awakened One","floor":50,"turns":13}],"seed_played":"-9100225835051270303","potions_obtained":[{"floor":11,"key":"SpeedPotion"},{"floor":16,"key":"SpeedPotion"},{"floor":22,"key":"Swift Potion"},{"floor":28,"key":"SkillPotion"},{"floor":30,"key":"AttackPotion"},{"floor":37,"key":"GamblersBrew"},{"floor":48,"key":"Strength Potion"}],"is_trial":false,"path_per_floor":["M","$","?","M","?","R","?","R","T","R","M","?","E","?","R","B",null,"M","$","?","?","M","R","?","R","T","R","E","M","M","?","R","B",null,"M","?","M","?","?","R","M","R","T","R","M","R","?","M","R","B",null],"character_chosen":"DEFECT","items_purchased":["Auto Shields","DataDisk"],"campfire_rested":2,"item_purchase_floors":[2,19],"current_hp_per_floor":[75,75,75,75,64,64,64,64,64,64,63,63,29,54,54,5,75,75,75,61,61,60,60,60,60,60,80,55,48,23,23,47,40,80,78,78,51,46,46,46,46,46,46,46,39,39,70,70,70,28],"gold":86,"neow_bonus":"RANDOM_COMMON_RELIC","is_prod":false,"is_daily":false,"chose_seed":false,"campfire_upgraded":11,"win_rate":0,"timestamp":1551819982,"path_taken":["M","$","?","M","?","R","?","R","T","R","?","?","E","?","R","BOSS","M","$","?","?","M","R","?","R","T","R","E","M","?","?","R","BOSS","M","?","?","?","?","R","M","R","T","R","M","R","?","M","R","BOSS"],"build_version":"2019-01-23","purchased_purges":1,"victory":true,"max_hp_per_floor":[75,75,75,75,75,75,75,75,75,75,75,75,75,75,75,75,75,75,75,80,80,80,80,80,80,80,80,80,80,80,80,80,80,80,80,80,80,80,80,80,80,80,80,80,80,80,70,70,70,70],"card_choices":[{"not_picked":["Steam","Static Discharge","Sweeping Beam"],"picked":"SKIP","floor":1},{"not_picked":["Compile Driver","Barrage"],"picked":"Defragment","floor":4},{"not_picked":["Storm","Streamline"],"picked":"Leap","floor":11},{"not_picked":["Go for the Eyes","Sweeping Beam"],"picked":"Defragment","floor":13},{"not_picked":["Core Surge","Hyperbeam"],"picked":"Electrodynamics","floor":16},{"not_picked":["Go for the Eyes+1","Doom and Gloom"],"picked":"Defragment","floor":18},{"not_picked":["Heatsinks","Sweeping Beam"],"picked":"Ball Lightning","floor":22},{"not_picked":["Recycle","Barrage","Steam Power"],"picked":"SKIP","floor":28},{"not_picked":["Ball Lightning","Electrodynamics"],"picked":"Leap","floor":29},{"not_picked":["Turbo","Ball Lightning","Force Field"],"picked":"SKIP","floor":30},{"not_picked":["Blizzard","Leap"],"picked":"Coolheaded","floor":32},{"not_picked":["Reboot","All For One"],"picked":"Thunder Strike","floor":33},{"not_picked":["Hologram+1","Loop"],"picked":"Heatsinks+1","floor":35},{"not_picked":["Leap","Ball Lightning"],"picked":"Barrage","floor":37},{"not_picked":["Blizzard+1","Rebound"],"picked":"Glacier+1","floor":38},{"not_picked":["Static Discharge+1","Ball Lightning+1"],"picked":"Cold Snap+1","floor":41},{"not_picked":["Double Energy+1","Stack+1"],"picked":"Conserve Battery+1","floor":45},{"not_picked":["BootSequence+1","Ball Lightning+1"],"picked":"Sweeping Beam+1","floor":48}],"player_experience":278920,"relics_obtained":[{"floor":9,"key":"Dodecahedron"},{"floor":13,"key":"Bottled Flame"},{"floor":26,"key":"Dream Catcher"},{"floor":28,"key":"Du-Vu Doll"},{"floor":38,"key":"WingedGreaves"},{"floor":43,"key":"Potion Belt"}],"event_choices":[{"damage_healed":0,"gold_gain":0,"player_choice":"Ignored","damage_taken":0,"max_hp_gain":0,"max_hp_loss":0,"event_name":"Liars Game","floor":3,"gold_loss":0},{"damage_healed":0,"gold_gain":75,"player_choice":"Gather Gold","damage_taken":11,"max_hp_gain":0,"max_hp_loss":0,"event_name":"World of Goop","floor":5,"gold_loss":0},{"damage_healed":0,"gold_gain":100,"player_choice":"Pray","damage_taken":0,"max_hp_gain":0,"max_hp_loss":0,"event_name":"Golden Shrine","floor":7,"gold_loss":0},{"cards_removed":["Strike_B"],"damage_healed":0,"gold_gain":0,"player_choice":"Card Removal","damage_taken":0,"max_hp_gain":0,"max_hp_loss":0,"event_name":"The Cleric","floor":12,"gold_loss":50},{"damage_healed":25,"gold_gain":0,"player_choice":"Banana","damage_taken":0,"max_hp_gain":0,"max_hp_loss":0,"event_name":"Big Fish","floor":14,"gold_loss":0},{"damage_healed":0,"gold_gain":0,"player_choice":"Shed Blood","damage_taken":19,"max_hp_gain":5,"max_hp_loss":0,"event_name":"Forgotten Altar","floor":20,"gold_loss":0},{"damage_healed":0,"gold_gain":0,"player_choice":"Obtained Relic","damage_taken":0,"relics_obtained":["Omamori"],"max_hp_gain":0,"max_hp_loss":0,"event_name":"Addict","floor":21,"gold_loss":85},{"damage_healed":0,"gold_gain":0,"player_choice":"2 cards matched","damage_taken":0,"max_hp_gain":0,"max_hp_loss":0,"event_name":"Match and Keep!","floor":24,"gold_loss":0,"cards_obtained":["Sunder","Zap"]},{"cards_removed":["Sweeping Beam"],"damage_healed":0,"gold_gain":0,"player_choice":"Elegance","damage_taken":0,"max_hp_gain":0,"max_hp_loss":0,"event_name":"Back to Basics","floor":31,"gold_loss":0},{"damage_healed":0,"gold_gain":0,"player_choice":"Trade","damage_taken":0,"relics_obtained":["CultistMask"],"max_hp_gain":0,"max_hp_loss":0,"event_name":"FaceTrader","floor":36,"gold_loss":0},{"damage_healed":0,"gold_gain":0,"player_choice":"Fight","damage_taken":0,"max_hp_gain":0,"max_hp_loss":0,"event_name":"MindBloom","floor":38,"gold_loss":0},{"damage_healed":0,"gold_gain":0,"player_choice":"Paid","damage_taken":0,"relics_obtained":["Red Mask"],"max_hp_gain":0,"max_hp_loss":0,"event_name":"Tomb of Lord Red Mask","floor":39,"gold_loss":389},{"damage_healed":70,"gold_gain":0,"player_choice":"Heal","damage_taken":0,"max_hp_gain":0,"max_hp_loss":10,"event_name":"The Moai Head","floor":47,"gold_loss":0}],"is_beta":false,"boss_relics":[{"not_picked":["Fusion Hammer","Sozu"],"picked":"Pandora\u0027s Box"},{"not_picked":["Runic Dome","Coffee Dripper"],"picked":"Philosopher\u0027s Stone"}],"items_purged_floors":[19],"is_endless":false,"potions_floor_spawned":[11,16,22,28,30,37,48],"ascension_level":2}