{"gold_per_floor":[114,114,64,79,94,94,124,124,124,124,139,139,169,244,244,344,344,359,434,166,181,181],"floor_reached":22,"playtime":1264,"items_purged":[],"score":217,"play_id":"9a52c499-361b-4151-b28f-df9c7c7951db","local_time":"20190306062534","daily_mods":["Chimera","Hoarder","Terminal"],"is_ascension_mode":false,"campfire_choices":[{"data":"Armaments","floor":6,"key":"SMITH"},{"data":"Armaments","floor":8,"key":"SMITH"},{"data":"Armaments","floor":12,"key":"SMITH"},{"floor":15,"key":"REST"}],"neow_cost":"","seed_source_timestamp":34233462000023,"circlet_count":0,"master_deck":["Bash","Survivor","Zap","Strike_R","Strike_G","Strike_B","Heavy Blade","Heavy Blade+1","Heavy Blade+1","Rupture","Rupture","Rupture","Armaments+1","Armaments+1","Armaments+1","Headbutt","Headbutt","Headbutt","Pummel","Pummel","Pummel","Blood for Blood","Blood for Blood","Blood for Blood","Fiend Fire","Fiend Fire","Fiend Fire","Sword Boomerang","Sword Boomerang","Sword Boomerang","Rampage","Rampage","Rampage","Fire Breathing","Fire Breathing","Fire Breathing","Pommel Strike","Pommel Strike","Pommel Strike"],"special_seed":17960,"relics":["Burning Blood","Omamori","Whetstone","Magic Flower","Orichalcum","Empty Cage","Blood Vial"],"potions_floor_usage":[13,13,16,18],"damage_taken":[{"damage":0,"enemies":"Small Slimes","floor":1,"turns":5},{"damage":11,"enemies":"2 Louse","floor":4,"turns":3},{"damage":1,"enemies":"Cultist","floor":5,"turns":3},{"damage":34,"enemies":"Gremlin Nob","floor":7,"turns":5},{"damage":6,"enemies":"Large Slime","floor":11,"turns":4},{"damage":11,"enemies":"Lagavulin","floor":13,"turns":4},{"damage":29,"enemies":"Slime Boss","floor":16,"turns":12},{"damage":23,"enemies":"3 Byrds","floor":18,"turns":8},{"damage":27,"enemies":"2 Thieves","floor":21,"turns":4},{"damage":48,"enemies":"Chosen and Byrds","floor":22,"turns":6}],"seed_played":"-7796585460280550823","potions_obtained":[{"floor":1,"key":"Block Potion"},{"floor":7,"key":"LiquidBronze"},{"floor":11,"key":"Strength Potion"},{"floor":16,"key":"Regen Potion"}],"is_trial":false,"path_per_floor":["M","?","?","M","M","R","E","R","T","?","M","R","E","?","R","B",null,"M","?","$","M","M"],"character_chosen":"IRONCLAD","items_purchased":["Rampage","Blood Vial","Fire Breathing"],"campfire_rested":1,"item_purchase_floors":[20,20,20],"current_hp_per_floor":[78,77,76,71,74,73,45,45,45,38,41,41,39,28,47,27,62,61,55,55,40,0],"gold":181,"neow_bonus":"","is_prod":false,"is_daily":true,"chose_seed":false,"campfire_upgraded":3,"win_rate":0,"timestamp":1551821134,"path_taken":["M","?","?","M","M","R","E","R","T","?","M","R","E","?","R","BOSS","M","?","$","M","M"],"build_version":"2019-01-23","purchased_purges":0,"victory":false,"max_hp_per_floor":[78,77,76,75,74,73,72,71,70,69,68,67,66,65,64,63,62,61,60,59,58,58],"card_choices":[{"not_picked":["Pummel","Clothesline"],"picked":"Heavy Blade","floor":1},{"not_picked":["Ghostly Armor","Twin Strike"],"picked":"Rupture","floor":4},{"not_picked":["Pommel Strike","Anger"],"picked":"Armaments","floor":5},{"not_picked":["Entrench","Second Wind"],"picked":"Headbutt","floor":7},{"not_picked":["True Grit","Ghostly Armor"],"picked":"Pummel","floor":11},{"not_picked":["Shrug It Off","True Grit"],"picked":"Blood for Blood","floor":13},{"not_picked":["Impervious","Exhume"],"picked":"Fiend Fire","floor":16},{"not_picked":["Clothesline","Blood for Blood"],"picked":"Sword Boomerang","floor":18},{"not_picked":["Rage","Wild Strike"],"picked":"Pommel Strike","floor":21}],"player_experience":124557,"relics_obtained":[{"floor":7,"key":"Omamori"},{"floor":9,"key":"Whetstone"},{"floor":13,"key":"Orichalcum"}],"event_choices":[{"damage_healed":0,"gold_gain":0,"player_choice":"Ignored","damage_taken":0,"max_hp_gain":0,"max_hp_loss":0,"event_name":"Liars Game","floor":2,"gold_loss":0},{"cards_removed":["Defend_R"],"damage_healed":0,"gold_gain":0,"player_choice":"Card Removal","damage_taken":0,"max_hp_gain":0,"max_hp_loss":0,"event_name":"The Cleric","floor":3,"gold_loss":50},{"damage_healed":0,"gold_gain":0,"player_choice":"Success","damage_taken":7,"relics_obtained":["Magic Flower"],"max_hp_gain":0,"max_hp_loss":0,"event_name":"Scrap Ooze","floor":10,"gold_loss":0},{"damage_healed":0,"gold_gain":75,"player_choice":"Gather Gold","damage_taken":11,"max_hp_gain":0,"max_hp_loss":0,"event_name":"World of Goop","floor":14,"gold_loss":0},{"damage_healed":0,"gold_gain":75,"player_choice":"Touch","damage_taken":6,"max_hp_gain":0,"max_hp_loss":0,"event_name":"FaceTrader","floor":19,"gold_loss":0}],"is_beta":false,"boss_relics":[{"not_picked":["Mark of Pain","Coffee Dripper"],"picked":"Empty Cage"}],"items_purged_floors":[],"is_endless":false,"potions_floor_spawned":[1,7,11,16],"killed_by":"Chosen and Byrds","ascension_level":0}