{"gold_per_floor":[117,42,61,136,147,147,176,176,200,200,220,23,23,40,40,144,144,158,33,45,45,45,75,75,94,119,138,157,157,169,203,203,306,306,319,394,408,107,122,122,132,152,197,226,236,236,236,255,255,255],"floor_reached":51,"playtime":2518,"items_purged":["Strike_R","Strike_R","Strike_R","Defend_R"],"score":721,"play_id":"8c43e85f-8d5a-4c3d-a01a-f353cc42b314","local_time":"20190308164410","is_ascension_mode":false,"campfire_choices":[{"data":"Juggernaut","floor":6,"key":"SMITH"},{"data":"Body Slam","floor":15,"key":"SMITH"},{"data":"Impervious","floor":24,"key":"SMITH"},{"data":"Exhume","floor":29,"key":"SMITH"},{"data":"Armaments","floor":32,"key":"SMITH"},{"floor":40,"key":"REST"},{"floor":46,"key":"REST"},{"data":"Flame Barrier","floor":49,"key":"SMITH"}],"neow_cost":"NONE","seed_source_timestamp":2057937533631428,"circlet_count":0,"master_deck":["Defend_R","Defend_R","Defend_R","Juggernaut+1","Flame Barrier+1","Shrug It Off","Iron Wave+1","Shrug It Off","Armaments+1","Body Slam+1","Armaments","Impervious+1","Armaments+1","Exhume+1","Shrug It Off","Body Slam+1","Sentinel+1"],"relics":["Burning Blood","Regal Pillow","Vajra","Sozu","Nloth\u0027s Gift","Bronze Scales","Happy Flower","Orichalcum","Empty Cage","Lantern","Blood Vial","Mummified Hand"],"potions_floor_usage":[18,31,31],"damage_taken":[{"damage":2,"enemies":"Small Slimes","floor":1,"turns":4},{"damage":6,"enemies":"Jaw Worm","floor":3,"turns":5},{"damage":2,"enemies":"2 Louse","floor":5,"turns":4},{"damage":36,"enemies":"3 Sentries","floor":7,"turns":8},{"damage":15,"enemies":"Exordium Wildlife","floor":11,"turns":6},{"damage":3,"enemies":"Lots of Slimes","floor":14,"turns":6},{"damage":24,"enemies":"The Guardian","floor":16,"turns":10},{"damage":0,"enemies":"Shell Parasite","floor":18,"turns":5},{"damage":0,"enemies":"Spheric Guardian","floor":20,"turns":4},{"damage":15,"enemies":"Slavers","floor":23,"turns":5},{"damage":0,"enemies":"Snake Plant","floor":25,"turns":4},{"damage":1,"enemies":"Shelled Parasite and Fungi","floor":27,"turns":4},{"damage":0,"enemies":"Centurion and Healer","floor":28,"turns":4},{"damage":0,"enemies":"3 Cultists","floor":30,"turns":5},{"damage":9,"enemies":"Book of Stabbing","floor":31,"turns":5},{"damage":20,"enemies":"Automaton","floor":33,"turns":10},{"damage":0,"enemies":"3 Shapes","floor":35,"turns":3},{"damage":0,"enemies":"Orb Walker","floor":37,"turns":3},{"damage":40,"enemies":"4 Shapes","floor":39,"turns":5},{"damage":3,"enemies":"Spire Growth","floor":41,"turns":5},{"damage":0,"enemies":"Maw","floor":42,"turns":7},{"damage":44,"enemies":"Reptomancer","floor":44,"turns":6},{"damage":0,"enemies":"4 Shapes","floor":45,"turns":5},{"damage":0,"enemies":"Transient","floor":48,"turns":5},{"damage":64,"enemies":"Time Eater","floor":50,"turns":12}],"seed_played":"-4334597580285909216","potions_obtained":[{"floor":5,"key":"SpeedPotion"},{"floor":11,"key":"Strength Potion"},{"floor":14,"key":"AttackPotion"}],"is_trial":false,"path_per_floor":["M","$","M","?","M","R","E","?","T","T","M","$","?","M","R","B",null,"M","$","M","?","?","E","R","M","T","M","M","R","M","E","R","B",null,"M","?","M","$","M","R","M","M","T","E","M","R","?","M","R","B",null],"character_chosen":"IRONCLAD","items_purchased":["Body Slam","Armaments","Lantern"],"campfire_rested":2,"item_purchase_floors":[12,12,38],"current_hp_per_floor":[80,80,80,69,73,73,43,43,43,43,34,34,60,63,63,45,80,80,80,80,80,80,71,71,77,77,80,80,80,80,77,77,63,80,80,72,78,78,44,80,80,80,80,42,50,80,80,80,80,22],"gold":255,"neow_bonus":"ONE_RANDOM_RARE_CARD","is_prod":false,"is_daily":false,"chose_seed":false,"campfire_upgraded":6,"win_rate":0,"timestamp":1552081450,"path_taken":["M","$","M","?","M","R","E","?","T","?","M","$","?","?","R","BOSS","M","$","M","?","?","E","R","M","T","?","M","R","M","E","R","BOSS","M","?","M","$","M","R","?","M","T","E","M","R","?","M","R","BOSS"],"build_version":"2019-01-23","purchased_purges":4,"victory":true,"max_hp_per_floor":[80,80,80,80,80,80,80,80,80,80,80,80,80,80,80,80,80,80,80,80,80,80,80,80,80,80,80,80,80,80,80,80,80,80,80,80,80,80,80,80,80,80,80,80,80,80,80,80,80,80],"card_choices":[{"not_picked":["Perfected Strike","True Grit"],"picked":"Flame Barrier","floor":1},{"not_picked":["Hemokinesis","Clothesline"],"picked":"Shrug It Off","floor":3},{"not_picked":["Headbutt","Anger"],"picked":"Iron Wave","floor":5},{"not_picked":["Pommel Strike","Perfected Strike"],"picked":"Shrug It Off","floor":7},{"not_picked":["Bloodletting","Perfected Strike"],"picked":"Armaments","floor":11},{"not_picked":["Rupture","Reaper","Perfected Strike"],"picked":"SKIP","floor":14},{"not_picked":["Feed","Dark Embrace"],"picked":"Impervious","floor":16},{"not_picked":["Perfected Strike+1","Heavy Blade","Pommel Strike"],"picked":"SKIP","floor":18},{"not_picked":["Blood for Blood+1","Twin Strike"],"picked":"Armaments+1","floor":20},{"not_picked":["Wild Strike","Immolate"],"picked":"Exhume","floor":23},{"not_picked":["Twin Strike","Cleave","Sever Soul"],"picked":"SKIP","floor":25},{"not_picked":["Cleave","Clash","Thunderclap"],"picked":"SKIP","floor":27},{"not_picked":["Dropkick","Clash","Fiend Fire"],"picked":"SKIP","floor":28},{"not_picked":["Warcry","Wild Strike"],"picked":"Shrug It Off","floor":30},{"not_picked":["Reaper","Perfected Strike","Berserk"],"picked":"SKIP","floor":31},{"not_picked":["Pommel Strike+1","Reckless Charge+1","Warcry+1"],"picked":"SKIP","floor":35},{"not_picked":["Pommel Strike+1","Reckless Charge+1","Warcry+1"],"picked":"SKIP","floor":35},{"not_picked":["Pommel Strike+1","Reckless Charge+1","Warcry+1"],"picked":"SKIP","floor":35},{"not_picked":["Clothesline","Sword Boomerang","Burning Pact"],"picked":"SKIP","floor":37},{"not_picked":["Seeing Red+1","Pommel Strike+1","Havoc+1"],"picked":"SKIP","floor":39},{"not_picked":["Second Wind","Whirlwind","Dual Wield"],"picked":"SKIP","floor":41},{"not_picked":["Perfected Strike+1","Flex+1"],"picked":"Body Slam+1","floor":42},{"not_picked":["Sword Boomerang+1","Rage","Immolate"],"picked":"SKIP","floor":44},{"not_picked":["Wild Strike+1","Clash"],"picked":"Sentinel+1","floor":45},{"not_picked":["Clothesline+1","Disarm+1","Infernal Blade+1"],"picked":"SKIP","floor":48}],"player_experience":523149,"relics_obtained":[{"floor":7,"key":"Regal Pillow"},{"floor":9,"key":"Whetstone"},{"floor":10,"key":"Vajra"},{"floor":23,"key":"Bronze Scales"},{"floor":26,"key":"Happy Flower"},{"floor":31,"key":"Orichalcum"},{"floor":43,"key":"Blood Vial"},{"floor":44,"key":"Mummified Hand"}],"event_choices":[{"damage_healed":0,"gold_gain":75,"player_choice":"Gather Gold","damage_taken":11,"max_hp_gain":0,"max_hp_loss":0,"event_name":"World of Goop","floor":4,"gold_loss":0},{"cards_removed":["Strike_R"],"damage_healed":0,"gold_gain":0,"player_choice":"Forget","damage_taken":0,"max_hp_gain":0,"max_hp_loss":0,"event_name":"Living Wall","floor":8,"gold_loss":0},{"damage_healed":26,"gold_gain":0,"player_choice":"Banana","damage_taken":0,"max_hp_gain":0,"max_hp_loss":0,"event_name":"Big Fish","floor":13,"gold_loss":0},{"damage_healed":0,"gold_gain":0,"player_choice":"Ignored","damage_taken":0,"max_hp_gain":0,"max_hp_loss":0,"event_name":"Cursed Tome","floor":21,"gold_loss":0},{"damage_healed":0,"gold_gain":0,"player_choice":"Traded Relic","damage_taken":0,"relics_obtained":["Nloth\u0027s Gift"],"max_hp_gain":0,"max_hp_loss":0,"event_name":"N\u0027loth","floor":22,"relics_lost":["Whetstone"],"gold_loss":0},{"damage_healed":0,"gold_gain":75,"player_choice":"Touch","damage_taken":8,"max_hp_gain":0,"max_hp_loss":0,"event_name":"FaceTrader","floor":36,"gold_loss":0},{"damage_healed":0,"gold_gain":0,"player_choice":"Memory 1","damage_taken":0,"max_hp_gain":0,"max_hp_loss":0,"event_name":"SensoryStone","floor":47,"gold_loss":0}],"is_beta":false,"boss_relics":[{"not_picked":["Eternal Feather","Runic Pyramid"],"picked":"Sozu"},{"not_picked":["Lizard Tail","Fusion Hammer"],"picked":"Empty Cage"}],"items_purged_floors":[2,12,19,38],"is_endless":false,"potions_floor_spawned":[5,11,14,18,23,33,35,41,45,48],"ascension_level":0}