{"gold_per_floor":[118,129,13,13,13,43,43,55,127,157,214,228,101,101,101,196,196,210,210,210,230,42,42,58,58,58,77,77,1,1,21,21,119,119,139,39,54,73,92,92,119,133,133,133,143,243,243,243,243,243],"floor_reached":51,"playtime":2225,"items_purged":["Strike_G","Strike_G"],"score":1073,"play_id":"5ecba57a-7e07-44e5-b378-8e03226c8d4e","local_time":"20190217201318","is_ascension_mode":true,"campfire_choices":[{"data":"Neutralize","floor":7,"key":"SMITH"},{"data":"Choke","floor":15,"key":"SMITH"},{"data":"Envenom","floor":23,"key":"SMITH"},{"data":"Blade Dance","floor":25,"key":"SMITH"},{"data":"Well Laid Plans","floor":28,"key":"SMITH"},{"floor":32,"key":"REST"},{"floor":40,"key":"REST"},{"data":"Cloak And Dagger","floor":44,"key":"SMITH"},{"floor":49,"key":"REST"}],"neow_cost":"NONE","seed_source_timestamp":1209694379835649,"circlet_count":0,"master_deck":["AscendersBane","Defend_G","Defend_G","Defend_G","Defend_G","Defend_G","Survivor","Neutralize+1","Backstab","Finisher","Well Laid Plans+1","Dash","Choke+1","Blade Dance+1","Backstab","Masterful Stab","PiercingWail","Cloak And Dagger+1","Envenom+1","Sadistic Nature","Cloak And Dagger+1","Finisher","Slice+1","Glass Knife+1","Concentrate+1","Backflip+1","Accuracy+1","Cloak And Dagger+1","Escape Plan+1","Parasite"],"relics":["Lizard Tail","Boot","Gremlin Horn","Ninja Scroll","Dream Catcher","Snake Skull","Cursed Key","Enchiridion","Strawberry","Astrolabe","Anchor","Peace Pipe"],"potions_floor_usage":[1,10,16,33,33,42,50,50],"damage_taken":[{"damage":8,"enemies":"Jaw Worm","floor":1,"turns":6},{"damage":0,"enemies":"Small Slimes","floor":2,"turns":5},{"damage":20,"enemies":"3 Sentries","floor":6,"turns":8},{"damage":0,"enemies":"Cultist","floor":8,"turns":4},{"damage":0,"enemies":"Gremlin Nob","floor":10,"turns":3},{"damage":6,"enemies":"Gremlin Nob","floor":11,"turns":4},{"damage":0,"enemies":"Blue Slaver","floor":12,"turns":1},{"damage":15,"enemies":"Hexaghost","floor":16,"turns":10},{"damage":9,"enemies":"Shell Parasite","floor":18,"turns":3},{"damage":0,"enemies":"3 Byrds","floor":21,"turns":2},{"damage":1,"enemies":"Sentry and Sphere","floor":24,"turns":3},{"damage":10,"enemies":"Snecko","floor":27,"turns":4},{"damage":12,"enemies":"3 Cultists","floor":31,"turns":4},{"damage":9,"enemies":"Automaton","floor":33,"turns":5},{"damage":2,"enemies":"3 Darklings","floor":35,"turns":4},{"damage":11,"enemies":"Orb Walker","floor":37,"turns":3},{"damage":15,"enemies":"3 Darklings","floor":38,"turns":6},{"damage":16,"enemies":"Jaw Worm Horde","floor":39,"turns":4},{"damage":20,"enemies":"Nemesis","floor":41,"turns":4},{"damage":1,"enemies":"Transient","floor":42,"turns":5},{"damage":0,"enemies":"Writhing Mass","floor":45,"turns":4},{"damage":0,"enemies":"Mind Bloom Boss Battle","floor":46,"turns":4},{"damage":80,"enemies":"Awakened One","floor":50,"turns":10}],"seed_played":"1788908201821888290","potions_obtained":[{"floor":1,"key":"Fruit Juice"},{"floor":6,"key":"SkillPotion"},{"floor":10,"key":"Energy Potion"},{"floor":16,"key":"PowerPotion"},{"floor":21,"key":"EntropicBrew"},{"floor":46,"key":"Swift Potion"}],"is_trial":false,"path_per_floor":["M","M","$","?","?","E","R","M","T","E","?","M","$","?","R","B",null,"M","?","?","M","$","R","M","R","T","M","R","$","$","M","R","B",null,"M","$","M","M","M","R","E","M","T","R","M","?","?","T","R","B",null],"character_chosen":"THE_SILENT","items_purchased":["Well Laid Plans","Dash","Cloak And Dagger","Sadistic Nature","Finisher"],"campfire_rested":3,"item_purchase_floors":[3,3,13,22,29],"current_hp_per_floor":[60,60,60,57,57,37,37,37,37,37,31,31,31,31,31,16,60,51,35,42,42,42,42,41,41,41,31,31,31,31,19,43,34,70,68,68,57,42,26,50,30,29,29,29,29,29,29,29,52,31],"gold":243,"neow_bonus":"BOSS_RELIC","is_prod":false,"is_daily":false,"chose_seed":false,"campfire_upgraded":6,"win_rate":0,"timestamp":1550394798,"path_taken":["M","M","$","?","?","E","R","M","T","E","?","M","$","?","R","BOSS","M","?","?","M","?","R","?","R","T","M","R","?","$","M","R","BOSS","M","$","M","M","M","R","E","M","T","R","M","?","?","?","R","BOSS"],"build_version":"2019-01-23","purchased_purges":2,"victory":true,"max_hp_per_floor":[75,75,75,75,75,75,75,75,75,75,75,75,75,75,75,75,75,75,75,82,82,82,82,82,82,82,82,82,82,82,82,82,82,82,82,82,82,82,82,82,82,82,82,82,82,82,78,78,78,78],"card_choices":[{"not_picked":["Bouncing Flask","Cloak And Dagger"],"picked":"Backstab","floor":1},{"not_picked":["Flying Knee","Dagger Throw"],"picked":"Finisher","floor":2},{"not_picked":["Prepared","Outmaneuver"],"picked":"Choke","floor":6},{"not_picked":["Backstab","Quick Slash"],"picked":"Blade Dance","floor":8},{"not_picked":["Underhanded Strike","Dagger Throw"],"picked":"Backstab","floor":10},{"not_picked":["Sucker Punch","Well Laid Plans"],"picked":"Masterful Stab","floor":11},{"not_picked":["Endless Agony","Wraith Form v2"],"picked":"PiercingWail","floor":12},{"not_picked":["Adrenaline","Night Terror"],"picked":"Envenom","floor":16},{"not_picked":["Reflex+1","Dodge and Roll","Slice"],"picked":"SKIP","floor":18},{"not_picked":["Expertise","Deadly Poison","Eviscerate+1"],"picked":"SKIP","floor":21},{"not_picked":["Deflect","Setup","Acrobatics+1"],"picked":"SKIP","floor":24},{"not_picked":["Underhanded Strike","Bouncing Flask"],"picked":"Cloak And Dagger+1","floor":27},{"not_picked":["Calculated Gamble","Dagger Spray","Crippling Poison"],"picked":"SKIP","floor":31},{"not_picked":["Cloak And Dagger","Well Laid Plans+1"],"picked":"Backflip+1","floor":35},{"not_picked":["Deflect","Backflip+1"],"picked":"Accuracy+1","floor":37},{"not_picked":["Deflect+1","Choke","Leg Sweep"],"picked":"SKIP","floor":38},{"not_picked":["Well Laid Plans+1","Deflect+1","Backflip+1"],"picked":"SKIP","floor":39},{"not_picked":["Calculated Gamble","Outmaneuver+1"],"picked":"Cloak And Dagger","floor":40},{"not_picked":["Underhanded Strike","Outmaneuver","Backflip+1"],"picked":"SKIP","floor":41},{"not_picked":["Flying Knee+1","Concentrate"],"picked":"Escape Plan+1","floor":42},{"not_picked":["After Image","Acrobatics","Choke+1"],"picked":"SKIP","floor":45}],"player_experience":722910,"relics_obtained":[{"floor":6,"key":"Gremlin Horn"},{"floor":9,"key":"Ninja Scroll"},{"floor":10,"key":"Dream Catcher"},{"floor":11,"key":"Snake Skull"},{"floor":19,"key":"Enchiridion"},{"floor":41,"key":"Anchor"},{"floor":46,"key":"Peace Pipe"}],"event_choices":[{"damage_healed":0,"gold_gain":0,"player_choice":"Success","damage_taken":3,"relics_obtained":["Boot"],"max_hp_gain":0,"max_hp_loss":0,"event_name":"Scrap Ooze","floor":4,"gold_loss":0},{"damage_healed":0,"gold_gain":0,"player_choice":"Ignored","damage_taken":0,"max_hp_gain":0,"max_hp_loss":0,"event_name":"Liars Game","floor":5,"gold_loss":0},{"damage_healed":0,"gold_gain":0,"player_choice":"Searched \u00271\u0027 times","damage_taken":0,"max_hp_gain":0,"max_hp_loss":0,"event_name":"Dead Adventurer","floor":11,"gold_loss":0},{"damage_healed":0,"gold_gain":0,"player_choice":"Grow","damage_taken":0,"max_hp_gain":0,"max_hp_loss":0,"event_name":"Living Wall","floor":14,"gold_loss":0,"cards_upgraded":["Cloak And Dagger"]},{"damage_healed":0,"gold_gain":0,"player_choice":"Obtained Book","damage_taken":16,"max_hp_gain":0,"max_hp_loss":0,"event_name":"Cursed Tome","floor":19,"gold_loss":0},{"damage_healed":0,"gold_gain":0,"player_choice":"Opened","damage_taken":0,"relics_obtained":["Strawberry"],"max_hp_gain":0,"max_hp_loss":0,"event_name":"The Mausoleum","floor":20,"gold_loss":0},{"damage_healed":0,"gold_gain":0,"player_choice":"Fight","damage_taken":0,"max_hp_gain":0,"max_hp_loss":0,"event_name":"MindBloom","floor":46,"gold_loss":0},{"damage_healed":0,"gold_gain":0,"player_choice":"Max HP","damage_taken":0,"max_hp_gain":0,"max_hp_loss":4,"event_name":"Winding Halls","floor":47,"gold_loss":0}],"is_beta":false,"boss_relics":[{"not_picked":["Fusion Hammer","Orrery"],"picked":"Cursed Key"},{"not_picked":["White Beast Statue","Snecko Eye"],"picked":"Astrolabe"}],"items_purged_floors":[13,36],"is_endless":false,"potions_floor_spawned":[1,6,10,16,21,31,37,41,46],"ascension_level":11}