{"gold_per_floor":[110,122,47,67,67,99,111,143,143,143,143,143,156,156,156,287,287,308,308,326,31,54,54,88,88,138,163,177,92,132,15,15,144,144,168,183,7,27,27,27,58,345,357,403,434,471,483,30,30,30,30,30,30,70,70],"floor_reached":56,"playtime":5808,"items_purged":["Defend_B","Dualcast"],"score":1840,"play_id":"ff2f04b1-6b82-42fb-b7d2-10a5d1393b31","local_time":"20181122014533","is_ascension_mode":true,"campfire_choices":[{"floor":10,"key":"REST"},{"floor":15,"key":"REST"},{"data":"Recycle","floor":23,"key":"SMITH"},{"data":"Recycle","floor":32,"key":"SMITH"},{"floor":40,"key":"RECALL"},{"data":"Tempest","floor":47,"key":"SMITH"},{"data":"Defragment","floor":49,"key":"SMITH"},{"data":"Chill","floor":52,"key":"SMITH"}],"neow_cost":"NONE","seed_source_timestamp":0,"circlet_count":0,"master_deck":["AscendersBane","Defend_B","Defend_B","Defend_B+1","Zap","Coolheaded+1","Capacitor","Self Repair","Go for the Eyes","Reboot","Recycle+1","Genetic Algorithm","Tempest+1","Reboot","Glacier","Bite","Bite","Bite","Bite","Bite","Leap+1","Turbo","Secret Weapon","Sunder","Self Repair+1","Chill+1","Go for the Eyes+1","Beam Cell+1","Recycle+1","Conserve Battery","Echo Form","Doom and Gloom+1","Recycle","Apotheosis","Loop+1","Chill","Regret","Reinforced Body+1","Conserve Battery","Turbo+1","Defragment+1","Heatsinks+1"],"special_seed":0,"relics":["Cracked Core","Vajra","Nunchaku","Dead Branch","Golden Idol","Coffee Dripper","Shuriken","Matryoshka","Bag of Preparation","War Paint","Dream Catcher","Snecko Eye","MawBank","PreservedInsect","Pocketwatch","Ancient Tea Set","Gambling Chip","Ornamental Fan"],"potions_floor_usage":[8,8,24,33,50,50,50,50,50,54],"damage_taken":[{"damage":0.0,"enemies":"Cultist","floor":1.0,"turns":3.0},{"damage":2.0,"enemies":"Small Slimes","floor":2.0,"turns":4.0},{"damage":5.0,"enemies":"2 Louse","floor":4.0,"turns":4.0},{"damage":32,"enemies":"Lagavulin","floor":6,"turns":8},{"damage":12,"enemies":"Looter","floor":7,"turns":4},{"damage":39,"enemies":"Gremlin Nob","floor":8,"turns":6},{"damage":11,"enemies":"3 Louse","floor":13,"turns":5},{"damage":46,"enemies":"Hexaghost","floor":16,"turns":13},{"damage":16,"enemies":"3 Byrds","floor":18,"turns":6},{"damage":9,"enemies":"Spheric Guardian","floor":20,"turns":4},{"damage":19,"enemies":"Snecko","floor":22,"turns":6},{"damage":23,"enemies":"Book of Stabbing","floor":24,"turns":6},{"damage":8,"enemies":"3 Cultists","floor":27,"turns":4},{"damage":0,"enemies":"Cultist and Chosen","floor":28,"turns":3},{"damage":11,"enemies":"Slavers","floor":30,"turns":7},{"damage":15,"enemies":"Automaton","floor":33,"turns":9},{"damage":0,"enemies":"Orb Walker","floor":35,"turns":5},{"damage":2,"enemies":"3 Darklings","floor":36,"turns":6},{"damage":0,"enemies":"Sphere and 2 Shapes","floor":38,"turns":4},{"damage":40,"enemies":"Reptomancer","floor":41,"turns":5},{"damage":7,"enemies":"Nemesis","floor":44,"turns":7},{"damage":33,"enemies":"Writhing Mass","floor":45,"turns":5},{"damage":20,"enemies":"Spire Growth","floor":46,"turns":4},{"damage":55,"enemies":"Awakened One","floor":50,"turns":10},{"damage":13,"enemies":"Shield and Spear","floor":54,"turns":5},{"damage":55,"enemies":"The Heart","floor":55,"turns":8}],"seed_played":"607651379776251676","potions_obtained":[{"floor":4.0,"key":"Dexterity Potion"},{"floor":6,"key":"Strength Potion"},{"floor":8,"key":"Dexterity Potion"},{"floor":18,"key":"Dexterity Potion"},{"floor":22,"key":"Swift Potion"},{"floor":24,"key":"Ancient Potion"},{"floor":35,"key":"Fire Potion"},{"floor":45,"key":"EntropicBrew"},{"floor":46,"key":"Fire Potion"}],"is_trial":false,"path_per_floor":["M","M","$","M","$","E","M","E","T","R","?","?","M","?","R","B",null,"M","?","M","$","M","R","E","?","T","M","M","?","E","$","R","B",null,"M","M","$","M","?","R","E","?","T","E","M","M","R","$","R","B",null,"R","$","E","B",null],"character_chosen":"DEFECT","items_purchased":["Self Repair","Turbo","Secret Weapon","Recycle","Conserve Battery","Apotheosis","Gambling Chip","Defragment"],"campfire_rested":2,"item_purchase_floors":[3,21,21,31,31,37,48,48],"current_hp_per_floor":[75,73,73,75,75,50,45,13,13,37,37,37,33,26,50,11,64,55,55,57,57,51,51,45,45,45,57,57,57,57,57,57,57,57,57,57,57,57,57,57,50,50,50,57,47,48,48,48,48,40,53,53,53,57,46],"gold":70,"neow_bonus":"TEN_PERCENT_HP_BONUS","is_prod":false,"is_daily":false,"chose_seed":false,"campfire_upgraded":5,"win_rate":0,"timestamp":1542847533,"path_taken":["M","M","$","?","$","E","M","E","T","R","?","?","M","?","R","BOSS","M","?","M","$","M","R","E","?","T","M","M","?","E","$","R","BOSS","M","M","$","M","?","R","E","?","T","E","M","M","R","$","R","BOSS","R","$","E","BOSS"],"build_version":"2018-11-15","purchased_purges":2,"victory":true,"max_hp_per_floor":[82,82,82,82,82,82,82,82,82,82,82,82,82,82,82,82,82,82,57,57,57,57,57,57,57,57,57,57,57,57,57,57,57,57,57,57,57,57,57,57,57,57,57,57,57,57,57,57,57,57,57,57,57,57,57],"card_choices":[{"not_picked":["Sweeping Beam","Storm"],"picked":"Coolheaded","floor":1.0},{"not_picked":["Sweeping Beam","Leap"],"picked":"Capacitor","floor":2.0},{"not_picked":["All For One","Beam Cell"],"picked":"Go for the Eyes","floor":4.0},{"not_picked":["Compile Driver","Hologram"],"picked":"Reboot","floor":6},{"not_picked":["Chaos","Self Repair"],"picked":"Recycle","floor":7},{"not_picked":["Beam Cell","Stack"],"picked":"Genetic Algorithm","floor":8},{"not_picked":["Lockon","Redo"],"picked":"Tempest","floor":13},{"not_picked":["Hyperbeam","Thunder Strike"],"picked":"Reboot","floor":16},{"not_picked":["Turbo","Barrage"],"picked":"Glacier","floor":18},{"not_picked":["Hologram","Sweeping Beam+1"],"picked":"Leap+1","floor":20},{"not_picked":["Coolheaded","Compile Driver"],"picked":"Sunder","floor":22},{"not_picked":["Streamline","Core Surge"],"picked":"Self Repair+1","floor":24},{"not_picked":["Rebound","Double Energy"],"picked":"Chill","floor":27},{"not_picked":["Gash","Loop"],"picked":"Go for the Eyes+1","floor":28},{"not_picked":["Undo","Leap"],"picked":"Beam Cell+1","floor":30},{"not_picked":["Hyperbeam","Creative AI"],"picked":"Echo Form","floor":33},{"not_picked":["Force Field","Coolheaded+1"],"picked":"Doom and Gloom+1","floor":35},{"not_picked":["Lockon+1","Conserve Battery+1"],"picked":"Recycle","floor":36},{"not_picked":["Cold Snap+1","Consume"],"picked":"Loop+1","floor":38},{"not_picked":["Gash+1","Lockon"],"picked":"Chill","floor":41},{"not_picked":["Skim","Go for the Eyes+1"],"picked":"Reinforced Body+1","floor":44},{"not_picked":["Barrage","Coolheaded"],"picked":"Conserve Battery","floor":45},{"not_picked":["Cold Snap","Streamline"],"picked":"Turbo+1","floor":46},{"not_picked":["Stack+1","Steam"],"picked":"Heatsinks+1","floor":54}],"player_experience":486024,"relics_obtained":[{"floor":6,"key":"Vajra"},{"floor":8,"key":"Nunchaku"},{"floor":9,"key":"Dead Branch"},{"floor":24,"key":"Shuriken"},{"floor":26,"key":"Bag of Preparation"},{"floor":30,"key":"Dream Catcher"},{"floor":41,"key":"MawBank"},{"floor":43,"key":"PreservedInsect"},{"floor":43,"key":"Pocketwatch"},{"floor":44,"key":"Ancient Tea Set"},{"floor":54,"key":"Ornamental Fan"}],"event_choices":[{"cards_removed":["Strike_B"],"damage_healed":0,"gold_gain":0,"player_choice":"Forget","damage_taken":0,"max_hp_gain":0,"max_hp_loss":0,"event_name":"Living Wall","floor":11,"gold_loss":0},{"damage_healed":0,"gold_gain":0,"player_choice":"Take Wound","damage_taken":0,"relics_obtained":["Golden Idol"],"max_hp_gain":0,"max_hp_loss":0,"event_name":"Golden Idol","floor":12,"gold_loss":0,"cards_obtained":["Injury"]},{"cards_removed":["Injury"],"damage_healed":0,"gold_gain":0,"player_choice":"Card Removal","damage_taken":7,"max_hp_gain":0,"max_hp_loss":0,"event_name":"Golden Wing","floor":14,"gold_loss":0},{"damage_healed":0,"gold_gain":0,"player_choice":"Became a vampire","damage_taken":0,"max_hp_gain":0,"max_hp_loss":25,"event_name":"Vampires","floor":19,"gold_loss":0,"cards_obtained":["Bite","Bite","Bite","Bite","Bite"]},{"damage_healed":0,"gold_gain":0,"player_choice":"Opened","damage_taken":0,"relics_obtained":["Matryoshka"],"max_hp_gain":0,"max_hp_loss":0,"event_name":"The Mausoleum","floor":25,"gold_loss":0},{"damage_healed":0,"gold_gain":0,"player_choice":"Obtained Relic","damage_taken":0,"relics_obtained":["War Paint"],"max_hp_gain":0,"max_hp_loss":0,"event_name":"Addict","floor":29,"gold_loss":85},{"damage_healed":0,"gold_gain":0,"player_choice":"Memory 1","damage_taken":0,"max_hp_gain":0,"max_hp_loss":0,"event_name":"SensoryStone","floor":39,"gold_loss":0},{"damage_healed":0,"gold_gain":275,"player_choice":"Desecrate","damage_taken":0,"max_hp_gain":0,"max_hp_loss":0,"event_name":"Golden Shrine","floor":42,"gold_loss":0,"cards_obtained":["Regret"]}],"is_beta":true,"boss_relics":[{"not_picked":["Tiny House","Sozu"],"picked":"Coffee Dripper"},{"not_picked":["Fusion Hammer","Philosopher\u0027s Stone"],"picked":"Snecko Eye"}],"items_purged_floors":[21,48],"is_endless":false,"potions_floor_spawned":[4,6,8,18,22,24,28,35,41,45,46],"ascension_level":10}