{"gold_per_floor":[112,127,137,156,4,39,55,88,115,127,139,167,14,14],"floor_reached":14,"playtime":661,"items_purged":["Strike_B"],"score":117,"play_id":"2e6206f2-dcf7-477b-8a48-c46181bf87aa","local_time":"20190308093719","is_ascension_mode":true,"campfire_choices":[],"neow_cost":"NONE","seed_source_timestamp":0,"circlet_count":0,"master_deck":["Strike_B","Strike_B","Strike_B","Defend_B","Defend_B","Defend_B","Defend_B","Zap","Dualcast","Amplify","Redo","Storm","Defragment+1","Buffer","Heatsinks","Reprogram","Sweeping Beam","Ball Lightning","Fusion","Leap","Heatsinks"],"special_seed":0,"relics":["Cracked Core","Peace Pipe","Bag of Marbles","MawBank"],"potions_floor_usage":[7,8],"damage_taken":[{"damage":0.0,"enemies":"2 Louse","floor":1.0,"turns":3.0},{"damage":1.0,"enemies":"Cultist","floor":2.0,"turns":3.0},{"damage":4.0,"enemies":"Small Slimes","floor":3.0,"turns":3.0},{"damage":14.0,"enemies":"Blue Slaver","floor":4.0,"turns":4.0},{"damage":5.0,"enemies":"Lagavulin","floor":6.0,"turns":6.0},{"damage":10,"enemies":"Exordium Thugs","floor":7,"turns":5},{"damage":40,"enemies":"3 Sentries","floor":8,"turns":9},{"damage":29,"enemies":"Lots of Slimes","floor":12,"turns":4},{"damage":14,"enemies":"3 Louse","floor":14,"turns":1}],"seed_played":"3314879345259409007","potions_obtained":[{"floor":1.0,"key":"Explosive Potion"},{"floor":6.0,"key":"Energy Potion"},{"floor":7,"key":"Regen Potion"},{"floor":8,"key":"Dexterity Potion"},{"floor":12,"key":"AttackPotion"}],"is_trial":false,"path_per_floor":["M","M","M","M","$","E","M","E","T","?","?","M","$","M"],"character_chosen":"DEFECT","items_purchased":["Heatsinks","Fusion","Leap","Heatsinks"],"campfire_rested":0,"item_purchase_floors":[5,13,13,13],"current_hp_per_floor":[75,74,70,56,56,51,41,16,16,41,41,12,12,0],"gold":14,"neow_bonus":"ONE_RANDOM_RARE_CARD","is_prod":false,"is_daily":false,"chose_seed":false,"campfire_upgraded":0,"win_rate":0,"timestamp":1552027039,"path_taken":["M","M","M","M","$","E","M","E","T","?","?","?","$","M"],"build_version":"2019-01-23","purchased_purges":1,"victory":false,"max_hp_per_floor":[75,75,75,75,75,75,75,75,75,75,75,75,75,75],"card_choices":[{"not_picked":["Reinforced Body","Turbo"],"picked":"Redo","floor":1.0},{"not_picked":["Melter","Redo"],"picked":"Storm","floor":2.0},{"not_picked":["Self Repair","White Noise"],"picked":"Defragment","floor":3.0},{"not_picked":["Hello World","Aggregate"],"picked":"Buffer","floor":4.0},{"not_picked":["Compile Driver","Steam"],"picked":"Reprogram","floor":6.0},{"not_picked":["Beam Cell","Barrage","Sunder"],"picked":"SKIP","floor":7},{"not_picked":["Compile Driver","Tempest"],"picked":"Sweeping Beam","floor":8},{"not_picked":["Rebound","Hello World"],"picked":"Ball Lightning","floor":12}],"player_experience":395095,"relics_obtained":[{"floor":6.0,"key":"Peace Pipe"},{"floor":8,"key":"Bag of Marbles"},{"floor":9,"key":"MawBank"}],"event_choices":[{"damage_healed":25,"gold_gain":0,"player_choice":"Banana","damage_taken":0,"max_hp_gain":0,"max_hp_loss":0,"event_name":"Big Fish","floor":10,"gold_loss":0},{"damage_healed":0,"gold_gain":0,"player_choice":"Upgraded","damage_taken":0,"max_hp_gain":0,"max_hp_loss":0,"event_name":"Upgrade Shrine","floor":11,"gold_loss":0,"cards_upgraded":["Defragment"]}],"is_beta":false,"boss_relics":[],"items_purged_floors":[5],"is_endless":false,"potions_floor_spawned":[1,6,7,8,12],"killed_by":"3 Louse","ascension_level":3}