{"gold_per_floor":[110,35,53,65,75,75,75,175,175,194,209,226,258,258,258,354,354,354,354,279,279,279,279,279],"floor_reached":24,"playtime":1000,"items_purged":[],"score":317,"play_id":"fa301e8a-d386-4f6c-8204-5b65c51ce5df","local_time":"20181106123825","is_ascension_mode":true,"campfire_choices":[{"data":"Hologram","floor":6,"key":"SMITH"},{"data":"Beam Cell","floor":15,"key":"SMITH"},{"floor":23,"key":"REST"}],"neow_cost":"NONE","seed_source_timestamp":10288827699312436,"circlet_count":0,"master_deck":["AscendersBane","Strike_B","Strike_B","Strike_B","Defend_B","Defend_B","Defend_B","Defend_B","Zap","Dualcast","Dramatic Entrance","Hologram+1","Self Repair","Gash","Leap","Beam Cell+1","Sweeping Beam","Leap","Streamline+1","White Noise","Echo Form","Hologram","Gash","Gash"],"relics":["Cracked Core","Dead Branch","Pocketwatch","Ectoplasm"],"potions_floor_usage":[5],"damage_taken":[{"damage":0,"enemies":"Cultist","floor":1,"turns":3},{"damage":9,"enemies":"Jaw Worm","floor":3,"turns":4},{"damage":0,"enemies":"2 Louse","floor":4,"turns":3},{"damage":0,"enemies":"Gremlin Gang","floor":5,"turns":3},{"damage":7,"enemies":"Looter","floor":10,"turns":3},{"damage":20,"enemies":"Exordium Wildlife","floor":11,"turns":4},{"damage":5,"enemies":"3 Louse","floor":12,"turns":3},{"damage":26,"enemies":"Lagavulin","floor":13,"turns":5},{"damage":39,"enemies":"Hexaghost","floor":16,"turns":8},{"damage":7,"enemies":"Chosen","floor":18,"turns":4},{"damage":32,"enemies":"2 Thieves","floor":20,"turns":4},{"damage":35,"enemies":"Colosseum Slavers","floor":22,"turns":4},{"damage":42,"enemies":"Slavers","floor":24,"turns":2}],"seed_played":"2431266955244539918","potions_obtained":[{"floor":3,"key":"Dexterity Potion"},{"floor":4,"key":"AttackPotion"},{"floor":20,"key":"SpeedPotion"}],"is_trial":false,"path_per_floor":["M","$","M","M","M","R","?","?","T","M","M","M","E","?","R","B",null,"M","?","M","?","?","R","E"],"character_chosen":"DEFECT","items_purchased":["Self Repair"],"campfire_rested":1,"item_purchase_floors":[2],"current_hp_per_floor":[68,68,66,73,75,75,80,80,80,80,67,69,50,50,50,18,65,65,65,47,47,12,36,0],"gold":279,"neow_bonus":"RANDOM_COLORLESS","is_prod":false,"is_daily":false,"chose_seed":false,"campfire_upgraded":2,"win_rate":0,"timestamp":1541536705,"path_taken":["M","$","M","?","M","R","?","?","T","M","?","M","E","?","R","BOSS","M","?","?","?","?","R","E"],"build_version":"2018-11-01","purchased_purges":0,"victory":false,"max_hp_per_floor":[75,75,75,75,75,75,80,80,80,80,80,80,80,80,80,80,80,80,80,80,80,80,80,80],"card_choices":[{"not_picked":["Turbo","Redo"],"picked":"Hologram","floor":1},{"not_picked":["Ball Lightning","Steam"],"picked":"Gash","floor":3},{"not_picked":["Steam","Creative AI"],"picked":"Leap","floor":4},{"not_picked":["Barrage","Loop"],"picked":"Beam Cell","floor":5},{"not_picked":["Lockon","Genetic Algorithm"],"picked":"Sweeping Beam","floor":10},{"not_picked":["Reprogram","Barrage"],"picked":"Leap","floor":11},{"not_picked":["Sunder","Compile Driver"],"picked":"Streamline","floor":12},{"not_picked":["Coolheaded","Hyperbeam"],"picked":"White Noise","floor":13},{"not_picked":["Biased Cognition","Meteor Strike"],"picked":"Echo Form","floor":16},{"not_picked":["Undo","Steam"],"picked":"Hologram","floor":18},{"not_picked":["Sunder","Steam"],"picked":"Gash","floor":20}],"player_experience":356688,"relics_obtained":[{"floor":9,"key":"Dead Branch"},{"floor":13,"key":"Pocketwatch"}],"event_choices":[{"damage_healed":0,"gold_gain":0,"player_choice":"Donut","damage_taken":0,"max_hp_gain":5,"max_hp_loss":0,"event_name":"Big Fish","floor":7,"gold_loss":0},{"damage_healed":0,"gold_gain":100,"player_choice":"Pray","damage_taken":0,"max_hp_gain":0,"max_hp_loss":0,"event_name":"Golden Shrine","floor":8,"gold_loss":0},{"damage_healed":0,"gold_gain":0,"player_choice":"Grow","damage_taken":0,"max_hp_gain":0,"max_hp_loss":0,"event_name":"Living Wall","floor":14,"gold_loss":0,"cards_upgraded":["Streamline"]},{"cards_removed":["Strike_B"],"damage_healed":0,"gold_gain":0,"player_choice":"Offered Basic","damage_taken":0,"max_hp_gain":0,"max_hp_loss":0,"event_name":"Bonfire Elementals","floor":19,"gold_loss":0},{"damage_healed":0,"gold_gain":0,"player_choice":"Read","damage_taken":0,"max_hp_gain":0,"max_hp_loss":0,"event_name":"The Library","floor":21,"gold_loss":0,"cards_obtained":["Gash"]},{"damage_healed":0,"gold_gain":0,"player_choice":"Fight","damage_taken":0,"max_hp_gain":0,"max_hp_loss":0,"event_name":"Colosseum","floor":22,"gold_loss":0},{"damage_healed":0,"gold_gain":0,"player_choice":"Fled From Nobs","damage_taken":0,"max_hp_gain":0,"max_hp_loss":0,"event_name":"Colosseum","floor":22,"gold_loss":0}],"is_beta":false,"boss_relics":[{"not_picked":["White Beast Statue","Eternal Feather"],"picked":"Ectoplasm"}],"items_purged_floors":[],"is_endless":false,"potions_floor_spawned":[3,4,20],"killed_by":"Slavers","ascension_level":12}