{"gold_per_floor":[118,43,43,8,23,23,23,23,23,55,65,92,92,104,104,209,209,223,223,31,130,141,141,141,66,114,139,28,28,43,77,77,176,176,193,204,215,215,263,263,263],"floor_reached":41,"playtime":2156,"items_purged":["Strike_R+1"],"score":689,"play_id":"59f825f9-cbb8-42f0-9425-41300e52f3bf","local_time":"20190214131236","is_ascension_mode":true,"campfire_choices":[{"data":"Offering","floor":6,"key":"SMITH"},{"data":"Anger","floor":8,"key":"SMITH"},{"data":"1","floor":13,"key":"LIFT"},{"data":"2","floor":15,"key":"LIFT"},{"data":"3","floor":24,"key":"LIFT"},{"data":"Armaments","floor":29,"key":"SMITH"},{"data":"J.A.X.","floor":32,"key":"SMITH"},{"data":"Juggernaut","floor":40,"key":"SMITH"}],"neow_cost":"NONE","seed_source_timestamp":701352220163300,"circlet_count":0,"master_deck":["Strike_R+1","Defend_R+1","Defend_R+1","Defend_R+1","Defend_R+1","Bash","Fiend Fire","Thunderclap","Offering+1","Feel No Pain","Anger+1","Armaments+1","Disarm","Flame Barrier","Evolve","Brutality","Wild Strike","Inflame+1","J.A.X.+1","Flex","Rupture","Juggernaut+1","Offering","Writhe","Rampage","Reaper","Iron Wave","Dark Shackles"],"relics":["Burning Blood","Bird Faced Urn","Girya","Blue Candle","Runic Pyramid","Strange Spoon","Art of War","Omamori","WingedGreaves","Calling Bell","Potion Belt","Ornamental Fan","Thread and Needle","Prayer Wheel"],"potions_floor_usage":[16,16,30,37,39],"damage_taken":[{"damage":7,"enemies":"Jaw Worm","floor":1,"turns":3},{"damage":6,"enemies":"2 Louse","floor":5,"turns":2},{"damage":6,"enemies":"Lagavulin","floor":10,"turns":4},{"damage":6,"enemies":"Cultist","floor":11,"turns":2},{"damage":6,"enemies":"3 Sentries","floor":12,"turns":7},{"damage":6,"enemies":"Large Slime","floor":14,"turns":6},{"damage":25,"enemies":"Hexaghost","floor":16,"turns":9},{"damage":19,"enemies":"3 Byrds","floor":18,"turns":5},{"damage":7,"enemies":"Chosen","floor":22,"turns":3},{"damage":33,"enemies":"Slavers","floor":27,"turns":6},{"damage":40,"enemies":"Shelled Parasite and Fungi","floor":30,"turns":4},{"damage":11,"enemies":"Book of Stabbing","floor":31,"turns":3},{"damage":22,"enemies":"Automaton","floor":33,"turns":6},{"damage":17,"enemies":"3 Shapes","floor":35,"turns":9},{"damage":24,"enemies":"3 Darklings","floor":36,"turns":5},{"damage":42,"enemies":"Writhing Mass","floor":37,"turns":4},{"damage":54,"enemies":"2 Orb Walkers","floor":39,"turns":4},{"damage":29,"enemies":"Reptomancer","floor":41,"turns":2}],"seed_played":"8593039142405969173","potions_obtained":[{"floor":12,"key":"SteroidPotion"},{"floor":14,"key":"Weak Potion"},{"floor":18,"key":"AttackPotion"},{"floor":30,"key":"Poison Potion"},{"floor":35,"key":"Weak Potion"},{"floor":37,"key":"Block Potion"}],"is_trial":false,"path_per_floor":["M","$","?","$","M","R","?","R","T","E","M","E","R","M","R","B",null,"M","?","$","?","M","?","R","?","T","E","$","R","M","E","R","B",null,"M","M","M","?","?","R","E"],"character_chosen":"IRONCLAD","items_purchased":["Offering","Feel No Pain","Strange Spoon","Rupture"],"campfire_rested":0,"item_purchase_floors":[2,4,20,28],"current_hp_per_floor":[71,71,64,64,64,64,64,64,64,66,68,70,70,70,70,55,74,67,67,67,67,72,72,72,72,72,53,53,53,29,34,34,30,68,69,63,39,39,23,23,0],"gold":263,"neow_bonus":"ONE_RANDOM_RARE_CARD","is_prod":false,"is_daily":false,"chose_seed":false,"campfire_upgraded":5,"win_rate":0,"timestamp":1550178756,"path_taken":["M","$","?","?","M","R","?","R","T","E","?","E","R","M","R","BOSS","M","?","$","?","M","?","R","?","T","E","?","R","M","E","R","BOSS","M","M","M","?","?","R","E"],"build_version":"2019-01-23","purchased_purges":1,"victory":false,"max_hp_per_floor":[80,80,80,80,80,80,80,80,80,80,80,80,80,80,80,80,80,80,80,80,80,80,80,80,80,80,80,80,80,80,80,80,80,80,80,80,80,80,80,80,80],"card_choices":[{"not_picked":["Warcry","Twin Strike"],"picked":"Thunderclap","floor":1},{"not_picked":["Heavy Blade","Sword Boomerang"],"picked":"Anger","floor":5},{"not_picked":["Warcry","Twin Strike"],"picked":"Armaments","floor":10},{"not_picked":["Sentinel","Dual Wield"],"picked":"Disarm","floor":11},{"not_picked":["Havoc","Uppercut"],"picked":"Flame Barrier","floor":12},{"not_picked":["Twin Strike","Sword Boomerang"],"picked":"Evolve","floor":14},{"not_picked":["Feed","Bludgeon"],"picked":"Brutality","floor":16},{"not_picked":["Body Slam","Clothesline"],"picked":"Wild Strike","floor":18},{"not_picked":["Thunderclap","Havoc"],"picked":"Inflame+1","floor":22},{"not_picked":["Twin Strike","Battle Trance"],"picked":"Flex","floor":27},{"not_picked":["Pommel Strike","Perfected Strike","Body Slam"],"picked":"SKIP","floor":30},{"not_picked":["Body Slam","Evolve+1"],"picked":"Juggernaut","floor":31},{"not_picked":["Brutality","Double Tap"],"picked":"Offering","floor":33},{"not_picked":["Twin Strike+1","Cleave+1"],"picked":"Rampage","floor":35},{"not_picked":["Clothesline","Sword Boomerang"],"picked":"Reaper","floor":36},{"not_picked":["Armaments","Pommel Strike"],"picked":"Iron Wave","floor":37},{"not_picked":["Deep Breath","Master of Strategy"],"picked":"Dark Shackles","floor":38}],"player_experience":696161,"relics_obtained":[{"floor":9,"key":"Bird Faced Urn"},{"floor":10,"key":"Girya"},{"floor":12,"key":"Blue Candle"},{"floor":26,"key":"Art of War"},{"floor":27,"key":"Omamori"},{"floor":31,"key":"WingedGreaves"},{"floor":34,"key":"Potion Belt"},{"floor":34,"key":"Ornamental Fan"},{"floor":34,"key":"Thread and Needle"},{"floor":39,"key":"Prayer Wheel"}],"event_choices":[{"cards_removed":["Strike_R"],"damage_healed":0,"gold_gain":0,"player_choice":"Card Removal","damage_taken":7,"max_hp_gain":0,"max_hp_loss":0,"event_name":"Golden Wing","floor":3,"gold_loss":0},{"cards_removed":["Strike_R"],"damage_healed":0,"gold_gain":0,"player_choice":"Offered Basic","damage_taken":0,"max_hp_gain":0,"max_hp_loss":0,"event_name":"Bonfire Elementals","floor":7,"gold_loss":0},{"damage_healed":0,"gold_gain":0,"player_choice":"Simplicity","damage_taken":0,"max_hp_gain":0,"max_hp_loss":0,"event_name":"Back to Basics","floor":19,"gold_loss":0,"cards_upgraded":["Strike_R","Strike_R","Strike_R","Defend_R","Defend_R","Defend_R","Defend_R"]},{"damage_healed":0,"gold_gain":99,"player_choice":"Stole From Cult","damage_taken":0,"max_hp_gain":0,"max_hp_loss":0,"event_name":"Nest","floor":21,"gold_loss":0},{"damage_healed":0,"gold_gain":0,"player_choice":"Obtain J.A.X.","damage_taken":0,"max_hp_gain":0,"max_hp_loss":0,"event_name":"Drug Dealer","floor":23,"gold_loss":0,"cards_obtained":["J.A.X."]},{"cards_removed":["Strike_R"],"damage_healed":0,"gold_gain":0,"player_choice":"Gave Gold","damage_taken":0,"max_hp_gain":0,"max_hp_loss":0,"event_name":"Beggar","floor":25,"gold_loss":75},{"damage_healed":0,"gold_gain":0,"player_choice":"Memory 1","damage_taken":0,"max_hp_gain":0,"max_hp_loss":0,"event_name":"SensoryStone","floor":38,"gold_loss":0},{"damage_healed":0,"gold_gain":0,"player_choice":"Fight","damage_taken":0,"max_hp_gain":0,"max_hp_loss":0,"event_name":"Mysterious Sphere","floor":39,"gold_loss":0}],"is_beta":false,"boss_relics":[{"not_picked":["Orrery","Velvet Choker"],"picked":"Runic Pyramid"},{"not_picked":["Black Star","Coffee Dripper"],"picked":"Calling Bell"}],"items_purged_floors":[28],"is_endless":false,"potions_floor_spawned":[12,14,18,30,35,37],"killed_by":"Reptomancer","ascension_level":7}