{"gold_per_floor":[113,113,133,143,0,0,29,39,39,39,39,59,89,107,107,204,204,218,230,230,89,109,109,109,134,134,134,168,188,218,228,228,330,330,348,367,384,384,62,62,90,108,108,137,137,137,148,162,162,162,162,162,12,46,46],"floor_reached":55,"playtime":3897,"items_purged":["Defend_B","Strike_B","Strike_B","Defend_B"],"score":1001,"play_id":"978a603a-4e92-45f0-ad81-e02c6931e7cf","local_time":"20190128182913","is_ascension_mode":true,"campfire_choices":[{"data":"Defragment","floor":6.0,"key":"SMITH"},{"data":"Zap","floor":11.0,"key":"SMITH"},{"data":"Dualcast","floor":15.0,"key":"SMITH"},{"data":"Zap","floor":23.0,"key":"SMITH"},{"floor":27.0,"key":"RECALL"},{"data":"Finesse","floor":32.0,"key":"SMITH"},{"data":"Self Repair","floor":40.0,"key":"SMITH"},{"data":"Skim","floor":49,"key":"SMITH"},{"data":"Thunder Strike","floor":52,"key":"SMITH"}],"neow_cost":"NONE","seed_source_timestamp":393143306292832,"circlet_count":0,"master_deck":["Defend_B","Zap+1","Dualcast+1","Cold Snap","Leap","Redo+1","Defragment+1","Self Repair+1","FTL","Finesse+1","Zap+1","Conserve Battery","Conserve Battery","Steam","Machine Learning","Ball Lightning","Compile Driver","Stack+1","Tempest+1","Thunder Strike+1","Steam+1","Go for the Eyes+1","Barrage+1","All For One","Skim+1","Glacier+1","Ball Lightning+1","Finesse","FTL","BootSequence","Flash of Steel","BootSequence+1","Rebound+1","Cold Snap+1"],"special_seed":0,"relics":["Cracked Core","Bag of Preparation","Bottled Tornado","FossilizedHelix","Empty Cage","Ancient Tea Set","StoneCalendar","Dodecahedron","Coffee Dripper","Mango","Du-Vu Doll","Pear","Letter Opener"],"potions_floor_usage":[44,55,55],"damage_taken":[{"damage":9.0,"enemies":"Jaw Worm","floor":1.0,"turns":3.0},{"damage":0.0,"enemies":"Cultist","floor":3.0,"turns":3.0},{"damage":0.0,"enemies":"2 Louse","floor":4.0,"turns":2.0},{"damage":14.0,"enemies":"3 Sentries","floor":7.0,"turns":8.0},{"damage":24.0,"enemies":"Lots of Slimes","floor":8.0,"turns":5.0},{"damage":3.0,"enemies":"2 Fungi Beasts","floor":12.0,"turns":2.0},{"damage":14.0,"enemies":"Gremlin Nob","floor":13.0,"turns":4.0},{"damage":0.0,"enemies":"3 Louse","floor":14.0,"turns":3.0},{"damage":33.0,"enemies":"Slime Boss","floor":16.0,"turns":11.0},{"damage":12.0,"enemies":"3 Byrds","floor":18.0,"turns":5.0},{"damage":7.0,"enemies":"Shell Parasite","floor":19.0,"turns":6.0},{"damage":9.0,"enemies":"Sentry and Sphere","floor":22.0,"turns":4.0},{"damage":11.0,"enemies":"Book of Stabbing","floor":25.0,"turns":5.0},{"damage":25.0,"enemies":"Slavers","floor":28.0,"turns":6.0},{"damage":0.0,"enemies":"Shelled Parasite and Fungi","floor":29.0,"turns":5.0},{"damage":25.0,"enemies":"Book of Stabbing","floor":30.0,"turns":4.0},{"damage":0.0,"enemies":"Snecko","floor":31.0,"turns":4.0},{"damage":0.0,"enemies":"Champ","floor":33.0,"turns":9.0},{"damage":0.0,"enemies":"Orb Walker","floor":35.0,"turns":3.0},{"damage":34.0,"enemies":"3 Darklings","floor":36.0,"turns":4.0},{"damage":0.0,"enemies":"Transient","floor":37.0,"turns":5.0},{"damage":0.0,"enemies":"Giant Head","floor":41.0,"turns":7.0},{"damage":0.0,"enemies":"Sphere and 2 Shapes","floor":42.0,"turns":5.0},{"damage":9,"enemies":"Reptomancer","floor":44,"turns":5},{"damage":0,"enemies":"Jaw Worm Horde","floor":47,"turns":4},{"damage":0,"enemies":"Transient","floor":48,"turns":5},{"damage":59,"enemies":"Donu and Deca","floor":50,"turns":11},{"damage":23,"enemies":"Shield and Spear","floor":54,"turns":7},{"damage":104,"enemies":"The Heart","floor":55,"turns":6}],"seed_played":"-160875486947540316","potions_obtained":[{"floor":4.0,"key":"Regen Potion"},{"floor":7.0,"key":"FocusPotion"},{"floor":8.0,"key":"Fire Potion"},{"floor":13.0,"key":"Poison Potion"},{"floor":22.0,"key":"EssenceOfSteel"},{"floor":28.0,"key":"LiquidBronze"},{"floor":29.0,"key":"Fire Potion"},{"floor":35.0,"key":"LiquidBronze"},{"floor":42.0,"key":"SkillPotion"},{"floor":44,"key":"Weak Potion"},{"floor":54,"key":"SmokeBomb"}],"is_trial":false,"path_per_floor":["M","?","M","M","$","R","E","M","T","?","R","M","E","M","R","B",null,"M","M","?","$","M","R","?","E","T","R","E","M","E","M","R","B",null,"M","M","M","?","$","R","E","M","T","E","?","?","M","M","R","B",null,"R","$","E","B"],"character_chosen":"DEFECT","items_purchased":["Defragment","Hello World","FTL","BootSequence","Flash of Steel"],"campfire_rested":0,"item_purchase_floors":[5,21,39,39,39],"current_hp_per_floor":[73,73,73,73,73,73,59,42,42,42,42,39,32,39,39,13,82,77,77,77,77,75,75,75,71,71,71,67,74,56,63,63,63,82,82,55,62,62,62,62,86,96,96,106,106,101,101,101,101,42,101,101,101,78,0],"gold":46,"neow_bonus":"TEN_PERCENT_HP_BONUS","is_prod":false,"is_daily":false,"chose_seed":false,"campfire_upgraded":8,"win_rate":0,"timestamp":1548718153,"path_taken":["M","?","M","?","?","R","E","M","T","?","R","?","E","M","R","BOSS","M","M","?","$","M","R","?","E","T","R","E","?","E","M","R","BOSS","M","M","M","?","$","R","E","M","T","E","?","?","M","M","R","BOSS","R","$","E","BOSS"],"build_version":"2019-01-23","purchased_purges":4,"victory":false,"max_hp_per_floor":[82,82,82,82,82,82,82,82,82,82,82,82,82,82,82,82,82,82,82,82,82,82,82,82,82,82,82,82,82,82,82,82,82,82,82,82,82,82,82,82,96,96,96,106,106,101,101,101,101,101,101,101,101,101,101],"card_choices":[{"not_picked":["Go for the Eyes","Sunder"],"picked":"Cold Snap","floor":1.0},{"not_picked":["Redo","Ball Lightning"],"picked":"Leap","floor":3.0},{"not_picked":["Stack","Blizzard"],"picked":"Redo","floor":4.0},{"not_picked":["Hologram","Thunder Strike"],"picked":"Self Repair","floor":7.0},{"not_picked":["Barrage","Rebound"],"picked":"FTL","floor":8.0},{"not_picked":["Sweeping Beam","Gash"],"picked":"Conserve Battery","floor":12.0},{"not_picked":["Buffer","Fission"],"picked":"Conserve Battery","floor":13.0},{"not_picked":["Hologram","Coolheaded"],"picked":"Steam","floor":14.0},{"not_picked":["Amplify","Buffer"],"picked":"Machine Learning","floor":16.0},{"not_picked":["Turbo","Conserve Battery"],"picked":"Ball Lightning","floor":18.0},{"not_picked":["Turbo+1","Scrape+1"],"picked":"Compile Driver","floor":19.0},{"not_picked":["Streamline","Coolheaded"],"picked":"Stack+1","floor":22.0},{"not_picked":["Steam","Compile Driver"],"picked":"Tempest+1","floor":25.0},{"not_picked":["Scrape","Storm"],"picked":"Thunder Strike","floor":28.0},{"not_picked":["Force Field","Rebound"],"picked":"Steam+1","floor":29.0},{"not_picked":["Turbo","Biased Cognition"],"picked":"Go for the Eyes+1","floor":30.0},{"not_picked":["Leap","Coolheaded"],"picked":"Barrage+1","floor":31.0},{"not_picked":["Fission","Rainbow"],"picked":"All For One","floor":33.0},{"not_picked":["Lockon+1","Gash"],"picked":"Skim","floor":35.0},{"not_picked":["Ball Lightning","Beam Cell+1"],"picked":"Glacier+1","floor":36.0},{"not_picked":["Meteor Strike","Turbo"],"picked":"Ball Lightning+1","floor":37.0},{"not_picked":["Madness","Blind"],"picked":"Finesse","floor":38.0},{"not_picked":["Go for the Eyes","Tempest+1"],"picked":"BootSequence+1","floor":41.0},{"not_picked":["Steam+1","Coolheaded"],"picked":"Rebound+1","floor":42.0},{"not_picked":["Sweeping Beam+1","Streamline","Chaos"],"picked":"SKIP","floor":44},{"not_picked":["Sweeping Beam","Turbo","Steam+1"],"picked":"SKIP","floor":47},{"not_picked":["Hologram","Barrage","Heatsinks+1"],"picked":"SKIP","floor":48},{"not_picked":["Buffer","Rip and Tear+1"],"picked":"Cold Snap+1","floor":54}],"player_experience":208892,"relics_obtained":[{"floor":7.0,"key":"Bag of Preparation"},{"floor":9.0,"key":"Bottled Tornado"},{"floor":13.0,"key":"FossilizedHelix"},{"floor":25.0,"key":"Ancient Tea Set"},{"floor":28.0,"key":"StoneCalendar"},{"floor":30.0,"key":"Dodecahedron"},{"floor":41.0,"key":"Mango"},{"floor":43.0,"key":"Du-Vu Doll"},{"floor":44,"key":"Pear"},{"floor":54,"key":"Letter Opener"}],"event_choices":[{"cards_removed":["Strike_B"],"damage_healed":0.0,"max_hp_gain":0.0,"max_hp_loss":0.0,"gold_gain":0.0,"event_name":"Bonfire Elementals","player_choice":"Offered Basic","floor":2.0,"gold_loss":0.0,"damage_taken":0.0},{"damage_healed":0.0,"max_hp_gain":0.0,"max_hp_loss":0.0,"gold_gain":0.0,"event_name":"Match and Keep!","player_choice":"2 cards matched","floor":10.0,"gold_loss":0.0,"damage_taken":0.0,"cards_obtained":["Finesse","Zap"]},{"damage_healed":0.0,"max_hp_gain":0.0,"max_hp_loss":0.0,"gold_gain":0.0,"event_name":"Vampires","player_choice":"Ignored","floor":20.0,"gold_loss":0.0,"damage_taken":0.0},{"damage_healed":0.0,"max_hp_gain":0.0,"max_hp_loss":0.0,"gold_gain":0.0,"event_name":"Accursed Blacksmith","player_choice":"Forge","floor":24.0,"gold_loss":0.0,"damage_taken":0.0,"cards_upgraded":["Redo"]},{"damage_healed":0.0,"max_hp_gain":0.0,"max_hp_loss":0.0,"gold_gain":0.0,"event_name":"SensoryStone","player_choice":"Memory 1","floor":38.0,"gold_loss":0.0,"damage_taken":0.0},{"cards_removed":["Hello World"],"damage_healed":0,"gold_gain":0,"player_choice":"Removed Power","damage_taken":0,"max_hp_gain":0,"max_hp_loss":0,"event_name":"Falling","floor":45,"gold_loss":0},{"damage_healed":0,"gold_gain":0,"player_choice":"Max HP","damage_taken":0,"max_hp_gain":0,"max_hp_loss":5,"event_name":"Winding Halls","floor":46,"gold_loss":0}],"is_beta":false,"boss_relics":[{"not_picked":["Eternal Feather","Lizard Tail"],"picked":"Empty Cage"},{"not_picked":["Black Star","Astrolabe"],"picked":"Coffee Dripper"}],"items_purged_floors":[5,21,39,53],"is_endless":false,"potions_floor_spawned":[4,7,8,13,22,28,29,35,42,44,54],"killed_by":"The Heart","ascension_level":3}