{"gold_per_floor":[219,229,229,243,14,14,44,44,92,92,51,62,62,78,78,78],"floor_reached":16,"playtime":381,"items_purged":[],"score":200,"play_id":"7d4898fc-f58f-4674-9b53-7cd45b411e7c","local_time":"20181103234839","is_ascension_mode":true,"campfire_choices":[{"data":"Defragment","floor":6.0,"key":"SMITH"},{"floor":8.0,"key":"REST"},{"floor":15.0,"key":"REST"}],"neow_cost":"NONE","seed_source_timestamp":185538946653231,"circlet_count":0,"master_deck":["AscendersBane","Strike_B","Strike_B","Strike_B","Strike_B","Defend_B","Defend_B","Defend_B","Defend_B","Zap","Dualcast","Defragment+1","Decay","Ball Lightning","Glacier","Footwork"],"special_seed":0,"relics":["Cracked Core","PrismaticShard","Potion Belt","Art of War","Juzu Bracelet"],"potions_floor_usage":[16],"damage_taken":[{"damage":0.0,"enemies":"2 Louse","floor":1.0,"turns":3.0},{"damage":2.0,"enemies":"Cultist","floor":2.0,"turns":4.0},{"damage":7.0,"enemies":"Jaw Worm","floor":4.0,"turns":3.0},{"damage":27.0,"enemies":"Lagavulin","floor":7.0,"turns":7.0},{"damage":5.0,"enemies":"2 Fungi Beasts","floor":12.0,"turns":3.0},{"damage":0.0,"enemies":"Exordium Thugs","floor":14.0,"turns":4.0},{"damage":56,"enemies":"Slime Boss","floor":16,"turns":12}],"seed_played":"4456384776681348225","potions_obtained":[{"floor":2.0,"key":"Explosive Potion"},{"floor":4.0,"key":"Weak Potion"},{"floor":12.0,"key":"SkillPotion"},{"floor":14.0,"key":"PowerPotion"}],"is_trial":false,"path_per_floor":["M","M","?","M","$","R","E","R","T","?","$","M","?","M","R","B"],"character_chosen":"DEFECT","items_purchased":["PrismaticShard","Glacier"],"campfire_rested":2,"item_purchase_floors":[5,11],"current_hp_per_floor":[64,62,62,55,55,55,28,49,49,31,31,26,26,26,47,0],"gold":78,"neow_bonus":"HUNDRED_GOLD","is_prod":false,"is_daily":false,"chose_seed":false,"campfire_upgraded":1,"win_rate":0,"timestamp":1541314119,"path_taken":["M","M","?","?","$","R","E","R","T","?","$","M","?","M","R","BOSS"],"build_version":"2018-11-01","purchased_purges":0,"victory":false,"max_hp_per_floor":[71,71,71,71,71,71,71,71,71,71,71,71,71,71,71,71],"card_choices":[{"not_picked":["Steam","Gash","Leap"],"picked":"SKIP","floor":1.0},{"not_picked":["Barrage","Hologram"],"picked":"Defragment","floor":2.0},{"not_picked":["Stack","Doom and Gloom"],"picked":"Ball Lightning","floor":4.0},{"not_picked":["Multi-Cast","Skewer","Deflect"],"picked":"SKIP","floor":7.0},{"not_picked":["Stack","Outmaneuver","Leap"],"picked":"SKIP","floor":12.0},{"not_picked":["Amplify","Iron Wave"],"picked":"Footwork","floor":14.0}],"player_experience":609645,"relics_obtained":[{"floor":7.0,"key":"Potion Belt"},{"floor":9.0,"key":"Art of War"}],"event_choices":[{"damage_healed":0.0,"max_hp_gain":0.0,"max_hp_loss":0.0,"gold_gain":0.0,"event_name":"Wheel of Change","player_choice":"Cursed","floor":3.0,"gold_loss":0.0,"damage_taken":0.0,"cards_obtained":["Decay"]},{"damage_healed":0.0,"max_hp_gain":0.0,"max_hp_loss":0.0,"gold_gain":0.0,"event_name":"Scrap Ooze","player_choice":"Success","floor":10.0,"gold_loss":0.0,"damage_taken":18.0,"relics_obtained":["Juzu Bracelet"]},{"damage_healed":0.0,"max_hp_gain":0.0,"max_hp_loss":0.0,"gold_gain":0.0,"event_name":"Golden Idol","player_choice":"Ignored","floor":13.0,"gold_loss":0.0,"damage_taken":0.0}],"is_beta":false,"boss_relics":[],"items_purged_floors":[],"is_endless":false,"potions_floor_spawned":[2,4,12,14],"killed_by":"Slime Boss","ascension_level":20}