{"gold_per_floor":[359,177,191,191,191,191,231,249,272,284,317,329,365,377],"floor_reached":14,"playtime":363,"items_purged":["Strike_G"],"score":180,"play_id":"d4c13133-5508-456a-a4ec-7877002bf594","local_time":"20181102081559","is_ascension_mode":true,"campfire_choices":[{"floor":6.0,"key":"REST"},{"floor":10.0,"key":"REST"}],"neow_cost":"TEN_PERCENT_HP_LOSS","seed_source_timestamp":43166971427949,"circlet_count":0,"master_deck":["AscendersBane","Defend_G","Defend_G","Defend_G","Defend_G","Defend_G","Strike_G","Strike_G","Strike_G+1","Strike_G","Survivor+1","Neutralize","Noxious Fumes","Noxious Fumes","Backflip","Injury","Leg Sweep","Backflip","Cloak And Dagger"],"special_seed":0,"relics":["Ring of the Snake","Golden Idol","Strawberry","MawBank","Torii"],"potions_floor_usage":[14],"damage_taken":[{"damage":1.0,"enemies":"Jaw Worm","floor":1.0,"turns":6.0},{"damage":5.0,"enemies":"Small Slimes","floor":3.0,"turns":4.0},{"damage":49.0,"enemies":"Gremlin Nob","floor":7.0,"turns":6.0},{"damage":0.0,"enemies":"Cultist","floor":8.0,"turns":4.0},{"damage":6.0,"enemies":"Blue Slaver","floor":11.0,"turns":5.0},{"damage":2.0,"enemies":"Exordium Thugs","floor":13.0,"turns":6.0},{"damage":27,"enemies":"Gremlin Gang","floor":14,"turns":3}],"seed_played":"-2499574356040081114","potions_obtained":[{"floor":7.0,"key":"PowerPotion"},{"floor":11.0,"key":"Weak Potion"},{"floor":13.0,"key":"PowerPotion"}],"is_trial":false,"path_per_floor":["M","$","M","?","?","R","E","M","T","R","M","T","M","M"],"character_chosen":"THE_SILENT","items_purchased":["Noxious Fumes","Backflip"],"campfire_rested":2,"item_purchase_floors":[2,2],"current_hp_per_floor":[58,58,53,35,35,53,11,11,11,31,25,25,23,0],"gold":377,"neow_bonus":"TWO_FIFTY_GOLD","is_prod":false,"is_daily":false,"chose_seed":false,"campfire_upgraded":0,"win_rate":0,"timestamp":1541171759,"path_taken":["M","$","M","?","?","R","E","M","T","R","M","?","M","M"],"build_version":"2018-11-01","purchased_purges":1,"victory":false,"max_hp_per_floor":[60,60,60,60,60,60,67,67,67,67,67,67,67,67],"card_choices":[{"not_picked":["Sucker Punch","Quick Slash"],"picked":"Noxious Fumes","floor":1.0},{"not_picked":["Reflex","Quick Slash","Underhanded Strike"],"picked":"SKIP","floor":3.0},{"not_picked":["Deflect","Slice"],"picked":"Leg Sweep","floor":7.0},{"not_picked":["Blade Dance","Riddle With Holes","Sucker Punch"],"picked":"SKIP","floor":8.0},{"not_picked":["Slice","Predator"],"picked":"Backflip","floor":11.0},{"not_picked":["Flying Knee","Sucker Punch"],"picked":"Cloak And Dagger","floor":13.0}],"player_experience":588641,"relics_obtained":[{"floor":7.0,"key":"Strawberry"},{"floor":9.0,"key":"MawBank"},{"floor":12.0,"key":"Torii"}],"event_choices":[{"damage_healed":0.0,"max_hp_gain":0.0,"max_hp_loss":0.0,"gold_gain":0.0,"event_name":"Shining Light","player_choice":"Entered Light","floor":4.0,"gold_loss":0.0,"damage_taken":18.0,"cards_upgraded":["Survivor","Strike_G"]},{"damage_healed":0.0,"max_hp_gain":0.0,"max_hp_loss":0.0,"gold_gain":0.0,"event_name":"Golden Idol","player_choice":"Take Wound","floor":5.0,"gold_loss":0.0,"damage_taken":0.0,"relics_obtained":["Golden Idol"],"cards_obtained":["Injury"]}],"is_beta":false,"boss_relics":[],"items_purged_floors":[2],"is_endless":false,"potions_floor_spawned":[7,11,13],"killed_by":"Gremlin Gang","ascension_level":20}