{"path_per_floor":["M","M","$","M","M","R","M","R","T","E","M","E","?","E","R","B",null,"M","?","M","?","$","R","$","R","T","M","?","$","M","T","R","B",null,"M","M","M","$","?","E","M","R","T","$","R","M","E","M","R","B"],"character_chosen":"DEFECT","items_purchased":["Coolheaded","Ornamental Fan","FTL","Gash","Coolheaded","Consume","Ancient Tea Set"],"gold_per_floor":[111,127,80,99,113,113,132,132,156,189,209,240,240,267,267,366,366,382,414,432,432,33,33,33,33,60,71,71,20,30,102,102,200,200,214,232,246,201,201,229,245,245,245,16,16,36,63,83,83,83],"floor_reached":51,"campfire_rested":5,"playtime":4121,"item_purchase_floors":[3,22,22,29,38,44,44],"current_hp_per_floor":[52,47,47,47,35,35,32,54,54,45,44,34,34,29,66,30,64,59,17,3,3,3,40,40,40,40,28,28,28,25,25,62,38,66,63,65,67,67,85,64,54,54,68,68,68,70,17,16,62,42],"items_purged":["Strike_B"],"gold":83,"score":1133,"play_id":"d76ba823-feef-4f39-9f5e-03e74c7f5d48","local_time":"20180605203701","is_prod":false,"is_daily":false,"chose_seed":false,"is_ascension_mode":true,"campfire_upgraded":4,"win_rate":0,"timestamp":1528223821,"campfire_choices":[{"data":"Zap","floor":6,"key":"SMITH"},{"floor":8,"key":"REST"},{"floor":15,"key":"REST"},{"floor":23,"key":"REST"},{"data":"Hologram","floor":25,"key":"SMITH"},{"floor":32,"key":"REST"},{"data":"Machine Learning","floor":42,"key":"SMITH"},{"data":"Consume","floor":45,"key":"SMITH"},{"floor":49,"key":"REST"}],"path_taken":["M","M","$","M","M","R","M","R","T","E","M","E","?","E","R","BOSS","M","?","M","?","$","R","?","R","T","M","?","?","M","?","R","BOSS","M","M","?","$","?","E","M","R","T","?","R","M","E","M","R","BOSS"],"build_version":"2018-05-31","seed_source_timestamp":212353095026238,"purchased_purges":1,"victory":true,"master_deck":["Zap+1","Dualcast","AscendersBane","Fission","Genetic Algorithm","Sunder","Coolheaded","Go for the Eyes","Glacier","Machine Learning+1","Stack","Hologram+1","Creative AI","Turbo","Gash","FTL","Seek","Gash","BootSequence","Beam Cell+1","Streamline+1","Leap","Aggregate","Undo","Barrage+1","Gash+1","Hologram+1","Defragment+1","Fusion","Coolheaded","Consume+1","FTL+1","Hologram"],"max_hp_per_floor":[75,75,75,75,75,75,75,75,75,75,75,75,75,75,75,75,75,75,75,75,75,75,75,75,75,75,75,75,75,75,75,75,75,75,75,75,75,75,85,85,85,85,99,99,99,99,106,106,106,106],"relics":["Cracked Core","Lantern","Regal Pillow","Anchor","Shuriken","Runic Dome","Red Mask","Calipers","Ornamental Fan","Blood Vial","Molten Egg 2","Pandora\u0027s Box","Oddly Smooth Stone","Mango","Ancient Tea Set","Strawberry"],"card_choices":[{"not_picked":["Recycle","Barrage"],"picked":"Genetic Algorithm","floor":1},{"not_picked":["Scrape","Sweeping Beam"],"picked":"Sunder","floor":2},{"not_picked":["Sweeping Beam","Ball Lightning"],"picked":"Go for the Eyes","floor":4},{"not_picked":["Barrage","Leap"],"picked":"Glacier","floor":5},{"not_picked":["Sweeping Beam","Reprogram","Fusion"],"picked":"SKIP","floor":7},{"not_picked":["Coolheaded","Melter"],"picked":"Machine Learning","floor":10},{"not_picked":["Lockon","Redo","Static Discharge"],"picked":"SKIP","floor":11},{"not_picked":["Rip and Tear","Amplify"],"picked":"Stack","floor":12},{"not_picked":["Heatsinks","Rip and Tear"],"picked":"Hologram","floor":14},{"not_picked":["Multi-Cast","Electrodynamics"],"picked":"Creative AI","floor":16},{"not_picked":["Streamline","Skim+1"],"picked":"Turbo","floor":18},{"not_picked":["Tempest","Melter"],"picked":"Gash","floor":19},{"not_picked":["Blizzard","Stack","Redo"],"picked":"SKIP","floor":20},{"not_picked":["Steam","Leap"],"picked":"Seek","floor":27},{"not_picked":["White Noise","Cold Snap"],"picked":"BootSequence","floor":30},{"not_picked":["Electrodynamics","Echo Form"],"picked":"Reboot","floor":33},{"not_picked":["Conserve Battery+1","Heatsinks+1"],"picked":"Hologram+1","floor":35},{"not_picked":["Steam Power","Coolheaded"],"picked":"Defragment+1","floor":36},{"not_picked":["Barrage+1","Turbo"],"picked":"Fusion","floor":37},{"not_picked":["Go for the Eyes+1","Beam Cell+1","Thunder Strike+1"],"picked":"SKIP","floor":40},{"not_picked":["Coolheaded","Sunder+1","Streamline+1"],"picked":"SKIP","floor":41},{"not_picked":["Sweeping Beam+1","Rebound+1"],"picked":"FTL+1","floor":46},{"not_picked":["Steam+1","Blizzard+1","Conserve Battery"],"picked":"SKIP","floor":47},{"not_picked":["Reboot","Reprogram+1"],"picked":"Hologram","floor":48}],"player_experience":603967,"potions_floor_usage":[10,12,12,14,47,47,50],"damage_taken":[{"damage":16,"enemies":"Small Slimes","floor":1,"turns":3},{"damage":5,"enemies":"2 Louse","floor":2,"turns":3},{"damage":0,"enemies":"Cultist","floor":4,"turns":3},{"damage":12,"enemies":"3 Louse","floor":5,"turns":3},{"damage":3,"enemies":"Looter","floor":7,"turns":4},{"damage":9,"enemies":"3 Sentries","floor":10,"turns":12},{"damage":1,"enemies":"Blue Slaver","floor":11,"turns":5},{"damage":10,"enemies":"Gremlin Nob","floor":12,"turns":5},{"damage":5,"enemies":"3 Sentries","floor":14,"turns":8},{"damage":36,"enemies":"Slime Boss","floor":16,"turns":15},{"damage":5,"enemies":"Spheric Guardian","floor":18,"turns":6},{"damage":42,"enemies":"Masked Bandits","floor":19,"turns":7},{"damage":14,"enemies":"2 Thieves","floor":20,"turns":4},{"damage":14,"enemies":"Centurion and Healer","floor":27,"turns":7},{"damage":5,"enemies":"Snecko","floor":30,"turns":7},{"damage":26,"enemies":"Champ","floor":33,"turns":13},{"damage":5,"enemies":"3 Darklings","floor":35,"turns":7},{"damage":0,"enemies":"3 Shapes","floor":36,"turns":6},{"damage":0,"enemies":"3 Darklings","floor":37,"turns":5},{"damage":21,"enemies":"Nemesis","floor":40,"turns":11},{"damage":12,"enemies":"4 Shapes","floor":41,"turns":11},{"damage":0,"enemies":"Maw","floor":46,"turns":9},{"damage":62,"enemies":"2 Orb Walkers","floor":47,"turns":8},{"damage":3,"enemies":"Sphere and 2 Shapes","floor":48,"turns":7},{"damage":22,"enemies":"Time Eater","floor":50,"turns":19}],"relics_obtained":[{"floor":9,"key":"Lantern"},{"floor":10,"key":"Regal Pillow"},{"floor":12,"key":"Anchor"},{"floor":14,"key":"Shuriken"},{"floor":19,"key":"Red Mask"},{"floor":26,"key":"Blood Vial"},{"floor":31,"key":"Molten Egg 2"},{"floor":40,"key":"Oddly Smooth Stone"},{"floor":43,"key":"Mango"},{"floor":47,"key":"Strawberry"}],"event_choices":[{"event_name":"Scrap Ooze","player_choice":"unsuccessful","floor":13,"damage_taken":0},{"event_name":"Masked Bandits","player_choice":"Fought over 382 gold","floor":19,"damage_taken":0},{"event_name":"The Mausoleum","player_choice":"Yes","floor":21,"damage_taken":0},{"event_name":"Beggar","player_choice":"Ignored","floor":28,"damage_taken":0},{"event_name":"Bonfire Elementals","player_choice":"RARE","floor":39,"damage_taken":0}],"boss_relics":[{"not_picked":["Nuclear Battery","Orrery"],"picked":"Runic Dome"},{"not_picked":["Calling Bell","Philosopher\u0027s Stone"],"picked":"Pandora\u0027s Box"}],"items_purged_floors":[22],"potions_floor_spawned":[1,4,5,11,12,20,27,35,37,47,48],"seed_played":"4401228734009620125","ascension_level":12,"potions_obtained":[{"floor":1,"key":"Strength Potion"},{"floor":4,"key":"Weak Potion"},{"floor":5,"key":"LiquidBronze"},{"floor":11,"key":"Strength Potion"},{"floor":12,"key":"Energy Potion"},{"floor":20,"key":"Dexterity Potion"},{"floor":27,"key":"GamblersBrew"},{"floor":35,"key":"PowerPotion"},{"floor":47,"key":"Weak Potion"},{"floor":48,"key":"FearPotion"}],"is_trial":false}