{"gold_per_floor":[112,187,13,33,33,63,75,93,119,44,73,73,84,99,99,172,172,191,191,191,209,226,252,252,252,323,353,48,65,65,77,77,151,151,164,164,164,264,264,264,293,21,100,100,100,112,0,0,0,0,0,0,0,0,28,28],"floor_reached":56,"playtime":2165,"items_purged":["Strike_R","Strike_R+1"],"score":1906,"play_id":"63348220-cad2-426a-b0a4-f19552e7c161","local_time":"20181121174141","is_ascension_mode":true,"campfire_choices":[{"data":"Whirlwind","floor":12.0,"key":"SMITH"},{"data":"True Grit","floor":15.0,"key":"SMITH"},{"floor":25.0,"key":"RECALL"},{"floor":32.0,"key":"REST"},{"floor":40,"key":"DIG"},{"floor":45,"key":"DIG"},{"floor":49,"key":"REST"},{"floor":53,"key":"DIG"}],"neow_cost":"NONE","seed_source_timestamp":195967943234706,"circlet_count":0,"master_deck":["AscendersBane","Strike_R+1","Strike_R+1","Defend_R+1","Defend_R+1","Defend_R+1","Defend_R+1","Bash","Uppercut+1","Metallicize","Whirlwind+1","Offering","Shockwave","Metallicize","Demon Form","Uppercut","Shrug It Off+1","Entrench+1","Disarm","Limit Break","Armaments+1","Shockwave","Inflame+1","Bandage Up","Whirlwind+1"],"special_seed":0,"relics":["Burning Blood","NeowsBlessing","Tiny Chest","Orichalcum","Centennial Puzzle","Whetstone","Fusion Hammer","Kunai","Ornamental Fan","Juzu Bracelet","Paper Frog","Blood Vial","Medical Kit","Runic Dome","Shovel","Pear","Bag of Marbles","Red Skull","Frozen Egg 2","Molten Egg 2","Red Mask","Shuriken","Dead Branch"],"potions_floor_usage":[41,48,51,56],"damage_taken":[{"damage":0.0,"enemies":"2 Louse","floor":1.0,"turns":1.0},{"damage":0.0,"enemies":"Small Slimes","floor":4.0,"turns":1.0},{"damage":0.0,"enemies":"Gremlin Nob","floor":6.0,"turns":1.0},{"damage":1.0,"enemies":"Cultist","floor":7.0,"turns":4.0},{"damage":5.0,"enemies":"3 Louse","floor":8.0,"turns":3.0},{"damage":5.0,"enemies":"3 Sentries","floor":11.0,"turns":4.0},{"damage":17.0,"enemies":"Exordium Thugs","floor":13.0,"turns":3.0},{"damage":1.0,"enemies":"Exordium Wildlife","floor":14.0,"turns":3.0},{"damage":12.0,"enemies":"The Guardian","floor":16.0,"turns":11.0},{"damage":16.0,"enemies":"Spheric Guardian","floor":18.0,"turns":5.0},{"damage":0.0,"enemies":"3 Byrds","floor":21.0,"turns":4.0},{"damage":21.0,"enemies":"Snake Plant","floor":22.0,"turns":4.0},{"damage":24.0,"enemies":"Book of Stabbing","floor":23.0,"turns":5.0},{"damage":22.0,"enemies":"Slavers","floor":27.0,"turns":6.0},{"damage":6.0,"enemies":"Centurion and Healer","floor":29.0,"turns":4.0},{"damage":9.0,"enemies":"Snecko","floor":31.0,"turns":3.0},{"damage":37.0,"enemies":"Collector","floor":33.0,"turns":8.0},{"damage":8.0,"enemies":"3 Shapes","floor":35.0,"turns":4.0},{"damage":6.0,"enemies":"Mind Bloom Boss Battle","floor":38.0,"turns":6.0},{"damage":43,"enemies":"Reptomancer","floor":41,"turns":6},{"damage":6,"enemies":"Orb Walker","floor":46,"turns":3},{"damage":0,"enemies":"4 Shapes","floor":48,"turns":1},{"damage":59,"enemies":"Time Eater","floor":50,"turns":9},{"damage":39,"enemies":"Donu and Deca","floor":51,"turns":6},{"damage":56,"enemies":"Shield and Spear","floor":55,"turns":5},{"damage":50,"enemies":"The Heart","floor":56,"turns":3}],"seed_played":"-2085916462376331309","potions_obtained":[{"floor":1.0,"key":"Energy Potion"},{"floor":6.0,"key":"AttackPotion"},{"floor":11.0,"key":"Regen Potion"},{"floor":13.0,"key":"Poison Potion"},{"floor":18.0,"key":"SpeedPotion"},{"floor":21.0,"key":"LiquidBronze"},{"floor":29.0,"key":"AttackPotion"},{"floor":31.0,"key":"Regen Potion"},{"floor":33.0,"key":"Poison Potion"},{"floor":35.0,"key":"SpeedPotion"},{"floor":37.0,"key":"Explosive Potion"},{"floor":37.0,"key":"SmokeBomb"},{"floor":46,"key":"Poison Potion"},{"floor":55,"key":"SkillPotion"}],"is_trial":false,"path_per_floor":["M","?","$","M","?","E","M","M","T","$","E","R","M","M","R","B",null,"M","T","?","M","M","E","T","R","T","E","$","M","T","M","R","B",null,"M","?","?","?","?","R","E","$","T","?","R","M","?","M","R","B","B",null,"R","$","E","B"],"character_chosen":"IRONCLAD","items_purchased":["Tiny Chest","Uppercut","Disarm","Medical Kit","Red Skull"],"campfire_rested":2,"item_purchase_floors":[3,3,28,28,42],"current_hp_per_floor":[74,63,63,69,69,75,75,75,75,75,75,75,64,69,69,63,72,62,62,62,68,53,49,49,49,49,33,33,35,35,34,56,42,67,67,67,67,69,69,79,44,44,44,44,44,50,50,58,83,36,9,66,66,66,22,0],"gold":28,"neow_bonus":"THREE_ENEMY_KILL","is_prod":false,"is_daily":false,"chose_seed":false,"campfire_upgraded":2,"win_rate":0,"timestamp":1542850901,"path_taken":["M","?","$","M","?","E","M","M","T","$","E","R","M","M","R","BOSS","M","?","?","?","M","E","?","R","T","E","$","M","?","M","R","BOSS","M","?","?","?","?","R","E","?","T","?","R","M","?","M","R","BOSS","BOSS","R","$","E","BOSS"],"build_version":"2018-11-15","purchased_purges":2,"victory":false,"max_hp_per_floor":[75,75,75,75,75,75,75,75,75,75,75,75,75,75,75,75,75,75,75,75,75,75,75,75,75,75,75,75,75,75,75,75,75,75,75,75,75,75,75,85,85,85,85,85,85,85,85,85,85,85,85,85,85,85,85,85],"card_choices":[{"not_picked":["Entrench","Body Slam","Heavy Blade"],"picked":"SKIP","floor":1.0},{"not_picked":["Clash","Havoc","Headbutt"],"picked":"SKIP","floor":4.0},{"not_picked":["Iron Wave","Fiend Fire"],"picked":"Whirlwind","floor":6.0},{"not_picked":["Anger","Twin Strike"],"picked":"True Grit","floor":7.0},{"not_picked":["Havoc","Pommel Strike","Reckless Charge"],"picked":"SKIP","floor":8.0},{"not_picked":["Sword Boomerang","Body Slam"],"picked":"Offering","floor":11.0},{"not_picked":["Warcry","Fire Breathing"],"picked":"Shockwave","floor":13.0},{"not_picked":["Clothesline","Flex"],"picked":"Metallicize","floor":14.0},{"not_picked":["Barricade","Feed"],"picked":"Demon Form","floor":16.0},{"not_picked":["Clothesline","Clash"],"picked":"Uppercut","floor":18.0},{"not_picked":["Body Slam","Cleave"],"picked":"Shrug It Off+1","floor":21.0},{"not_picked":["Clothesline","Rage","Wild Strike"],"picked":"SKIP","floor":22.0},{"not_picked":["Body Slam","Power Through"],"picked":"Entrench+1","floor":23.0},{"not_picked":["Sever Soul","Perfected Strike","Fire Breathing+1"],"picked":"SKIP","floor":27.0},{"not_picked":["Anger","Headbutt","Sword Boomerang"],"picked":"SKIP","floor":29.0},{"not_picked":["Whirlwind","Cleave+1","Fire Breathing"],"picked":"SKIP","floor":31.0},{"not_picked":["Juggernaut","Immolate"],"picked":"Limit Break","floor":33.0},{"not_picked":["Pommel Strike","Second Wind+1"],"picked":"Armaments+1","floor":35.0},{"not_picked":["Anger","Demon Form"],"picked":"Shockwave","floor":38.0},{"not_picked":["Rage+1","True Grit"],"picked":"Inflame+1","floor":41},{"not_picked":["Chrysalis","HandOfGreed"],"picked":"Bandage Up","floor":44},{"not_picked":["Pommel Strike+1","Fire Breathing+1","Wild Strike+1"],"picked":"SKIP","floor":46},{"not_picked":["Iron Wave+1","Juggernaut+1"],"picked":"Whirlwind+1","floor":55}],"player_experience":666767,"relics_obtained":[{"floor":6.0,"key":"Orichalcum"},{"floor":9.0,"key":"Centennial Puzzle"},{"floor":11.0,"key":"Whetstone"},{"floor":19.0,"key":"Kunai"},{"floor":23.0,"key":"Ornamental Fan"},{"floor":24.0,"key":"Juzu Bracelet"},{"floor":26.0,"key":"Paper Frog"},{"floor":27.0,"key":"Blood Vial"},{"floor":38.0,"key":"Shovel"},{"floor":40,"key":"Pear"},{"floor":41,"key":"Bag of Marbles"},{"floor":43,"key":"Frozen Egg 2"},{"floor":45,"key":"Molten Egg 2"},{"floor":53,"key":"Shuriken"},{"floor":55,"key":"Dead Branch"}],"event_choices":[{"damage_healed":0.0,"max_hp_gain":0.0,"max_hp_loss":0.0,"gold_gain":75.0,"event_name":"World of Goop","player_choice":"Gather Gold","floor":2.0,"gold_loss":0.0,"damage_taken":11.0},{"damage_healed":0.0,"max_hp_gain":0.0,"max_hp_loss":0.0,"gold_gain":0.0,"cards_transformed":["Strike_R"],"event_name":"Transmorgrifier","player_choice":"Transformed","floor":5.0,"gold_loss":0.0,"damage_taken":0.0,"cards_obtained":["Metallicize"]},{"damage_healed":0.0,"max_hp_gain":0.0,"max_hp_loss":0.0,"gold_gain":0.0,"event_name":"Back to Basics","player_choice":"Simplicity","floor":20.0,"gold_loss":0.0,"damage_taken":0.0,"cards_upgraded":["Strike_R","Strike_R","Defend_R","Defend_R","Defend_R","Defend_R"]},{"cards_removed":["True Grit"],"damage_healed":0.0,"max_hp_gain":0.0,"max_hp_loss":0.0,"gold_gain":0.0,"event_name":"Falling","player_choice":"Removed Skill","floor":36.0,"gold_loss":0.0,"damage_taken":0.0},{"damage_healed":0.0,"max_hp_gain":0.0,"max_hp_loss":0.0,"gold_gain":0.0,"event_name":"Lab","player_choice":"Got Potions","floor":37.0,"gold_loss":0.0,"damage_taken":0.0},{"damage_healed":0.0,"max_hp_gain":0.0,"max_hp_loss":0.0,"gold_gain":0.0,"event_name":"MindBloom","player_choice":"Fight","floor":38.0,"gold_loss":0.0,"damage_taken":0.0},{"damage_healed":0,"gold_gain":0,"player_choice":"Ignored","damage_taken":0,"max_hp_gain":0,"max_hp_loss":0,"event_name":"Mysterious Sphere","floor":39,"gold_loss":0},{"damage_healed":0,"gold_gain":0,"player_choice":"Memory 1","damage_taken":0,"max_hp_gain":0,"max_hp_loss":0,"event_name":"SensoryStone","floor":44,"gold_loss":0},{"damage_healed":0,"gold_gain":0,"player_choice":"Paid","damage_taken":0,"relics_obtained":["Red Mask"],"max_hp_gain":0,"max_hp_loss":0,"event_name":"Tomb of Lord Red Mask","floor":47,"gold_loss":112}],"is_beta":false,"boss_relics":[{"not_picked":["White Beast Statue","Black Blood"],"picked":"Fusion Hammer"},{"not_picked":["Tiny House","Coffee Dripper"],"picked":"Runic Dome"}],"items_purged_floors":[10,42],"is_endless":false,"potions_floor_spawned":[1,6,8,11,13,18,21,29,31,33,35,46,48,55],"killed_by":"The Heart","ascension_level":20}