{"gold_per_floor":[115,10,29,46,63,63,73,73,98,98,98,111,111,76,76,153,153,164,14,33,33],"floor_reached":21,"playtime":750,"items_purged":["Strike_B"],"score":342,"play_id":"eade6d5e-b803-4e0f-b202-d4c01b8c82a4","local_time":"20190224033107","is_ascension_mode":true,"campfire_choices":[{"data":"Hologram","floor":6,"key":"SMITH"},{"data":"Zap","floor":8,"key":"SMITH"},{"data":"Conserve Battery","floor":10,"key":"SMITH"},{"data":"White Noise","floor":15,"key":"SMITH"}],"neow_cost":"NONE","seed_source_timestamp":1531887518079100,"circlet_count":0,"master_deck":["AscendersBane","Strike_B+1","Strike_B","Strike_B","Defend_B","Defend_B","Defend_B","Defend_B","Zap+1","Dualcast+1","Meteor Strike","Sweeping Beam","Purity","Conserve Battery+1","Glacier","Hologram+1","Turbo+1","White Noise+1","Echo Form","Gash","Defragment","Fusion"],"relics":["Cracked Core","Centennial Puzzle","Velvet Choker"],"potions_floor_usage":[16,16],"damage_taken":[{"damage":12,"enemies":"Jaw Worm","floor":1,"turns":3},{"damage":0,"enemies":"Small Slimes","floor":3,"turns":2},{"damage":7,"enemies":"2 Louse","floor":4,"turns":3},{"damage":1,"enemies":"2 Fungi Beasts","floor":5,"turns":5},{"damage":8,"enemies":"Exordium Wildlife","floor":7,"turns":6},{"damage":0,"enemies":"3 Louse","floor":12,"turns":4},{"damage":22,"enemies":"Hexaghost","floor":16,"turns":9},{"damage":32,"enemies":"Chosen","floor":18,"turns":8},{"damage":21,"enemies":"Spheric Guardian","floor":20,"turns":10}],"seed_played":"764143049608245592","potions_obtained":[{"floor":5,"key":"Fire Potion"},{"floor":12,"key":"LiquidBronze"},{"floor":16,"key":"FearPotion"},{"floor":18,"key":"EntropicBrew"}],"is_trial":false,"path_per_floor":["M","$","M","M","M","R","M","R","T","R","?","M","?","?","R","B",null,"M","$","M","?"],"character_chosen":"DEFECT","items_purchased":["Purity","Defragment"],"campfire_rested":0,"item_purchase_floors":[2,19],"current_hp_per_floor":[52,52,52,45,44,44,36,36,36,36,36,36,15,32,32,10,56,24,24,3,0],"gold":33,"neow_bonus":"ONE_RANDOM_RARE_CARD","is_prod":false,"is_daily":false,"chose_seed":false,"campfire_upgraded":4,"win_rate":0,"timestamp":1551007867,"path_taken":["M","$","M","M","M","R","M","R","T","R","?","M","?","?","R","BOSS","M","$","M","?"],"build_version":"2019-01-23","purchased_purges":1,"victory":false,"max_hp_per_floor":[71,71,71,71,71,71,71,71,71,71,71,71,71,71,71,71,71,71,71,71,71],"card_choices":[{"not_picked":["Compile Driver","Steam Power"],"picked":"Sweeping Beam","floor":1},{"not_picked":["Barrage","Cold Snap"],"picked":"Conserve Battery","floor":3},{"not_picked":["Go for the Eyes","Streamline"],"picked":"Glacier","floor":4},{"not_picked":["Rip and Tear","Reprogram"],"picked":"Hologram","floor":5},{"not_picked":["Coolheaded","Scrape"],"picked":"Turbo","floor":7},{"not_picked":["Reinforced Body","Cold Snap"],"picked":"White Noise","floor":12},{"not_picked":["Seek","Thunder Strike"],"picked":"Echo Form","floor":16},{"not_picked":["Go for the Eyes","Turbo"],"picked":"Gash","floor":18},{"not_picked":["Stack","Loop"],"picked":"Fusion","floor":20}],"player_experience":762439,"relics_obtained":[{"floor":9,"key":"Centennial Puzzle"}],"event_choices":[{"damage_healed":0,"gold_gain":0,"player_choice":"Grow","damage_taken":0,"max_hp_gain":0,"max_hp_loss":0,"event_name":"Living Wall","floor":11,"gold_loss":0,"cards_upgraded":["Dualcast"]},{"damage_healed":0,"gold_gain":0,"player_choice":"Entered Light","damage_taken":21,"max_hp_gain":0,"max_hp_loss":0,"event_name":"Shining Light","floor":13,"gold_loss":0,"cards_upgraded":["Strike_B","Turbo"]},{"damage_healed":17,"gold_gain":0,"player_choice":"Healed","damage_taken":0,"max_hp_gain":0,"max_hp_loss":0,"event_name":"The Cleric","floor":14,"gold_loss":35}],"is_beta":false,"boss_relics":[{"not_picked":["Eternal Feather","Philosopher\u0027s Stone"],"picked":"Velvet Choker"}],"items_purged_floors":[19],"is_endless":false,"potions_floor_spawned":[5,12,16,18],"ascension_level":20}