{"gold_per_floor":[19,19,35,50,69,69,100,275,275,275,294,324,50,66,66,166,166,186,186],"floor_reached":19,"playtime":962,"items_purged":[],"score":206,"play_id":"b5782087-54ff-4b57-8e9a-247d5c86a296","local_time":"20181107230634","is_ascension_mode":true,"campfire_choices":[{"data":"True Grit","floor":6,"key":"SMITH"},{"data":"Armaments","floor":10,"key":"SMITH"},{"data":"Inflame","floor":15,"key":"SMITH"}],"neow_cost":"NO_GOLD","seed_source_timestamp":274000196896380,"circlet_count":0,"master_deck":["Strike_R","Strike_R","Strike_R","Strike_R","Defend_R+1","Defend_R","Defend_R+1","Bash","Cleave","True Grit+1","Shockwave","Corruption","Armaments+1","Doubt","Inflame","Pummel","Inflame+1","Fiend Fire","True Grit+1"],"relics":["Burning Blood","War Paint","Anchor","Mummified Hand","ClockworkSouvenir","Black Star"],"potions_floor_usage":[12,16,19],"damage_taken":[{"damage":1,"enemies":"Cultist","floor":1,"turns":3},{"damage":0,"enemies":"2 Louse","floor":3,"turns":2},{"damage":7,"enemies":"Small Slimes","floor":4,"turns":5},{"damage":7,"enemies":"Looter","floor":5,"turns":4},{"damage":45,"enemies":"3 Sentries","floor":7,"turns":8},{"damage":0,"enemies":"3 Louse","floor":11,"turns":2},{"damage":9,"enemies":"Lagavulin","floor":12,"turns":6},{"damage":0,"enemies":"Red Slaver","floor":14,"turns":4},{"damage":24,"enemies":"Hexaghost","floor":16,"turns":8},{"damage":11,"enemies":"Chosen","floor":18,"turns":5},{"damage":20,"enemies":"Colosseum Slavers","floor":19,"turns":5},{"damage":64,"enemies":"Colosseum Nobs","floor":19,"turns":4}],"seed_played":"3996647979895903532","potions_obtained":[{"floor":1,"key":"Fire Potion"},{"floor":4,"key":"Weak Potion"},{"floor":11,"key":"Fire Potion"},{"floor":12,"key":"Poison Potion"},{"floor":14,"key":"SteroidPotion"},{"floor":16,"key":"SpeedPotion"}],"is_trial":false,"path_per_floor":["M","?","M","M","M","R","E","?","T","R","M","E","$","M","R","B",null,"M","?"],"character_chosen":"IRONCLAD","items_purchased":["Inflame","ClockworkSouvenir"],"campfire_rested":0,"item_purchase_floors":[13,13],"current_hp_per_floor":[80,72,78,77,76,76,37,37,37,37,43,40,40,46,46,28,80,75,0],"gold":186,"neow_bonus":"REMOVE_TWO","is_prod":false,"is_daily":false,"chose_seed":false,"campfire_upgraded":3,"win_rate":0,"timestamp":1541660794,"path_taken":["M","?","?","M","M","R","E","?","T","R","M","E","$","M","R","BOSS","M","?"],"build_version":"2018-11-01","purchased_purges":0,"victory":false,"max_hp_per_floor":[80,80,80,80,80,80,80,80,80,80,80,80,80,80,80,80,80,80,80],"card_choices":[{"not_picked":["Dual Wield","Warcry"],"picked":"Cleave","floor":1},{"not_picked":["Twin Strike","Infernal Blade"],"picked":"True Grit","floor":3},{"not_picked":["Warcry","Uppercut"],"picked":"Shockwave","floor":4},{"not_picked":["Searing Blow","Intimidate"],"picked":"Corruption","floor":5},{"not_picked":["True Grit","Clash"],"picked":"Armaments","floor":7},{"not_picked":["Anger","Rampage"],"picked":"Inflame","floor":11},{"not_picked":["Heavy Blade","Power Through"],"picked":"Pummel","floor":12},{"not_picked":["Corruption","Impervious","Warcry"],"picked":"SKIP","floor":14},{"not_picked":["Barricade","Offering"],"picked":"Fiend Fire","floor":16},{"not_picked":["Wild Strike","Heavy Blade"],"picked":"True Grit+1","floor":18}],"player_experience":363790,"relics_obtained":[{"floor":7,"key":"War Paint"},{"floor":9,"key":"Anchor"},{"floor":12,"key":"Mummified Hand"}],"event_choices":[{"damage_healed":0,"gold_gain":0,"player_choice":"Damaged","damage_taken":8,"max_hp_gain":0,"max_hp_loss":0,"event_name":"Wheel of Change","floor":2,"gold_loss":0},{"damage_healed":0,"gold_gain":175,"player_choice":"AGREE","damage_taken":0,"max_hp_gain":0,"max_hp_loss":0,"event_name":"Liars Game","floor":8,"gold_loss":0,"cards_obtained":["Doubt"]},{"damage_healed":0,"gold_gain":0,"player_choice":"Fight","damage_taken":0,"max_hp_gain":0,"max_hp_loss":0,"event_name":"Colosseum","floor":19,"gold_loss":0},{"damage_healed":0,"gold_gain":0,"player_choice":"Fought Nobs","damage_taken":0,"max_hp_gain":0,"max_hp_loss":0,"event_name":"Colosseum","floor":19,"gold_loss":0}],"is_beta":false,"boss_relics":[{"not_picked":["Runic Cube","Runic Pyramid"],"picked":"Black Star"}],"items_purged_floors":[],"is_endless":false,"potions_floor_spawned":[1,4,11,12,14,16,18],"killed_by":"Colosseum Nobs","ascension_level":3}