{"gold_per_floor":[141,141,141,66,82,82,7,7,58,74,74,98,98,98,98,171,171,184,8,58,58,73,73,100,100,123,139,139,139,21,34,34,34],"floor_reached":33,"playtime":815,"items_purged":["Strike_B","Hyperbeam+1"],"score":498,"play_id":"02e5e214-399d-4206-b437-32ddc96a0852","local_time":"20181107222928","is_ascension_mode":true,"campfire_choices":[{"data":"Zap","floor":6.0,"key":"SMITH"},{"data":"Dualcast","floor":8.0,"key":"SMITH"},{"data":"Auto Shields","floor":11.0,"key":"SMITH"},{"data":"Capacitor","floor":13.0,"key":"SMITH"},{"data":"Ball Lightning","floor":15.0,"key":"SMITH"},{"floor":23,"key":"REST"},{"floor":28,"key":"REST"},{"floor":32,"key":"REST"}],"neow_cost":"NONE","seed_source_timestamp":529593330184040,"circlet_count":0,"master_deck":["AscendersBane","Defend_B","Zap+1","Dualcast+1","Auto Shields+1","Capacitor+1","Ball Lightning+1","Electrodynamics","Stack+1","Hyperbeam+1","Auto Shields","Consume","Reinforced Body+1","Conserve Battery","Defragment","Cold Snap","Chill"],"special_seed":0,"relics":["Cracked Core","Tiny Chest","DataDisk","Blood Vial","Centennial Puzzle","Astrolabe","Anchor","CultistMask","Boot"],"potions_floor_usage":[29],"damage_taken":[{"damage":2.0,"enemies":"Jaw Worm","floor":1.0,"turns":3.0},{"damage":0.0,"enemies":"Small Slimes","floor":5.0,"turns":3.0},{"damage":3.0,"enemies":"2 Louse","floor":10.0,"turns":2.0},{"damage":48.0,"enemies":"Slime Boss","floor":16.0,"turns":9.0},{"damage":0.0,"enemies":"Spheric Guardian","floor":18.0,"turns":3.0},{"damage":22.0,"enemies":"2 Thieves","floor":22.0,"turns":2.0},{"damage":17,"enemies":"Gremlin Leader","floor":24,"turns":5},{"damage":14,"enemies":"Snake Plant","floor":27,"turns":3},{"damage":22,"enemies":"Colosseum Slavers","floor":29,"turns":4},{"damage":7,"enemies":"Chosen and Byrds","floor":31,"turns":4},{"damage":55,"enemies":"Champ","floor":33,"turns":16}],"seed_played":"-8329282880261998372","potions_obtained":[{"floor":1.0,"key":"SpeedPotion"},{"floor":5.0,"key":"Weak Potion"},{"floor":16.0,"key":"Explosive Potion"},{"floor":24,"key":"FearPotion"}],"is_trial":false,"path_per_floor":["M","?","T","?","M","R","$","R","T","M","R","T","R","?","R","B",null,"M","$","?","?","M","M","R","E","?","T","M","R","?","$","M","R","B"],"character_chosen":"DEFECT","items_purchased":["Auto Shields","Defragment","Cold Snap"],"campfire_rested":3,"item_purchase_floors":[19,30,30],"current_hp_per_floor":[62,55,55,55,55,55,55,55,55,54,54,54,54,54,54,8,55,57,57,57,57,37,58,43,43,43,31,52,32,32,27,48,0],"gold":34,"neow_bonus":"RANDOM_COMMON_RELIC","is_prod":false,"is_daily":false,"chose_seed":false,"campfire_upgraded":5,"win_rate":0,"timestamp":1541658568,"path_taken":["M","?","?","?","M","R","$","R","T","M","R","?","R","?","R","BOSS","M","$","?","?","M","R","E","?","T","?","R","?","?","M","R","BOSS"],"build_version":"2018-11-01","purchased_purges":2,"victory":false,"max_hp_per_floor":[71,71,71,71,71,71,71,71,71,71,71,71,71,71,71,71,71,71,71,71,71,71,71,71,71,71,71,71,71,71,71,71,71],"card_choices":[{"not_picked":["Barrage","Steam"],"picked":"Auto Shields","floor":1.0},{"not_picked":["Tempest","Rebound"],"picked":"Capacitor","floor":5.0},{"not_picked":["Redo","Sweeping Beam","Rebound"],"picked":"SKIP","floor":10.0},{"not_picked":["Amplify","Rainbow"],"picked":"Electrodynamics","floor":16.0},{"not_picked":["Sweeping Beam","Hologram","Redo"],"picked":"SKIP","floor":18.0},{"not_picked":["Reinforced Body","Hologram"],"picked":"Consume","floor":22},{"not_picked":["Buffer","Go for the Eyes"],"picked":"Reinforced Body+1","floor":24},{"not_picked":["Double Energy","Heatsinks"],"picked":"Conserve Battery","floor":27},{"not_picked":["Beam Cell","Ball Lightning"],"picked":"Chill","floor":31}],"player_experience":626800,"relics_obtained":[{"floor":3.0,"key":"DataDisk"},{"floor":9.0,"key":"Blood Vial"},{"floor":12.0,"key":"Centennial Puzzle"},{"floor":24,"key":"Anchor"},{"floor":26,"key":"Boot"}],"event_choices":[{"cards_removed":["Defend_B"],"damage_healed":0.0,"max_hp_gain":0.0,"max_hp_loss":0.0,"gold_gain":0.0,"event_name":"Golden Wing","player_choice":"Card Removal","floor":2.0,"gold_loss":0.0,"damage_taken":7.0},{"cards_removed":["Strike_B"],"damage_healed":0.0,"max_hp_gain":0.0,"max_hp_loss":0.0,"gold_gain":0.0,"event_name":"The Cleric","player_choice":"Card Removal","floor":4.0,"gold_loss":75.0,"damage_taken":0.0},{"damage_healed":0.0,"max_hp_gain":0.0,"max_hp_loss":0.0,"gold_gain":0.0,"cards_transformed":["Defend_B"],"event_name":"Transmorgrifier","player_choice":"Transformed","floor":14.0,"gold_loss":0.0,"damage_taken":0.0,"cards_obtained":["Ball Lightning"]},{"damage_healed":0.0,"max_hp_gain":0.0,"max_hp_loss":0.0,"gold_gain":50.0,"event_name":"Nest","player_choice":"Stole From Cult","floor":20.0,"gold_loss":0.0,"damage_taken":0.0},{"damage_healed":0.0,"max_hp_gain":0.0,"max_hp_loss":0.0,"gold_gain":0.0,"event_name":"Ghosts","player_choice":"Ignored","floor":21.0,"gold_loss":0.0,"damage_taken":0.0},{"damage_healed":0,"gold_gain":0,"player_choice":"Trade","damage_taken":0,"relics_obtained":["CultistMask"],"max_hp_gain":0,"max_hp_loss":0,"event_name":"FaceTrader","floor":25,"gold_loss":0},{"damage_healed":0,"gold_gain":0,"player_choice":"Fight","damage_taken":0,"max_hp_gain":0,"max_hp_loss":0,"event_name":"Colosseum","floor":29,"gold_loss":0},{"damage_healed":0,"gold_gain":0,"player_choice":"Fled From Nobs","damage_taken":0,"max_hp_gain":0,"max_hp_loss":0,"event_name":"Colosseum","floor":29,"gold_loss":0}],"is_beta":false,"boss_relics":[{"not_picked":["White Beast Statue","Lizard Tail"],"picked":"Astrolabe"}],"items_purged_floors":[7,19],"is_endless":false,"potions_floor_spawned":[1,5,16,24,29],"killed_by":"Champ","ascension_level":20}