{"gold_per_floor":[116,116,167,184,199,199,215,241,241,241,50,66,129,143,143,143],"floor_reached":16,"playtime":1340,"items_purged":[],"score":158,"play_id":"e19f2a78-b83b-40f7-9480-b549eebb6c68","local_time":"20190306021912","is_ascension_mode":true,"campfire_choices":[{"floor":6.0,"key":"RECALL"},{"floor":10.0,"key":"REST"},{"floor":15,"key":"REST"}],"neow_cost":"NONE","seed_source_timestamp":0,"circlet_count":0,"master_deck":["AscendersBane","Strike_R","Strike_R","Strike_R","Strike_R","Strike_R","Defend_R","Defend_R","Defend_R","Defend_R","Bash","Finesse","Clothesline+1","Shrug It Off","Battle Trance"],"special_seed":0,"relics":["Burning Blood","Happy Flower","Dodecahedron","Membership Card","Ice Cream"],"potions_floor_usage":[16],"damage_taken":[{"damage":5.0,"enemies":"Jaw Worm","floor":1.0,"turns":4.0},{"damage":0.0,"enemies":"Small Slimes","floor":4.0,"turns":4.0},{"damage":0.0,"enemies":"Cultist","floor":5.0,"turns":3.0},{"damage":22.0,"enemies":"3 Louse","floor":7.0,"turns":4.0},{"damage":48.0,"enemies":"Lagavulin","floor":8.0,"turns":8.0},{"damage":4.0,"enemies":"2 Fungi Beasts","floor":12.0,"turns":4.0},{"damage":6.0,"enemies":"3 Sentries","floor":13.0,"turns":12.0},{"damage":23,"enemies":"Exordium Thugs","floor":14,"turns":7},{"damage":56,"enemies":"Hexaghost","floor":16,"turns":13}],"seed_played":"-9061706479682204490","potions_obtained":[{"floor":4.0,"key":"SkillPotion"},{"floor":5.0,"key":"Weak Potion"},{"floor":8.0,"key":"GamblersBrew"},{"floor":12.0,"key":"Block Potion"}],"is_trial":false,"path_per_floor":["M","?","?","M","M","R","M","E","T","R","$","M","?","M","R","B"],"character_chosen":"IRONCLAD","items_purchased":["Membership Card"],"campfire_rested":2,"item_purchase_floors":[11],"current_hp_per_floor":[73,73,73,79,80,80,64,22,22,46,46,48,48,31,55,0],"gold":143,"neow_bonus":"RANDOM_COLORLESS","is_prod":false,"is_daily":false,"chose_seed":false,"campfire_upgraded":0,"win_rate":0,"timestamp":1551860352,"path_taken":["M","?","?","M","M","R","M","E","T","R","$","M","?","M","R","BOSS"],"build_version":"2019-01-23","purchased_purges":0,"victory":false,"max_hp_per_floor":[80,80,80,80,80,80,80,80,80,80,80,80,80,80,80,80],"card_choices":[{"not_picked":["Sever Soul","Intimidate"],"picked":"Clothesline","floor":1.0},{"not_picked":["Cleave","Warcry","Thunderclap"],"picked":"SKIP","floor":4.0},{"not_picked":["Combust","Perfected Strike","Evolve"],"picked":"SKIP","floor":5.0},{"not_picked":["Sentinel","Bloodletting"],"picked":"Shrug It Off","floor":7.0},{"not_picked":["Exhume","Thunderclap"],"picked":"Battle Trance","floor":8.0},{"not_picked":["Infernal Blade","Perfected Strike","Sword Boomerang"],"picked":"SKIP","floor":12.0},{"not_picked":["Ghostly Armor","Combust","Uppercut"],"picked":"SKIP","floor":14}],"player_experience":194175,"relics_obtained":[{"floor":8.0,"key":"Happy Flower"},{"floor":9.0,"key":"Dodecahedron"},{"floor":13.0,"key":"Ice Cream"}],"event_choices":[{"damage_healed":0.0,"max_hp_gain":0.0,"max_hp_loss":0.0,"gold_gain":0.0,"event_name":"Living Wall","player_choice":"Grow","floor":2.0,"gold_loss":0.0,"damage_taken":0.0,"cards_upgraded":["Clothesline"]},{"damage_healed":0.0,"max_hp_gain":0.0,"max_hp_loss":0.0,"gold_gain":51.0,"event_name":"Golden Wing","player_choice":"Gained Gold","floor":3.0,"gold_loss":0.0,"damage_taken":0.0},{"damage_healed":0.0,"max_hp_gain":0.0,"max_hp_loss":0.0,"gold_gain":30.0,"event_name":"Dead Adventurer","player_choice":"Searched \u00273\u0027 times","floor":13.0,"gold_loss":0.0,"damage_taken":0.0}],"is_beta":false,"boss_relics":[],"items_purged_floors":[],"is_endless":false,"potions_floor_spawned":[4,5,8,12],"killed_by":"Hexaghost","ascension_level":11}