{"gold_per_floor":[118,133,133,153,55,55,10,29,98,124,124,135,135,151,151,151],"floor_reached":16,"playtime":405,"items_purged":["Strike_G"],"score":102,"play_id":"048823f8-4b6f-495b-8385-6754fd50bd63","local_time":"20180907135547","is_ascension_mode":false,"campfire_choices":[{"data":"All Out Attack","floor":6,"key":"SMITH"},{"data":"Neutralize","floor":13,"key":"SMITH"},{"data":"Poisoned Stab","floor":15,"key":"SMITH"}],"neow_cost":"NONE","seed_source_timestamp":375391857121578,"circlet_count":0,"master_deck":["Defend_G","Defend_G","Defend_G","Defend_G","Defend_G","Strike_G","Strike_G","Strike_G","Survivor","Neutralize+1","All Out Attack+1","Flying Knee","Backflip","Poisoned Stab+1","Doppelganger","Dagger Throw","Heel Hook"],"relics":["Runic Dome","Letter Opener","Art of War"],"potions_floor_usage":[],"damage_taken":[{"damage":0,"enemies":"Small Slimes","floor":1,"turns":5},{"damage":0,"enemies":"Cultist","floor":2,"turns":4},{"damage":0,"enemies":"2 Louse","floor":4,"turns":1},{"damage":0,"enemies":"Lots of Slimes","floor":8,"turns":1},{"damage":6,"enemies":"Lagavulin","floor":10,"turns":7},{"damage":0,"enemies":"Gremlin Gang","floor":12,"turns":2},{"damage":7,"enemies":"Looter","floor":14,"turns":3},{"damage":0,"enemies":"Slime Boss","floor":16,"turns":1}],"seed_played":"2377442649850753895","potions_obtained":[{"floor":2,"key":"Strength Potion"},{"floor":4,"key":"Ancient Potion"},{"floor":12,"key":"SteroidPotion"}],"is_trial":false,"path_per_floor":["M","M","?","M","$","R","$","M","T","E","?","M","R","M","R"],"character_chosen":"THE_SILENT","items_purchased":["Backflip","Poisoned Stab"],"campfire_rested":0,"item_purchase_floors":[5,7],"current_hp_per_floor":[70,70,63,63,63,63,63,63,63,57,57,57,57,50,50,50],"gold":151,"neow_bonus":"BOSS_RELIC","is_prod":false,"is_daily":false,"chose_seed":false,"campfire_upgraded":3,"win_rate":0,"timestamp":1536296147,"path_taken":["M","M","?","M","$","R","$","M","T","E","?","M","R","?","R","BOSS"],"build_version":"2018-09-06","purchased_purges":1,"victory":false,"max_hp_per_floor":[70,70,70,70,70,70,70,70,70,70,70,70,70,70,70,70],"card_choices":[{"not_picked":["Deflect","Slice"],"picked":"All Out Attack","floor":1},{"not_picked":["Slice","Infinite Blades","Prepared"],"picked":"SKIP","floor":2},{"not_picked":["Concentrate","Escape Plan"],"picked":"Flying Knee","floor":4},{"not_picked":["Bane","Dodge and Roll"],"picked":"Doppelganger","floor":8},{"not_picked":["Distraction","Crippling Poison"],"picked":"Dagger Throw","floor":10},{"not_picked":["Blade Dance","Cloak And Dagger","Infinite Blades"],"picked":"SKIP","floor":12},{"not_picked":["Terror","Cloak And Dagger","Slice"],"picked":"SKIP","floor":14}],"player_experience":635062,"relics_obtained":[{"floor":9,"key":"Letter Opener"},{"floor":10,"key":"Art of War"}],"event_choices":[{"event_name":"Golden Wing","player_choice":"Card Removal","floor":3,"damage_taken":0},{"event_name":"Match and Keep!","player_choice":"1 cards matched","floor":11,"damage_taken":0}],"is_beta":false,"boss_relics":[],"items_purged_floors":[5],"is_endless":false,"potions_floor_spawned":[2,4,12,14],"killed_by":"Slime Boss","ascension_level":0}