{"gold_per_floor":[111,20,33,49,59,86,86,103,403,413,69,102,122,187,187,206,206,225,235,235,248,52,78,78],"floor_reached":24,"playtime":3102,"items_purged":[],"score":257,"play_id":"9ffb619d-01fd-4047-a008-1232a87857f0","local_time":"20190125002115","is_ascension_mode":false,"campfire_choices":[{"data":"Conserve Battery","floor":7.0,"key":"SMITH"},{"floor":15,"key":"REST"}],"neow_cost":"NONE","seed_source_timestamp":0,"circlet_count":0,"master_deck":["Strike_B","Strike_B","Strike_B","Strike_B","Defend_B","Defend_B","Defend_B","Defend_B","Zap","Dualcast","Conserve Battery+1","Streamline","Sweeping Beam","Reinforced Body","Coolheaded","Rip and Tear","Static Discharge","Force Field","Beam Cell","Streamline","Buffer","Heatsinks","Go for the Eyes+1","Mayhem","Creative AI"],"special_seed":0,"relics":["Cracked Core","Gambling Chip","Strawberry","Chemical X","StoneCalendar","Girya","Bird Faced Urn","Velvet Choker","Nloth\u0027s Gift","Gremlin Horn"],"potions_floor_usage":[],"damage_taken":[{"damage":1.0,"enemies":"Cultist","floor":1.0,"turns":4.0},{"damage":5.0,"enemies":"Small Slimes","floor":3.0,"turns":3.0},{"damage":0.0,"enemies":"Jaw Worm","floor":4.0,"turns":3.0},{"damage":2.0,"enemies":"Blue Slaver","floor":5.0,"turns":4.0},{"damage":11.0,"enemies":"Lagavulin","floor":6.0,"turns":7.0},{"damage":0.0,"enemies":"Red Slaver","floor":8.0,"turns":3.0},{"damage":8.0,"enemies":"Exordium Wildlife","floor":10.0,"turns":3.0},{"damage":13.0,"enemies":"Gremlin Nob","floor":12.0,"turns":4.0},{"damage":0.0,"enemies":"Large Slime","floor":13.0,"turns":4.0},{"damage":14.0,"enemies":"Gremlin Nob","floor":14.0,"turns":4.0},{"damage":38,"enemies":"The Guardian","floor":16,"turns":11},{"damage":12,"enemies":"Shell Parasite","floor":18,"turns":6},{"damage":18,"enemies":"Spheric Guardian","floor":19,"turns":4},{"damage":8,"enemies":"Centurion and Healer","floor":21,"turns":8},{"damage":42,"enemies":"Gremlin Leader","floor":23,"turns":7},{"damage":50,"enemies":"3 Cultists","floor":24,"turns":6}],"seed_played":"6077568653093386657","potions_obtained":[{"floor":4.0,"key":"Swift Potion"},{"floor":5.0,"key":"SteroidPotion"},{"floor":10.0,"key":"Strength Potion"},{"floor":13.0,"key":"Fruit Juice"},{"floor":23,"key":"FearPotion"}],"is_trial":false,"path_per_floor":["M","$","M","M","M","E","R","M","T","M","$","E","M","?","R","B",null,"M","M","?","M","$","E","M"],"character_chosen":"DEFECT","items_purchased":["Streamline","Sweeping Beam","Strawberry","Chemical X","Mayhem"],"campfire_rested":1,"item_purchase_floors":[2,2,11,11,22],"current_hp_per_floor":[81,81,76,76,74,63,63,63,63,55,62,49,54,40,68,32,94,84,72,72,70,70,36,0],"gold":78,"neow_bonus":"TEN_PERCENT_HP_BONUS","is_prod":false,"is_daily":false,"chose_seed":false,"campfire_upgraded":1,"win_rate":0.0,"timestamp":1548382875,"path_taken":["M","$","M","M","M","E","R","M","T","?","?","E","M","?","R","BOSS","M","M","?","M","$","E","?"],"build_version":"2019-01-23","purchased_purges":0,"victory":false,"max_hp_per_floor":[82,82,82,82,82,82,82,82,82,82,89,89,94,94,94,94,94,94,94,94,94,94,94,94],"card_choices":[{"not_picked":["Beam Cell","Aggregate"],"picked":"Conserve Battery","floor":1.0},{"not_picked":["Compile Driver","Stack"],"picked":"Reinforced Body","floor":3.0},{"not_picked":["Hologram","Stack"],"picked":"Coolheaded","floor":4.0},{"not_picked":["Aggregate","Skim","Coolheaded"],"picked":"SKIP","floor":5.0},{"not_picked":["Coolheaded","Cold Snap"],"picked":"Rip and Tear","floor":6.0},{"not_picked":["Compile Driver","Heatsinks"],"picked":"Static Discharge","floor":8.0},{"not_picked":["Seek","Leap"],"picked":"Force Field","floor":10.0},{"not_picked":["Consume","Compile Driver"],"picked":"Beam Cell","floor":12.0},{"not_picked":["Cold Snap","Ball Lightning"],"picked":"Streamline","floor":13.0},{"not_picked":["Seek","Amplify"],"picked":"Buffer","floor":16},{"not_picked":["Double Energy+1","Coolheaded+1"],"picked":"Heatsinks","floor":18},{"not_picked":["Gash","Beam Cell+1"],"picked":"Go for the Eyes+1","floor":19},{"not_picked":["Lockon+1","Beam Cell","Stack"],"picked":"SKIP","floor":21},{"not_picked":["Leap","Seek"],"picked":"Creative AI","floor":23}],"player_experience":21981,"relics_obtained":[{"floor":6.0,"key":"Gambling Chip"},{"floor":9.0,"key":"Old Coin"},{"floor":12.0,"key":"StoneCalendar"},{"floor":14,"key":"Bird Faced Urn"},{"floor":23,"key":"Gremlin Horn"}],"event_choices":[{"damage_healed":0.0,"max_hp_gain":0.0,"max_hp_loss":0.0,"gold_gain":0.0,"event_name":"Dead Adventurer","player_choice":"Searched \u00272\u0027 times","floor":14.0,"gold_loss":0.0,"damage_taken":0.0,"relics_obtained":["Girya"]},{"damage_healed":0,"gold_gain":0,"player_choice":"Traded Relic","damage_taken":0,"relics_obtained":["Nloth\u0027s Gift"],"max_hp_gain":0,"max_hp_loss":0,"event_name":"N\u0027loth","floor":20,"relics_lost":["Old Coin"],"gold_loss":0}],"is_beta":false,"boss_relics":[{"not_picked":["Inserter","Philosopher\u0027s Stone"],"picked":"Velvet Choker"}],"items_purged_floors":[],"is_endless":false,"potions_floor_spawned":[4,5,10,13,23],"killed_by":"3 Cultists","ascension_level":0}