{"path_per_floor":["M","?","$","?","M","E","R","E","T","M","M","M","M","M","R","B",null,"M","?","M","$","M","E","M","?","T","R","M","$","R","M","R","B",null,"M","M","?","M","?"],"character_chosen":"IRONCLAD","items_purchased":["Armaments","Gambling Chip","Shrug It Off","Metallicize"],"gold_per_floor":[112,112,63,63,80,114,114,177,204,217,234,248,262,272,272,370,370,390,490,506,104,122,154,164,164,164,164,174,40,40,58,58,159,159,175,187,0,12,12,12],"floor_reached":40,"campfire_rested":3,"playtime":2040,"current_hp_per_floor":[71,71,71,71,65,11,35,22,22,28,14,20,22,28,52,47,80,80,80,80,80,80,46,42,42,42,42,54,54,54,65,80,70,80,80,80,80,80,70,0],"items_purged":["Strike_R","Strike_R"],"gold":12,"score":495,"play_id":"9cf2ca97-9782-4204-83ce-d1f1fed3a56b","local_time":"20180324161839","is_prod":false,"is_daily":false,"is_ascension_mode":true,"campfire_upgraded":2,"timestamp":1521929919,"path_taken":["M","?","$","?","M","E","R","E","T","M","M","M","M","M","R","BOSS","M","?","M","$","M","E","M","?","T","R","M","$","R","M","R","BOSS","M","M","?","M","?","E"],"build_version":"2018-03-22v2","purchased_purges":2,"victory":false,"master_deck":["Strike_R","Strike_R","Strike_R","Defend_R","Defend_R","Defend_R","Defend_R","Bash","Juggernaut+1","Evolve","Armaments","Body Slam","Body Slam","Shrug It Off","Entrench","Power Through","Armaments","Barricade+1","Impervious","Body Slam","True Grit","Shrug It Off","Sentinel+1","Bloodletting","Writhe","Wild Strike+1","Metallicize+1","Body Slam","Impervious","Battle Trance+1","True Grit+1","Searing Blow+1","Madness","Madness"],"max_hp_per_floor":[80,80,80,80,80,80,80,80,80,80,80,80,80,80,80,80,80,80,80,80,80,80,80,80,80,80,80,80,80,80,80,80,80,80,80,80,80,80,80,80],"relics":["Burning Blood","Thread and Needle","Tiny Chest","Vajra","Mark of Pain","Gambling Chip","Bird Faced Urn","Happy Flower","Ice Cream","Runic Dome","Red Mask"],"card_choices":[{"not_picked":["Intimidate","Burning Pact"],"picked":"Evolve","floor":1},{"not_picked":["Anger","Warcry"],"picked":"Body Slam","floor":6},{"not_picked":["Clothesline","Fire Breathing"],"picked":"Body Slam","floor":8},{"not_picked":["Perfected Strike","Fire Breathing"],"picked":"Shrug It Off","floor":10},{"not_picked":["Armaments","Cleave"],"picked":"Entrench","floor":11},{"not_picked":["Anger","Cleave"],"picked":"Power Through","floor":12},{"not_picked":["Heavy Blade","Wild Strike"],"picked":"Armaments","floor":13},{"not_picked":["Ghostly Armor","Fire Breathing"],"picked":"Barricade","floor":14},{"not_picked":["Bludgeon","Limit Break"],"picked":"Impervious","floor":16},{"not_picked":["Heavy Blade","Burning Pact"],"picked":"Body Slam","floor":18},{"not_picked":["Havoc","Evolve"],"picked":"True Grit","floor":20},{"not_picked":["Wild Strike","Warcry"],"picked":"Sentinel","floor":22},{"not_picked":["Warcry","Thunderclap"],"picked":"Bloodletting","floor":24},{"not_picked":["Sword Boomerang","Anger"],"picked":"Wild Strike","floor":28},{"not_picked":["Pummel","Perfected Strike"],"picked":"Body Slam","floor":31},{"not_picked":["Offering","Bludgeon"],"picked":"Impervious","floor":33},{"not_picked":["Thunderclap","Whirlwind"],"picked":"Battle Trance","floor":35},{"not_picked":["Thunderclap","Shrug It Off"],"picked":"True Grit","floor":36},{"not_picked":["Shockwave","Iron Wave"],"picked":"Searing Blow","floor":38}],"player_experience":201233,"potions_floor_usage":[5,16,18,23,24,33],"damage_taken":[{"damage":15,"enemies":"Cultist","floor":1,"turns":6},{"damage":15,"enemies":"Jaw Worm","floor":5,"turns":5},{"damage":60,"enemies":"Lagavulin","floor":6,"turns":10},{"damage":19,"enemies":"3 Sentries","floor":8,"turns":7},{"damage":0,"enemies":"2 Louse","floor":10,"turns":3},{"damage":20,"enemies":"Gremlin Gang","floor":11,"turns":6},{"damage":0,"enemies":"3 Louse","floor":12,"turns":4},{"damage":4,"enemies":"2 Fungi Beasts","floor":13,"turns":4},{"damage":0,"enemies":"Blue Slaver","floor":14,"turns":4},{"damage":11,"enemies":"The Guardian","floor":16,"turns":13},{"damage":0,"enemies":"Chosen","floor":18,"turns":4},{"damage":0,"enemies":"Spheric Guardian","floor":20,"turns":3},{"damage":4,"enemies":"Centurion and Healer","floor":22,"turns":6},{"damage":40,"enemies":"Slavers","floor":23,"turns":5},{"damage":16,"enemies":"Snake Plant","floor":24,"turns":5},{"damage":0,"enemies":"Sentry and Sphere","floor":28,"turns":5},{"damage":3,"enemies":"3 Cultists","floor":31,"turns":5},{"damage":30,"enemies":"Collector","floor":33,"turns":7},{"damage":0,"enemies":"Orb Walker","floor":35,"turns":3},{"damage":5,"enemies":"3 Darklings","floor":36,"turns":7},{"damage":2,"enemies":"Maw","floor":38,"turns":6},{"damage":83,"enemies":"2 Orb Walkers","floor":40,"turns":5}],"event_choices":[{"event_name":"The Woman in Blue","player_choice":"Bought 0 Potions","floor":2,"damage_taken":0},{"event_name":"Living Wall","player_choice":"Grow","floor":4,"damage_taken":0},{"event_name":"Golden Shrine","player_choice":"Pray","floor":19,"damage_taken":0},{"event_name":"The Mausoleum","player_choice":"Yes","floor":25,"damage_taken":0},{"event_name":"Tomb of Lord Red Mask","player_choice":"Paid","floor":37,"damage_taken":0},{"event_name":"Winding Halls","player_choice":"Embrace Madness","floor":39,"damage_taken":0}],"boss_relics":[{"not_picked":["Lizard Tail","Question Card"],"picked":"Mark of Pain"},{"not_picked":["Black Blood","Sozu"],"picked":"Runic Dome"}],"potions_floor_spawned":[1,10,12,14,23,28,31,33,38],"seed_played":"3571609616558420205","killed_by":"2 Orb Walkers","ascension_level":1,"is_trial":false}