{"gold_per_floor":[116,41,41,56,71,101,101,135,135,43,76,88,88,106,106,205,205,216,396,55,68,68,68,94,94,94,94,109,142,156,170,170,170],"floor_reached":33,"playtime":1210,"items_purged":["Strike_R","Defend_R"],"score":366,"play_id":"caaf0ae2-14a8-4817-84f9-8efff7a52c5a","local_time":"20190203143709","is_ascension_mode":true,"campfire_choices":[{"floor":7,"key":"REST"},{"floor":13,"key":"REST"},{"floor":15,"key":"REST"},{"floor":23,"key":"REST"},{"data":"Infernal Blade","floor":25,"key":"SMITH"},{"floor":32,"key":"RECALL"}],"neow_cost":"PERCENT_DAMAGE","seed_source_timestamp":2214306495582021,"circlet_count":0,"master_deck":["Strike_R","Strike_R","Strike_R","Defend_R","Defend_R","Defend_R","Bash","Immolate","Anger","Iron Wave","Infernal Blade+1","Immolate","True Grit+1","Ghostly Armor+1","Shockwave+1","Pommel Strike","Double Tap+1","True Grit+1","Battle Trance+1","Intimidate+1","True Grit+1"],"relics":["Burning Blood","The Courier","Self Forming Clay","Bronze Scales","Toxic Egg 2","Bag of Preparation","Mark of Pain","Matryoshka","Nilry\u0027s Codex","Lantern","Anchor","StoneCalendar"],"potions_floor_usage":[11,16,33],"damage_taken":[{"damage":1,"enemies":"Cultist","floor":1,"turns":3},{"damage":0,"enemies":"2 Louse","floor":4,"turns":2},{"damage":3,"enemies":"Small Slimes","floor":5,"turns":3},{"damage":40,"enemies":"Lagavulin","floor":6,"turns":5},{"damage":8,"enemies":"Gremlin Nob","floor":8,"turns":3},{"damage":38,"enemies":"Lagavulin","floor":11,"turns":7},{"damage":0,"enemies":"3 Louse","floor":12,"turns":2},{"damage":0,"enemies":"2 Fungi Beasts","floor":14,"turns":2},{"damage":43,"enemies":"The Guardian","floor":16,"turns":8},{"damage":0,"enemies":"Spheric Guardian","floor":18,"turns":1},{"damage":0,"enemies":"3 Byrds","floor":21,"turns":1},{"damage":10,"enemies":"Book of Stabbing","floor":24,"turns":4},{"damage":0,"enemies":"Snake Plant","floor":28,"turns":2},{"damage":5,"enemies":"Gremlin Leader","floor":29,"turns":5},{"damage":0,"enemies":"3 Cultists","floor":30,"turns":1},{"damage":6,"enemies":"Snecko","floor":31,"turns":4},{"damage":92,"enemies":"Automaton","floor":33,"turns":8}],"seed_played":"-3042250017294839994","potions_obtained":[{"floor":6,"key":"Regen Potion"},{"floor":8,"key":"SkillPotion"},{"floor":11,"key":"Fire Potion"},{"floor":28,"key":"LiquidBronze"},{"floor":29,"key":"Explosive Potion"}],"is_trial":false,"path_per_floor":["M","$","?","M","M","E","R","E","T","$","E","M","R","M","R","B",null,"M","?","$","M","?","R","E","R","T","?","M","E","M","M","R","B"],"character_chosen":"IRONCLAD","items_purchased":["True Grit+1","Ghostly Armor+1","Matryoshka","Battle Trance+1"],"campfire_rested":4,"item_purchase_floors":[10,10,20,20],"current_hp_per_floor":[61,61,49,55,58,24,48,46,46,46,14,20,44,50,74,51,80,80,56,56,62,46,70,66,66,66,66,72,73,79,79,79,0],"gold":170,"neow_bonus":"THREE_RARE_CARDS","is_prod":false,"is_daily":false,"chose_seed":false,"campfire_upgraded":1,"win_rate":0,"timestamp":1549222629,"path_taken":["M","?","?","M","M","E","R","E","T","$","E","M","R","M","R","BOSS","M","?","$","?","?","R","E","R","T","?","M","E","M","M","R","BOSS"],"build_version":"2019-01-23","purchased_purges":2,"victory":false,"max_hp_per_floor":[80,80,80,80,80,80,80,80,80,80,80,80,80,80,80,80,80,80,80,80,80,80,80,80,80,80,80,80,80,80,80,80,80],"card_choices":[{"not_picked":["Fiend Fire","Dark Embrace"],"picked":"Immolate","floor":0},{"not_picked":["Clothesline","Sword Boomerang"],"picked":"Anger","floor":1},{"not_picked":["Entrench","Reckless Charge"],"picked":"Iron Wave","floor":4},{"not_picked":["Sever Soul","Wild Strike"],"picked":"Infernal Blade","floor":5},{"not_picked":["Twin Strike","Havoc","Sword Boomerang"],"picked":"SKIP","floor":6},{"not_picked":["Reckless Charge","Entrench"],"picked":"Immolate","floor":8},{"not_picked":["Clash","Iron Wave","Thunderclap"],"picked":"SKIP","floor":11},{"not_picked":["Havoc+1","Rupture"],"picked":"Shockwave+1","floor":12},{"not_picked":["Bloodletting+1","Corruption"],"picked":"Pommel Strike","floor":14},{"not_picked":["Immolate","Exhume+1"],"picked":"Double Tap+1","floor":16},{"not_picked":["Burning Pact+1","Rupture"],"picked":"True Grit+1","floor":18},{"not_picked":["Dual Wield+1","Thunderclap+1","Twin Strike"],"picked":"SKIP","floor":21},{"not_picked":["Carnage","Barricade"],"picked":"Intimidate+1","floor":24},{"not_picked":["Spot Weakness+1","Carnage","Burning Pact+1"],"picked":"SKIP","floor":28},{"not_picked":["Cleave","Dark Embrace","Body Slam"],"picked":"SKIP","floor":29},{"not_picked":["Thunderclap","Brutality"],"picked":"True Grit+1","floor":30},{"not_picked":["Heavy Blade","Dropkick","Searing Blow+1"],"picked":"SKIP","floor":31}],"player_experience":139407,"relics_obtained":[{"floor":6,"key":"Self Forming Clay"},{"floor":8,"key":"Bronze Scales"},{"floor":9,"key":"Toxic Egg 2"},{"floor":11,"key":"Bag of Preparation"},{"floor":22,"key":"Nilry\u0027s Codex"},{"floor":24,"key":"Lantern"},{"floor":26,"key":"Anchor"},{"floor":29,"key":"StoneCalendar"}],"event_choices":[{"damage_healed":0,"gold_gain":0,"player_choice":"Success","damage_taken":12,"relics_obtained":["The Courier"],"max_hp_gain":0,"max_hp_loss":0,"event_name":"Scrap Ooze","floor":3,"gold_loss":0},{"damage_healed":0,"gold_gain":180,"player_choice":"GOLD GOLD ","damage_taken":24,"max_hp_gain":0,"max_hp_loss":0,"event_name":"Knowing Skull","floor":19,"potions_obtained":[],"gold_loss":0,"cards_obtained":[]},{"damage_healed":0,"gold_gain":0,"player_choice":"Obtained Book","damage_taken":16,"max_hp_gain":0,"max_hp_loss":0,"event_name":"Cursed Tome","floor":22,"gold_loss":0},{"cards_removed":["Strike_R"],"damage_healed":0,"gold_gain":0,"player_choice":"Offered Basic","damage_taken":0,"max_hp_gain":0,"max_hp_loss":0,"event_name":"Bonfire Elementals","floor":27,"gold_loss":0}],"is_beta":false,"boss_relics":[{"not_picked":["Busted Crown","Runic Dome"],"picked":"Mark of Pain"}],"items_purged_floors":[2,20],"is_endless":false,"potions_floor_spawned":[6,8,11,28,29,31],"killed_by":"Automaton","ascension_level":4}