{"gold_per_floor":[109,109,109,124,144,172,242,89,89,89,108,119,119,135,135,135],"floor_reached":16,"playtime":1231,"items_purged":["Strike_B"],"score":102,"play_id":"252f3eff-238c-476a-8965-1c7f0a67198e","local_time":"20180815182717","is_ascension_mode":false,"campfire_choices":[{"floor":10,"key":"REST"},{"data":"Streamline","floor":13,"key":"SMITH"},{"data":"Coolheaded","floor":15,"key":"SMITH"}],"neow_cost":"NONE","seed_source_timestamp":408320715280116,"circlet_count":0,"master_deck":["Strike_B","Defend_B","Defend_B","Defend_B","Defend_B","Zap","Dualcast+1","Rebound","Hologram","Rebound","Conserve Battery+1","Aggregate","Streamline+1","Coolheaded+1","Scrape","Scrape"],"relics":["Cracked Core","Blood Vial","War Paint","Bottled Flame","Pear"],"potions_floor_usage":[16],"damage_taken":[{"damage":7,"enemies":"Small Slimes","floor":1,"turns":3},{"damage":1,"enemies":"Cultist","floor":4,"turns":3},{"damage":3,"enemies":"Jaw Worm","floor":5,"turns":2},{"damage":33,"enemies":"3 Sentries","floor":6,"turns":6},{"damage":0,"enemies":"Exordium Wildlife","floor":11,"turns":3},{"damage":0,"enemies":"Blue Slaver","floor":12,"turns":3},{"damage":13,"enemies":"Red Slaver","floor":14,"turns":2},{"damage":48,"enemies":"Slime Boss","floor":16,"turns":7}],"seed_played":"8813813965640666287","potions_obtained":[{"floor":1,"key":"SmokeBomb"},{"floor":6,"key":"FearPotion"},{"floor":12,"key":"SpeedPotion"}],"is_trial":false,"path_per_floor":["M","?","?","M","M","E","T","$","T","R","M","M","R","M","R"],"character_chosen":"DEFECT","items_purchased":["Streamline","Coolheaded"],"campfire_rested":1,"item_purchase_floors":[8,8],"current_hp_per_floor":[68,68,43,44,43,12,12,12,22,47,49,51,51,40,40,0],"gold":135,"neow_bonus":"REMOVE_CARD","is_prod":false,"is_daily":false,"chose_seed":false,"campfire_upgraded":2,"win_rate":0.0,"timestamp":1534372037,"path_taken":["M","?","?","?","M","E","?","$","T","R","M","M","R","M","R","BOSS"],"build_version":"2018-08-09","purchased_purges":1,"victory":false,"max_hp_per_floor":[75,75,75,75,75,75,75,75,85,85,85,85,85,85,85,85],"card_choices":[{"not_picked":["Beam Cell","Sweeping Beam"],"picked":"Rebound","floor":1},{"not_picked":["Compile Driver","Undo"],"picked":"Rebound","floor":4},{"not_picked":["Aggregate","Compile Driver"],"picked":"Conserve Battery","floor":5},{"not_picked":["BootSequence","Multi-Cast"],"picked":"Aggregate","floor":6},{"not_picked":["Aggregate","Blizzard"],"picked":"Scrape","floor":11},{"not_picked":["Loop","Defragment","Stack"],"picked":"SKIP","floor":12},{"not_picked":["Skim","Reprogram"],"picked":"Scrape","floor":14}],"player_experience":35920,"relics_obtained":[{"floor":6,"key":"War Paint"},{"floor":7,"key":"Bottled Flame"},{"floor":9,"key":"Pear"}],"event_choices":[{"event_name":"Transmorgrifier","player_choice":"Transform","floor":2,"damage_taken":0},{"event_name":"Scrap Ooze","player_choice":"success","floor":3,"damage_taken":25}],"is_beta":false,"boss_relics":[],"items_purged_floors":[8],"is_endless":false,"potions_floor_spawned":[1,6,12,14],"killed_by":"Slime Boss","ascension_level":0}