{"gold_per_floor":[114,114,114,131,131,131,159,159,184,211,228,262,262,272,272,346,396,411,428,28,28,28],"floor_reached":22,"playtime":1023,"items_purged":["Strike_B"],"score":428,"play_id":"75f42404-c9ce-4572-ad6e-f0042c0fe690","local_time":"20180923004311","is_ascension_mode":true,"campfire_choices":[{"data":"Lockon","floor":6,"key":"SMITH"},{"data":"Zap","floor":8,"key":"SMITH"},{"data":"Cold Snap","floor":13,"key":"SMITH"},{"data":"Defend_B","floor":15,"key":"PURGE"}],"neow_cost":"NONE","seed_source_timestamp":714201602856615,"circlet_count":0,"master_deck":["Strike_B","Strike_B+1","Strike_B+1","Defend_B+1","Defend_B+1","Defend_B","Zap+1","Dualcast+1","AscendersBane","Lockon+1","Cold Snap+1","Conserve Battery","Skim","Thunder Strike","Coolheaded","Amplify","Reprogram","Conserve Battery","Coolheaded","Storm+1","Shame"],"relics":["Cracked Core","NeowsBlessing","CultistMask","Whetstone","War Paint","Oddly Smooth Stone","Peace Pipe","Tiny House","Frozen Egg 2","Symbiotic Virus"],"potions_floor_usage":[10,18,18,22],"damage_taken":[{"damage":0,"enemies":"Small Slimes","floor":1,"turns":1},{"damage":0,"enemies":"Cultist","floor":4,"turns":1},{"damage":0,"enemies":"Lagavulin","floor":7,"turns":1},{"damage":0,"enemies":"Gremlin Nob","floor":10,"turns":2},{"damage":0,"enemies":"Jaw Worm","floor":11,"turns":2},{"damage":7,"enemies":"3 Sentries","floor":12,"turns":7},{"damage":0,"enemies":"Large Slime","floor":14,"turns":2},{"damage":7,"enemies":"The Guardian","floor":16,"turns":13},{"damage":36,"enemies":"2 Thieves","floor":18,"turns":4},{"damage":18,"enemies":"Spheric Guardian","floor":19,"turns":6},{"damage":28,"enemies":"3 Cultists","floor":22,"turns":4}],"seed_played":"-3912580887454027807","potions_obtained":[{"floor":4,"key":"PowerPotion"},{"floor":7,"key":"Explosive Potion"},{"floor":10,"key":"Block Potion"},{"floor":17,"key":"Fruit Juice"},{"floor":19,"key":"Explosive Potion"}],"is_trial":false,"path_per_floor":["M","?","?","M","?","R","E","R","T","E","M","E","R","M","R","B",null,"M","M","$","?"],"character_chosen":"DEFECT","items_purchased":["Frozen Egg 2","Storm+1"],"campfire_rested":0,"item_purchase_floors":[20,20],"current_hp_per_floor":[64,64,64,64,69,69,69,69,69,69,69,62,62,62,62,55,76,45,27,27,27,0],"gold":28,"neow_bonus":"THREE_ENEMY_KILL","is_prod":false,"is_daily":false,"chose_seed":false,"campfire_upgraded":3,"win_rate":0,"timestamp":1537677791,"path_taken":["M","?","?","M","?","R","E","R","T","E","M","E","R","M","R","BOSS","M","M","$","?","M"],"build_version":"2018-09-20","purchased_purges":1,"victory":false,"max_hp_per_floor":[71,71,71,71,76,76,76,76,76,76,76,76,76,76,76,76,81,86,86,86,86,86],"card_choices":[{"not_picked":["Turbo","Force Field"],"picked":"Lockon","floor":1},{"not_picked":["Hello World","Leap"],"picked":"Cold Snap","floor":4},{"not_picked":["Hello World","Stack"],"picked":"Conserve Battery","floor":7},{"not_picked":["Scrape","Consume","Streamline"],"picked":"SKIP","floor":10},{"not_picked":["Double Energy","Turbo"],"picked":"Skim","floor":11},{"not_picked":["Steam","FTL"],"picked":"Thunder Strike","floor":12},{"not_picked":["Compile Driver","Conserve Battery"],"picked":"Coolheaded","floor":14},{"not_picked":["Meteor Strike","Fission"],"picked":"Amplify","floor":16},{"not_picked":["Streamline","FTL"],"picked":"Reprogram","floor":17},{"not_picked":["Undo","Scrape"],"picked":"Conserve Battery","floor":18},{"not_picked":["Steam","Streamline"],"picked":"Coolheaded","floor":19}],"player_experience":248657,"relics_obtained":[{"floor":7,"key":"Whetstone"},{"floor":9,"key":"War Paint"},{"floor":10,"key":"Oddly Smooth Stone"},{"floor":12,"key":"Peace Pipe"}],"event_choices":[{"event_name":"Liars Game","player_choice":"disagreed","floor":2,"damage_taken":0},{"event_name":"FaceTrader","player_choice":"Trade","floor":3,"damage_taken":0},{"event_name":"Big Fish","player_choice":"Donut","floor":5,"damage_taken":0},{"event_name":"Addict","player_choice":"Stole Relic","floor":21,"damage_taken":0}],"is_beta":false,"boss_relics":[{"not_picked":["Pandora\u0027s Box","Snecko Eye"],"picked":"Tiny House"}],"items_purged_floors":[20],"is_endless":false,"potions_floor_spawned":[4,7,10,12,19],"killed_by":"3 Cultists","ascension_level":14}