{"path_per_floor":["M","$","M","?","M","R","M","T","T","R","M","M","M","?","R"],"character_chosen":"THE_SILENT","items_purchased":["Die Die Die"],"gold_per_floor":[118,38,52,52,62,362,374,401,455,455,468,486,500,575,575,575],"floor_reached":16,"campfire_rested":1,"playtime":404,"current_hp_per_floor":[75,75,75,50,48,48,48,48,48,48,40,40,40,29,52,0],"items_purged":[],"gold":575,"score":94,"play_id":"968e7e0e-7c29-4394-b031-5990c70dd13a","local_time":"20180411205902","is_prod":false,"is_daily":false,"chose_seed":false,"is_ascension_mode":false,"campfire_upgraded":0,"timestamp":1523444342,"path_taken":["M","$","M","?","M","R","M","?","T","R","M","M","?","?","R","BOSS"],"build_version":"2018-04-10","seed_source_timestamp":183678923746934,"purchased_purges":0,"victory":false,"master_deck":["Defend_G","Defend_G","Defend_G","Defend_G","Defend_G","Strike_G","Strike_G","Strike_G","Strike_G","Strike_G","Survivor","Neutralize","Backflip","Die Die Die","Prepared","Dagger Throw","Distraction","Cloak And Dagger","Underhanded Strike"],"max_hp_per_floor":[77,77,77,77,77,77,77,77,77,77,77,77,77,77,77,77],"relics":["Ring of the Snake","Shovel","Old Coin","Art of War","Bag of Preparation","The Specimen"],"card_choices":[{"not_picked":["Deadly Poison","Quick Slash"],"picked":"Backflip","floor":1},{"not_picked":["Deflect","Outmaneuver"],"picked":"Prepared","floor":3},{"not_picked":["Deadly Poison","PiercingWail"],"picked":"Dagger Throw","floor":7},{"not_picked":["Setup","Quick Slash"],"picked":"Distraction","floor":11},{"not_picked":["Outmaneuver","Sucker Punch"],"picked":"Cloak And Dagger","floor":12},{"not_picked":["Grand Finale","Backflip"],"picked":"Underhanded Strike","floor":13}],"player_experience":112677,"potions_floor_usage":[16],"damage_taken":[{"damage":2,"enemies":"Small Slimes","floor":1,"turns":5},{"damage":0,"enemies":"2 Louse","floor":3,"turns":1},{"damage":2,"enemies":"Jaw Worm","floor":5,"turns":4},{"damage":0,"enemies":"Lots of Slimes","floor":7,"turns":1},{"damage":8,"enemies":"Blue Slaver","floor":11,"turns":4},{"damage":0,"enemies":"Exordium Wildlife","floor":12,"turns":2},{"damage":0,"enemies":"Lots of Slimes","floor":13,"turns":1},{"damage":57,"enemies":"Slime Boss","floor":16,"turns":10}],"event_choices":[{"event_name":"Scrap Ooze","player_choice":"success","floor":4,"damage_taken":25},{"event_name":"World of Goop","player_choice":"Gather Gold","floor":14,"damage_taken":0}],"boss_relics":[],"potions_floor_spawned":[12,13],"seed_played":"440507541059565832","killed_by":"Slime Boss","ascension_level":0,"is_trial":false}