{"gold_per_floor":[113,126,136,136,156,156,167,167,167,186,186,196,196,214,214,313,313,326,251,270,286,300,300,320,320,320,331,331],"floor_reached":28,"playtime":1052,"items_purged":["Battle Trance"],"score":243,"play_id":"d09528c1-d93e-424a-b30b-9c7c0413da71","local_time":"20180911050038","daily_mods":["Draft"],"is_ascension_mode":false,"campfire_choices":[{"data":"Perfected Strike","floor":6,"key":"SMITH"},{"data":"Wild Strike","floor":8,"key":"SMITH"},{"data":"Wild Strike","floor":15,"key":"SMITH"},{"data":"Perfected Strike","floor":23,"key":"SMITH"},{"floor":25,"key":"REST"}],"neow_cost":"","seed_source_timestamp":0,"circlet_count":0,"master_deck":["Anger","Wild Strike","Wild Strike","Warcry","Wild Strike+1","Whirlwind","Warcry","Pommel Strike","Wild Strike","Anger","Wild Strike","Sword Boomerang","Sword Boomerang","Wild Strike+1","Perfected Strike+1","Wild Strike","Twin Strike","Twin Strike","Offering","Perfected Strike+1","Clash","Wild Strike","Clash"],"relics":["Burning Blood","Torii","Girya"],"potions_floor_usage":[16,16,27,27],"damage_taken":[{"damage":9,"enemies":"Jaw Worm","floor":1,"turns":2},{"damage":5,"enemies":"2 Louse","floor":2,"turns":2},{"damage":0,"enemies":"Small Slimes","floor":3,"turns":1},{"damage":10,"enemies":"Looter","floor":5,"turns":2},{"damage":11,"enemies":"3 Louse","floor":7,"turns":2},{"damage":0,"enemies":"Exordium Wildlife","floor":10,"turns":2},{"damage":0,"enemies":"Blue Slaver","floor":12,"turns":1},{"damage":13,"enemies":"Red Slaver","floor":14,"turns":2},{"damage":8,"enemies":"Slime Boss","floor":16,"turns":7},{"damage":2,"enemies":"Chosen","floor":18,"turns":3},{"damage":18,"enemies":"Shell Parasite","floor":20,"turns":2},{"damage":24,"enemies":"Shelled Parasite and Fungi","floor":21,"turns":2},{"damage":16,"enemies":"Sentry and Sphere","floor":22,"turns":3},{"damage":24,"enemies":"Centurion and Healer","floor":24,"turns":3},{"damage":6,"enemies":"Chosen and Byrds","floor":27,"turns":3},{"damage":33,"enemies":"Book of Stabbing","floor":28,"turns":3}],"seed_played":"-8267785421910036879","potions_obtained":[{"floor":2,"key":"LiquidBronze"},{"floor":10,"key":"Fire Potion"},{"floor":12,"key":"SpeedPotion"},{"floor":18,"key":"Energy Potion"},{"floor":24,"key":"FearPotion"},{"floor":27,"key":"EssenceOfSteel"}],"is_trial":true,"path_per_floor":["M","M","M","?","M","R","M","R","T","M","?","M","?","M","R","B",null,"M","$","M","M","M","R","M","R","T","M"],"character_chosen":"IRONCLAD","items_purchased":[],"campfire_rested":1,"item_purchase_floors":[],"current_hp_per_floor":[77,78,80,80,76,76,71,71,71,77,77,80,80,73,73,71,80,80,80,68,50,40,40,22,46,46,46,13],"gold":331,"neow_bonus":"","is_prod":false,"is_daily":false,"chose_seed":false,"campfire_upgraded":4,"win_rate":0,"timestamp":1536656438,"path_taken":["M","M","M","?","M","R","M","R","T","M","?","?","?","M","R","BOSS","M","$","M","M","M","R","M","R","T","M","E"],"build_version":"2018-09-06","purchased_purges":1,"victory":false,"max_hp_per_floor":[80,80,80,80,80,80,80,80,80,80,80,80,80,80,80,80,80,80,80,80,80,80,80,80,80,80,80,80],"card_choices":[{"not_picked":["Infernal Blade","True Grit"],"picked":"Anger","floor":0},{"not_picked":["Corruption","Flex"],"picked":"Wild Strike","floor":0},{"not_picked":["Cleave","Warcry"],"picked":"Wild Strike","floor":0},{"not_picked":["Clothesline","Flex"],"picked":"Warcry","floor":0},{"not_picked":["Fire Breathing","Reckless Charge"],"picked":"Disarm","floor":0},{"not_picked":["Havoc","Thunderclap"],"picked":"Wild Strike","floor":0},{"not_picked":["Corruption","Iron Wave"],"picked":"Whirlwind","floor":0},{"not_picked":["Evolve","Uppercut"],"picked":"Warcry","floor":0},{"not_picked":["Anger","Clothesline"],"picked":"Pommel Strike","floor":0},{"not_picked":["Heavy Blade","Cleave"],"picked":"Wild Strike","floor":0},{"not_picked":["Evolve","Armaments"],"picked":"Battle Trance","floor":0},{"not_picked":["Clothesline","Headbutt"],"picked":"Anger","floor":0},{"not_picked":["Intimidate","Body Slam"],"picked":"Wild Strike","floor":0},{"not_picked":["Clothesline","Entrench"],"picked":"Sword Boomerang","floor":0},{"not_picked":["Iron Wave","Sever Soul"],"picked":"Sword Boomerang","floor":0},{"not_picked":["Shrug It Off","Bloodletting"],"picked":"Wild Strike","floor":1},{"not_picked":["Shrug It Off","Iron Wave"],"picked":"Perfected Strike","floor":2},{"not_picked":["Warcry","Headbutt"],"picked":"Wild Strike","floor":3},{"not_picked":["Flex","Sever Soul"],"picked":"Twin Strike","floor":5},{"not_picked":["Sword Boomerang","Shrug It Off","Corruption"],"picked":"SKIP","floor":7},{"not_picked":["Pummel","Sever Soul","Bludgeon"],"picked":"SKIP","floor":10},{"not_picked":["Anger","True Grit","Havoc"],"picked":"SKIP","floor":12},{"not_picked":["True Grit","Corruption"],"picked":"Twin Strike","floor":14},{"not_picked":["Berserk","Dark Embrace"],"picked":"Offering","floor":16},{"not_picked":["Headbutt","Searing Blow"],"picked":"Perfected Strike","floor":18},{"not_picked":["Blood for Blood","Combust+1","Headbutt"],"picked":"SKIP","floor":20},{"not_picked":["Inflame","Shrug It Off"],"picked":"Clash","floor":21},{"not_picked":["Second Wind","Armaments+1"],"picked":"Wild Strike","floor":22},{"not_picked":["Pummel","Ghostly Armor+1"],"picked":"Clash","floor":24},{"not_picked":["Shrug It Off","Hemokinesis","Iron Wave"],"picked":"SKIP","floor":27}],"player_experience":93403,"relics_obtained":[{"floor":9,"key":"Torii"},{"floor":26,"key":"Girya"}],"event_choices":[{"event_name":"Scrap Ooze","player_choice":"unsuccessful","floor":4,"damage_taken":0},{"event_name":"Liars Game","player_choice":"disagreed","floor":11,"damage_taken":0},{"event_name":"Living Wall","player_choice":"Forget","floor":13,"damage_taken":0}],"is_beta":false,"boss_relics":[{"not_picked":["Philosopher\u0027s Stone","Calling Bell","Fusion Hammer"]}],"items_purged_floors":[19],"is_endless":false,"potions_floor_spawned":[2,10,12,18,24,27],"killed_by":"Book of Stabbing","ascension_level":0}