{"gold_per_floor":[119,133,106,117,131,157,157,122,122,137,152,152,164,174,174,274,274,285,23,122,122,140,171,195,207,233,253,253],"floor_reached":28,"playtime":1991,"items_purged":[],"score":269,"play_id":"53ae9757-0a38-4f49-8e87-0b4c56e37e14","local_time":"20190107203048","daily_mods":["SealedDeck"],"is_ascension_mode":false,"campfire_choices":[{"floor":7.0,"key":"REST"},{"data":"Catalyst","floor":12.0,"key":"SMITH"},{"data":"Well Laid Plans","floor":15.0,"key":"SMITH"}],"neow_cost":"","seed_source_timestamp":0,"circlet_count":0,"master_deck":["Deflect","Caltrops","PiercingWail","Backflip","Blur","Deadly Poison","Crippling Poison","Deadly Poison","Well Laid Plans","Catalyst+1","Sucker Punch","Deflect","Deflect","Escape Plan","Grand Finale","Deflect","Escape Plan","Escape Plan","Well Laid Plans+1","Grand Finale","Catalyst+1","Noxious Fumes","Deflect","Deflect+1"],"special_seed":0,"relics":["Ring of the Snake","Tingsha","Nloth\u0027s Gift","Shuriken","Strawberry","Ancient Tea Set"],"potions_floor_usage":[],"damage_taken":[{"damage":2.0,"enemies":"Jaw Worm","floor":1.0,"turns":3.0},{"damage":2.0,"enemies":"2 Louse","floor":2.0,"turns":3.0},{"damage":0.0,"enemies":"Small Slimes","floor":4.0,"turns":3.0},{"damage":0.0,"enemies":"Exordium Thugs","floor":5.0,"turns":5.0},{"damage":34.0,"enemies":"Gremlin Nob","floor":6.0,"turns":4.0},{"damage":0.0,"enemies":"Looter","floor":10.0,"turns":2.0},{"damage":0.0,"enemies":"Large Slime","floor":11.0,"turns":6.0},{"damage":4.0,"enemies":"Exordium Thugs","floor":13.0,"turns":4.0},{"damage":0.0,"enemies":"3 Louse","floor":14.0,"turns":3.0},{"damage":1.0,"enemies":"Slime Boss","floor":16.0,"turns":5.0},{"damage":8,"enemies":"2 Thieves","floor":18,"turns":3},{"damage":0,"enemies":"Shell Parasite","floor":22,"turns":3},{"damage":9,"enemies":"Slavers","floor":23,"turns":4},{"damage":15,"enemies":"Sentry and Sphere","floor":25,"turns":5},{"damage":15,"enemies":"Chosen and Byrds","floor":27,"turns":6},{"damage":42,"enemies":"Masked Bandits","floor":28,"turns":3}],"seed_played":"899902775227980574","potions_obtained":[{"floor":1.0,"key":"Ancient Potion"},{"floor":5.0,"key":"SteroidPotion"},{"floor":10.0,"key":"FearPotion"}],"is_trial":true,"path_per_floor":["M","M","$","M","M","E","R","?","T","M","M","R","M","M","R","B",null,"M","$","?","?","M","E","T","M","T","M","?"],"character_chosen":"THE_SILENT","items_purchased":["Deflect","DollysMirror","Noxious Fumes"],"campfire_rested":1,"item_purchase_floors":[3,19,19],"current_hp_per_floor":[68,66,66,66,66,32,53,70,70,70,70,70,66,66,66,65,70,62,62,62,62,62,53,60,45,45,30,0],"gold":253,"neow_bonus":"","is_prod":false,"is_daily":false,"chose_seed":false,"campfire_upgraded":2,"win_rate":0,"timestamp":1546911048,"path_taken":["M","M","$","M","M","E","R","?","T","M","M","R","M","M","R","BOSS","M","$","?","?","?","E","?","M","T","M","?"],"build_version":"2019-01-03v4","purchased_purges":0,"victory":false,"max_hp_per_floor":[70,70,70,70,70,70,70,70,70,70,70,70,70,70,70,70,70,70,70,70,70,70,70,77,77,77,77,77],"card_choices":[{"not_picked":["Blade Dance","Masterful Stab"],"picked":"Sucker Punch","floor":1.0},{"not_picked":["Expertise","Bouncing Flask","Calculated Gamble"],"picked":"SKIP","floor":2.0},{"not_picked":["Accuracy","Quick Slash"],"picked":"Deflect","floor":4.0},{"not_picked":["Prepared","Leg Sweep"],"picked":"Escape Plan","floor":5.0},{"not_picked":["Dagger Throw","Dash"],"picked":"Grand Finale","floor":6.0},{"not_picked":["Sucker Punch","Slice"],"picked":"Deflect","floor":10.0},{"not_picked":["Prepared","Distraction"],"picked":"Escape Plan","floor":11.0},{"not_picked":["Dagger Throw","Cloak And Dagger"],"picked":"Escape Plan","floor":13.0},{"not_picked":["Poisoned Stab","Caltrops"],"picked":"Well Laid Plans","floor":14.0},{"not_picked":["Wraith Form v2","After Image"],"picked":"Grand Finale","floor":16.0},{"not_picked":["Underhanded Strike+1","Acrobatics+1","Sucker Punch+1"],"picked":"SKIP","floor":18},{"not_picked":["Bane","Prepared","Sucker Punch"],"picked":"SKIP","floor":22},{"not_picked":["Phantasmal Killer","Terror+1"],"picked":"Deflect","floor":23},{"not_picked":["Predator","Heel Hook"],"picked":"Deflect+1","floor":25},{"not_picked":["Dodge and Roll+1","Dagger Spray","Backstab+1"],"picked":"SKIP","floor":27}],"player_experience":469595,"relics_obtained":[{"floor":6.0,"key":"Tingsha"},{"floor":23,"key":"Shuriken"},{"floor":24,"key":"Strawberry"},{"floor":26,"key":"Ancient Tea Set"}],"event_choices":[{"damage_healed":17.0,"max_hp_gain":0.0,"max_hp_loss":0.0,"gold_gain":0.0,"event_name":"The Cleric","player_choice":"Healed","floor":8.0,"gold_loss":35.0,"damage_taken":0.0},{"damage_healed":0,"gold_gain":99,"player_choice":"Stole From Cult","damage_taken":0,"max_hp_gain":0,"max_hp_loss":0,"event_name":"Nest","floor":20,"gold_loss":0},{"damage_healed":0,"gold_gain":0,"player_choice":"Traded Relic","damage_taken":0,"relics_obtained":["Nloth\u0027s Gift"],"max_hp_gain":0,"max_hp_loss":0,"event_name":"N\u0027loth","floor":21,"relics_lost":["DollysMirror"],"gold_loss":0},{"damage_healed":0,"gold_gain":0,"player_choice":"Fought Bandits","damage_taken":0,"max_hp_gain":0,"max_hp_loss":0,"event_name":"Masked Bandits","floor":28,"gold_loss":0}],"is_beta":false,"boss_relics":[{"not_picked":["Empty Cage","HoveringKite","Ectoplasm"]}],"items_purged_floors":[],"is_endless":false,"potions_floor_spawned":[1,5,10,11,18],"killed_by":"Masked Bandits","ascension_level":0}