{"gold_per_floor":[113,188,205,25,38,68,68,68,68,102,102,133,83,97,97,192,192,211,52,68,79,79,79,93,93,93,104,104,119,130,144,144,249,249,263,263,263,5,5,40,40,40],"floor_reached":42,"playtime":3513,"items_purged":["Strike_G","Pain"],"score":545,"play_id":"296779aa-2f4d-4b0d-81a5-f2cbf66c47de","local_time":"20181013080033","is_ascension_mode":true,"campfire_choices":[{"data":"Accuracy","floor":7,"key":"SMITH"},{"data":"Footwork","floor":11,"key":"SMITH"},{"data":"Choke","floor":15,"key":"SMITH"},{"data":"Caltrops","floor":23,"key":"SMITH"},{"data":"Terror","floor":28,"key":"SMITH"},{"data":"Infinite Blades","floor":32,"key":"SMITH"},{"data":"Adrenaline","floor":41,"key":"SMITH"}],"neow_cost":"","seed_source_timestamp":186840954188090,"circlet_count":0,"master_deck":["Defend_G","Defend_G","Defend_G","Defend_G","Defend_G","Survivor","Neutralize","Backflip","Dagger Spray","Finisher","Footwork+1","Escape Plan","Accuracy+1","Slice","Grand Finale","Choke+1","Storm of Steel+1","Prepared+1","Concentrate","Caltrops+1","Slice","Prepared+1","Terror+1","Bite","Bite","Bite","Bite","Bite","Footwork+1","Acrobatics+1","Doppelganger","Accuracy","Infinite Blades+1","Acrobatics","Predator","Adrenaline+1","Writhe","Clumsy","Dodge and Roll+1","Outmaneuver+1","Madness","Tactician+1","Dagger Throw+1"],"relics":["Ring of the Snake","Unceasing Top","WarpedTongs","Gambling Chip","Sundial","Bronze Scales","Coffee Dripper","Prayer Wheel","Calling Bell","Smiling Mask","Darkstone Periapt","Dead Branch","Membership Card","Calipers","Ancient Tea Set"],"potions_floor_usage":[6,12,16,16,27,33,39,42],"damage_taken":[{"damage":0,"enemies":"Jaw Worm","floor":1,"turns":4},{"damage":0,"enemies":"2 Louse","floor":3,"turns":3},{"damage":0,"enemies":"Cultist","floor":5,"turns":4},{"damage":16,"enemies":"Gremlin Nob","floor":6,"turns":4},{"damage":8,"enemies":"3 Sentries","floor":10,"turns":9},{"damage":5,"enemies":"Lagavulin","floor":12,"turns":6},{"damage":9,"enemies":"Large Slime","floor":14,"turns":3},{"damage":4,"enemies":"The Guardian","floor":16,"turns":7},{"damage":22,"enemies":"2 Thieves","floor":18,"turns":5},{"damage":5,"enemies":"Spheric Guardian","floor":20,"turns":3},{"damage":13,"enemies":"Snecko","floor":21,"turns":4},{"damage":24,"enemies":"Snake Plant","floor":24,"turns":3},{"damage":0,"enemies":"Centurion and Healer","floor":27,"turns":5},{"damage":0,"enemies":"Chosen and Byrds","floor":29,"turns":5},{"damage":21,"enemies":"Shelled Parasite and Fungi","floor":30,"turns":4},{"damage":1,"enemies":"Cultist and Chosen","floor":31,"turns":4},{"damage":11,"enemies":"Automaton","floor":33,"turns":8},{"damage":25,"enemies":"3 Shapes","floor":35,"turns":5},{"damage":12,"enemies":"Mind Bloom Boss Battle","floor":39,"turns":4},{"damage":1,"enemies":"Giant Head","floor":40,"turns":5},{"damage":29,"enemies":"2 Orb Walkers","floor":42,"turns":3}],"seed_played":"-2080504229918398386","potions_obtained":[{"floor":1,"key":"AttackPotion"},{"floor":5,"key":"FearPotion"},{"floor":6,"key":"Energy Potion"},{"floor":14,"key":"Energy Potion"},{"floor":20,"key":"SteroidPotion"},{"floor":24,"key":"Fire Potion"},{"floor":33,"key":"Weak Potion"},{"floor":40,"key":"EssenceOfSteel"}],"is_trial":false,"path_per_floor":["M","?","M","$","M","E","R","?","T","E","R","E","?","M","R","B",null,"M","$","M","M","?","R","M","?","T","M","R","M","M","M","R","B",null,"M","?","?","$","?","E","R"],"character_chosen":"THE_SILENT","items_purchased":["Finisher","Footwork","Concentrate","Caltrops","Membership Card"],"campfire_rested":0,"item_purchase_floors":[4,4,19,19,38],"current_hp_per_floor":[70,59,59,59,59,43,43,43,43,35,35,30,30,21,21,17,70,48,48,43,30,30,30,6,6,6,23,23,39,23,32,32,39,49,24,24,24,24,14,18,18,0],"gold":40,"neow_bonus":"","is_prod":false,"is_daily":false,"chose_seed":false,"campfire_upgraded":7,"win_rate":0,"timestamp":1539442833,"path_taken":["M","?","M","$","M","E","R","?","T","E","R","E","?","M","R","BOSS","M","$","M","M","?","R","M","?","T","M","R","?","M","M","R","BOSS","M","?","?","$","?","E","R","E"],"build_version":"2018-10-11","purchased_purges":2,"victory":false,"max_hp_per_floor":[70,70,70,70,70,70,70,70,70,70,70,70,70,70,70,70,70,70,70,70,70,70,70,70,49,49,49,49,49,49,49,49,49,49,49,49,49,49,49,49,49,49],"card_choices":[{"not_picked":["Blur","Dagger Spray"],"picked":"Backflip","floor":1},{"not_picked":["Quick Slash","Deadly Poison"],"picked":"Dagger Spray","floor":3},{"not_picked":["Dash","All Out Attack"],"picked":"Escape Plan","floor":5},{"not_picked":["Glass Knife","Deadly Poison"],"picked":"Accuracy","floor":6},{"not_picked":["Blur","Outmaneuver"],"picked":"Slice","floor":10},{"not_picked":["Finisher","Deflect"],"picked":"Grand Finale","floor":12},{"not_picked":["Acrobatics","Dagger Spray"],"picked":"Choke","floor":14},{"not_picked":["Phantasmal Killer","A Thousand Cuts"],"picked":"Storm of Steel","floor":16},{"not_picked":["Quick Slash","Eviscerate"],"picked":"Prepared+1","floor":18},{"not_picked":["Flying Knee","Heel Hook"],"picked":"Slice","floor":20},{"not_picked":["Bane","Poisoned Stab"],"picked":"Prepared+1","floor":21},{"not_picked":["Concentrate","Endless Agony"],"picked":"Terror","floor":24},{"not_picked":["Predator","Expertise"],"picked":"Footwork+1","floor":27},{"not_picked":["Blur","Backflip"],"picked":"Acrobatics+1","floor":27},{"not_picked":["Bane","Poisoned Stab+1"],"picked":"Doppelganger","floor":29},{"not_picked":["Crippling Poison","Setup","Reflex"],"picked":"SKIP","floor":29},{"not_picked":["Underhanded Strike+1","Storm of Steel"],"picked":"Accuracy","floor":30},{"not_picked":["Deflect","Backflip"],"picked":"Infinite Blades","floor":30},{"not_picked":["Dodge and Roll+1","Die Die Die"],"picked":"Acrobatics","floor":31},{"not_picked":["All Out Attack","Sucker Punch"],"picked":"Predator","floor":31},{"not_picked":["Envenom","Malaise"],"picked":"Adrenaline","floor":33},{"not_picked":["Slice","Bane+1"],"picked":"Dodge and Roll+1","floor":35},{"not_picked":["Expertise+1","Setup"],"picked":"Outmaneuver+1","floor":35},{"not_picked":["Secret Technique","Dark Shackles"],"picked":"Madness","floor":36},{"not_picked":["Outmaneuver","Caltrops+1"],"picked":"Tactician+1","floor":39},{"not_picked":["Acrobatics","Dagger Spray+1"],"picked":"Dagger Throw+1","floor":40}],"player_experience":244219,"relics_obtained":[{"floor":6,"key":"Unceasing Top"},{"floor":9,"key":"Gambling Chip"},{"floor":10,"key":"Sundial"},{"floor":12,"key":"Bronze Scales"},{"floor":26,"key":"Prayer Wheel"},{"floor":34,"key":"Smiling Mask"},{"floor":34,"key":"Darkstone Periapt"},{"floor":34,"key":"Dead Branch"},{"floor":39,"key":"Calipers"},{"floor":40,"key":"Ancient Tea Set"}],"event_choices":[{"event_name":"World of Goop","player_choice":"Gather Gold","floor":2,"damage_taken":0},{"event_name":"Accursed Blacksmith","player_choice":"Rummage","floor":8,"damage_taken":0},{"event_name":"The Cleric","player_choice":"Card Removal","floor":13,"damage_taken":0},{"event_name":"Upgrade Shrine","player_choice":"Upgraded","floor":22,"damage_taken":0},{"event_name":"Vampires","player_choice":"Became a vampire","floor":25,"damage_taken":0},{"event_name":"SensoryStone","player_choice":"Memory 1","floor":36,"damage_taken":0},{"event_name":"Tomb of Lord Red Mask","player_choice":"Ignored","floor":37,"damage_taken":0},{"event_name":"MindBloom","player_choice":"Fight","floor":39,"damage_taken":0}],"is_beta":false,"boss_relics":[{"not_picked":["Black Star","Runic Dome"],"picked":"Coffee Dripper"},{"not_picked":["Velvet Choker","Eternal Feather"],"picked":"Calling Bell"}],"items_purged_floors":[4,38],"is_endless":false,"potions_floor_spawned":[1,5,6,14,20,24,33,40],"killed_by":"2 Orb Walkers","ascension_level":1}