{"gold_per_floor":[20,20,39,57,72,72,104,114,114,141,161,161,161,180,180,255,255,275,294,314,347,347,347,33,33,58,71,99,99,124,124,124,201,201,216,230,242,50,66,66],"floor_reached":40,"playtime":1836,"items_purged":["Strike_R","Strike_R"],"score":885,"play_id":"07b33497-2cb7-4827-8071-f46962160699","local_time":"20190221163625","is_ascension_mode":true,"campfire_choices":[{"data":"Uppercut","floor":6.0,"key":"SMITH"},{"data":"Armaments","floor":12.0,"key":"SMITH"},{"data":"Metallicize","floor":15.0,"key":"SMITH"},{"floor":23.0,"key":"REST"},{"floor":25.0,"key":"REST"},{"floor":29.0,"key":"REST"},{"floor":32.0,"key":"RECALL"}],"neow_cost":"NO_GOLD","seed_source_timestamp":150464294272537,"circlet_count":0,"master_deck":["AscendersBane","Strike_R","Defend_R","Defend_R","Defend_R","Defend_R","Bash","Flex","Uppercut+1","Metallicize+1","Flame Barrier+1","Immolate+1","Sentinel","Armaments+1","Shrug It Off","Anger+1","Barricade","Battle Trance","Combust","Shrug It Off","Armaments","Necronomicurse","Shrug It Off","Whirlwind+1","Blind","Pommel Strike+1","Dual Wield","Demon Form","Shrug It Off+1","Iron Wave+1","Twin Strike+1","Dark Shackles","Thunderclap+1"],"special_seed":0,"relics":["Burning Blood","Molten Egg 2","Shuriken","Ancient Tea Set","Fusion Hammer","Red Mask","Necronomicon","Bag of Marbles","Calipers","PreservedInsect","Mark of Pain"],"potions_floor_usage":[39],"damage_taken":[{"damage":6.0,"enemies":"Jaw Worm","floor":1.0,"turns":5.0},{"damage":9.0,"enemies":"Small Slimes","floor":3.0,"turns":6.0},{"damage":4.0,"enemies":"Cultist","floor":4.0,"turns":3.0},{"damage":8.0,"enemies":"Blue Slaver","floor":5.0,"turns":4.0},{"damage":15.0,"enemies":"Gremlin Nob","floor":7.0,"turns":4.0},{"damage":4.0,"enemies":"Looter","floor":8.0,"turns":4.0},{"damage":15.0,"enemies":"Lagavulin","floor":10.0,"turns":7.0},{"damage":4.0,"enemies":"Exordium Wildlife","floor":11.0,"turns":4.0},{"damage":0.0,"enemies":"2 Fungi Beasts","floor":14.0,"turns":2.0},{"damage":4.0,"enemies":"The Guardian","floor":16.0,"turns":12.0},{"damage":9.0,"enemies":"Shell Parasite","floor":18.0,"turns":7.0},{"damage":11.0,"enemies":"2 Thieves","floor":19.0,"turns":3.0},{"damage":19.0,"enemies":"Sentry and Sphere","floor":20.0,"turns":6.0},{"damage":30.0,"enemies":"Masked Bandits","floor":21.0,"turns":4.0},{"damage":0.0,"enemies":"Snecko","floor":27.0,"turns":1.0},{"damage":2.0,"enemies":"Book of Stabbing","floor":28.0,"turns":3.0},{"damage":0.0,"enemies":"Gremlin Leader","floor":30.0,"turns":2.0},{"damage":17.0,"enemies":"Collector","floor":33.0,"turns":7.0},{"damage":18.0,"enemies":"3 Darklings","floor":35.0,"turns":3.0},{"damage":10.0,"enemies":"3 Shapes","floor":36.0,"turns":2.0},{"damage":53.0,"enemies":"Transient","floor":37.0,"turns":6.0},{"damage":12,"enemies":"3 Darklings","floor":39,"turns":3},{"damage":27,"enemies":"Reptomancer","floor":40,"turns":2}],"seed_played":"-2933092819631393272","potions_obtained":[{"floor":1.0,"key":"SpeedPotion"},{"floor":7.0,"key":"FairyPotion"},{"floor":16.0,"key":"Dexterity Potion"},{"floor":19.0,"key":"Explosive Potion"},{"floor":27.0,"key":"LiquidBronze"},{"floor":28.0,"key":"Dexterity Potion"},{"floor":30.0,"key":"Dexterity Potion"},{"floor":35.0,"key":"BloodPotion"},{"floor":39,"key":"EssenceOfSteel"}],"is_trial":false,"path_per_floor":["M","?","M","M","M","R","E","M","T","E","M","R","?","M","R","B",null,"M","M","M","?","?","R","$","R","T","M","E","R","E","?","R","B",null,"M","M","M","$","M","E"],"character_chosen":"IRONCLAD","items_purchased":["Shrug It Off","Whirlwind+1","Blind","Dark Shackles"],"campfire_rested":3,"item_purchase_floors":[24,24,24,38],"current_hp_per_floor":[68,68,65,67,65,65,56,58,58,49,51,51,51,57,57,59,71,68,63,50,26,5,27,27,49,49,55,59,75,75,75,75,64,72,60,56,16,16,10,0],"gold":66,"neow_bonus":"REMOVE_TWO","is_prod":false,"is_daily":false,"chose_seed":false,"campfire_upgraded":3,"win_rate":0,"timestamp":1550784985,"path_taken":["M","?","M","M","M","R","E","M","T","E","M","R","?","M","R","BOSS","M","M","?","?","?","R","$","R","T","M","E","R","E","?","R","BOSS","M","M","M","$","M","E"],"build_version":"2019-01-23","purchased_purges":2,"victory":false,"max_hp_per_floor":[75,75,75,75,75,75,75,75,75,75,75,75,75,75,75,75,75,75,75,75,75,75,75,75,75,75,75,75,75,75,75,75,75,75,75,75,75,75,75,75],"card_choices":[{"not_picked":["Combust","Havoc"],"picked":"Flex","floor":1.0},{"not_picked":["Twin Strike","True Grit"],"picked":"Uppercut","floor":3.0},{"not_picked":["Rage","Dropkick"],"picked":"Metallicize","floor":4.0},{"not_picked":["Armaments","Combust"],"picked":"Flame Barrier","floor":5.0},{"not_picked":["Armaments","Perfected Strike"],"picked":"Immolate","floor":7.0},{"not_picked":["Combust","Rupture"],"picked":"Sentinel","floor":8.0},{"not_picked":["Blood for Blood+1","Intimidate"],"picked":"Armaments","floor":10.0},{"not_picked":["Flex","Warcry"],"picked":"Shrug It Off","floor":11.0},{"not_picked":["Headbutt+1","Pommel Strike+1"],"picked":"Anger+1","floor":14.0},{"not_picked":["Berserk","Dark Embrace"],"picked":"Barricade","floor":16.0},{"not_picked":["Whirlwind+1","Sever Soul+1"],"picked":"Battle Trance","floor":18.0},{"not_picked":["Rupture+1","Armaments"],"picked":"Combust","floor":19.0},{"not_picked":["Cleave+1","Corruption"],"picked":"Shrug It Off","floor":20.0},{"not_picked":["Warcry","Berserk"],"picked":"Armaments","floor":21.0},{"not_picked":["Entrench","Sentinel","Perfected Strike+1"],"picked":"SKIP","floor":27.0},{"not_picked":["Wild Strike+1","Entrench"],"picked":"Pommel Strike+1","floor":28.0},{"not_picked":["Barricade","Warcry"],"picked":"Dual Wield","floor":30.0},{"not_picked":["Juggernaut","Exhume"],"picked":"Demon Form","floor":33.0},{"not_picked":["Headbutt+1","Rage"],"picked":"Shrug It Off+1","floor":35.0},{"not_picked":["Shrug It Off","Anger+1"],"picked":"Iron Wave+1","floor":36.0},{"not_picked":["Perfected Strike+1","Combust"],"picked":"Twin Strike+1","floor":37.0},{"not_picked":["Berserk","Dual Wield+1"],"picked":"Thunderclap+1","floor":39}],"player_experience":534036,"relics_obtained":[{"floor":7.0,"key":"Molten Egg 2"},{"floor":9.0,"key":"Shuriken"},{"floor":10.0,"key":"Ancient Tea Set"},{"floor":21.0,"key":"Red Mask"},{"floor":22.0,"key":"Necronomicon"},{"floor":26.0,"key":"Bag of Marbles"},{"floor":28.0,"key":"Calipers"},{"floor":30.0,"key":"PreservedInsect"}],"event_choices":[{"damage_healed":0.0,"max_hp_gain":0.0,"max_hp_loss":0.0,"gold_gain":0.0,"event_name":"Liars Game","player_choice":"Ignored","floor":2.0,"gold_loss":0.0,"damage_taken":0.0},{"damage_healed":0.0,"max_hp_gain":0.0,"max_hp_loss":0.0,"gold_gain":0.0,"event_name":"Accursed Blacksmith","player_choice":"Forge","floor":13.0,"gold_loss":0.0,"damage_taken":0.0,"cards_upgraded":["Flame Barrier"]},{"damage_healed":0.0,"max_hp_gain":0.0,"max_hp_loss":0.0,"gold_gain":0.0,"event_name":"Masked Bandits","player_choice":"Fought Bandits","floor":21.0,"gold_loss":0.0,"damage_taken":0.0},{"damage_healed":0.0,"max_hp_gain":0.0,"max_hp_loss":0.0,"gold_gain":0.0,"event_name":"Cursed Tome","player_choice":"Obtained Book","floor":22.0,"gold_loss":0.0,"damage_taken":21.0},{"damage_healed":0.0,"max_hp_gain":0.0,"max_hp_loss":0.0,"gold_gain":0.0,"event_name":"Vampires","player_choice":"Ignored","floor":31.0,"gold_loss":0.0,"damage_taken":0.0}],"is_beta":false,"boss_relics":[{"not_picked":["Astrolabe","Sozu"],"picked":"Fusion Hammer"},{"not_picked":["Velvet Choker","Runic Pyramid"],"picked":"Mark of Pain"}],"items_purged_floors":[24,38],"is_endless":false,"potions_floor_spawned":[1,7,11,16,19,27,28,30,35,36,39],"killed_by":"Reptomancer","ascension_level":17}