{"gold_per_floor":[117,117,117,128,142,177,192,211,211,228,254,254,282,30,30,126,126,139,389,389,389,389,389,389,389,471,18,36,65,78,110,110,210,210,220,235,235,58,72,97,107,75,75,90,90,104,114,132,132,132],"floor_reached":51,"playtime":4976,"items_purged":["Regret"],"score":814,"play_id":"24c202e6-31de-4dc6-96e0-420f91bf6374","local_time":"20180625045342","is_ascension_mode":false,"campfire_choices":[{"data":"Accuracy","floor":15,"key":"SMITH"},{"data":"Infinite Blades","floor":23,"key":"SMITH"},{"data":"Terror","floor":25,"key":"SMITH"},{"data":"Storm of Steel","floor":32,"key":"SMITH"},{"data":"Infinite Blades","floor":45,"key":"SMITH"},{"data":"Accuracy","floor":49,"key":"SMITH"}],"neow_cost":"NONE","seed_source_timestamp":212002185574215,"circlet_count":0,"master_deck":["Defend_G+1","Defend_G+1","Defend_G+1","Defend_G+1","Defend_G+1","Strike_G+1","Strike_G+1","Strike_G+1","Strike_G+1","Strike_G+1","Survivor+1","Neutralize+1","Infinite Blades+1","Riddle With Holes+1","Backflip+1","Choke+1","Doppelganger+1","Calculated Gamble+1","Calculated Gamble+1","Accuracy+1","Backflip+1","Leg Sweep+1","Terror+1","Outmaneuver+1","Blade Dance+1","Choke+1","Caltrops+1","After Image+1","Flying Knee+1","Prepared+1","Storm of Steel+1","Finesse+1","Flying Knee+1","Cloak And Dagger+1","A Thousand Cuts+1","Predator+1","Die Die Die+1","Parasite","Pride","Decay","Dagger Throw+1","Masterful Stab+1","Accuracy+1","Accuracy","Accuracy","Footwork","Backflip","Distraction+1","Infinite Blades+1","Blur+1","Infinite Blades+1","Skewer+1","Cloak And Dagger+1","Acrobatics+1","Prepared+1","Backstab+1","Dodge and Roll+1"],"relics":["Ring of the Snake","Mummified Hand","Letter Opener","The Courier","Lantern","Mango","Coffee Dripper","Dodecahedron","Nilry\u0027s Codex","Bottled Lightning","Kunai","Tingsha","Meat on the Bone","Calling Bell","Art of War","Blue Candle","Du-Vu Doll","Mark of the Bloom","Mercury Hourglass","Prayer Wheel"],"potions_floor_usage":[11,13,13,13,13,16,16,29,31,31,33,33,39,50,50,50],"damage_taken":[{"damage":0,"enemies":"2 Louse","floor":1,"turns":2},{"damage":2,"enemies":"Jaw Worm","floor":4,"turns":5},{"damage":0,"enemies":"Small Slimes","floor":5,"turns":4},{"damage":19,"enemies":"3 Sentries","floor":6,"turns":8},{"damage":0,"enemies":"2 Fungi Beasts","floor":7,"turns":3},{"damage":0,"enemies":"3 Louse","floor":8,"turns":3},{"damage":16,"enemies":"Lots of Slimes","floor":10,"turns":4},{"damage":10,"enemies":"Lagavulin","floor":11,"turns":6},{"damage":0,"enemies":"3 Sentries","floor":13,"turns":4},{"damage":19,"enemies":"Hexaghost","floor":16,"turns":7},{"damage":0,"enemies":"Chosen","floor":18,"turns":4},{"damage":0,"enemies":"Shell Parasite","floor":28,"turns":3},{"damage":8,"enemies":"Slavers","floor":29,"turns":4},{"damage":11,"enemies":"Snecko","floor":30,"turns":4},{"damage":5,"enemies":"Book of Stabbing","floor":31,"turns":3},{"damage":26,"enemies":"Collector","floor":33,"turns":6},{"damage":0,"enemies":"3 Darklings","floor":35,"turns":3},{"damage":5,"enemies":"Orb Walker","floor":36,"turns":2},{"damage":13,"enemies":"Sphere and 2 Shapes","floor":39,"turns":4},{"damage":11,"enemies":"Giant Head","floor":40,"turns":5},{"damage":0,"enemies":"3 Darklings","floor":41,"turns":3},{"damage":4,"enemies":"Maw","floor":44,"turns":5},{"damage":6,"enemies":"4 Shapes","floor":46,"turns":3},{"damage":21,"enemies":"3 Darklings","floor":47,"turns":3},{"damage":1,"enemies":"Maw","floor":48,"turns":4},{"damage":21,"enemies":"Time Eater","floor":50,"turns":8}],"seed_played":"-7983710716705303434","potions_obtained":[{"floor":1,"key":"Swift Potion"},{"floor":7,"key":"EntropicBrew"},{"floor":10,"key":"Fruit Juice"},{"floor":11,"key":"Energy Potion"},{"floor":12,"key":"LiquidBronze"},{"floor":13,"key":"FearPotion"},{"floor":28,"key":"Poison Potion"},{"floor":30,"key":"EntropicBrew"},{"floor":31,"key":"FearPotion"},{"floor":33,"key":"SteroidPotion"},{"floor":35,"key":"Block Potion"},{"floor":36,"key":"SteroidPotion"},{"floor":46,"key":"Regen Potion"},{"floor":47,"key":"Dexterity Potion"}],"is_trial":false,"path_per_floor":["M","?","?","M","M","E","M","M","T","M","E","?","E","$","R","B",null,"M","?","?","?","T","R","?","R","T","$","M","E","M","E","R","B",null,"M","M","?","$","M","E","M","$","T","M","R","M","M","M","R","B"],"character_chosen":"THE_SILENT","items_purchased":["Terror","Outmaneuver","Blade Dance","Choke","Caltrops","Kunai","Storm of Steel","Finesse","Accuracy","Accuracy","Accuracy","Infinite Blades"],"campfire_rested":0,"item_purchase_floors":[14,14,14,14,14,27,27,27,38,38,38,42],"current_hp_per_floor":[70,56,53,51,51,32,32,32,32,16,11,11,25,25,25,6,89,89,89,72,72,72,72,56,56,56,56,56,48,37,32,32,18,94,94,89,89,89,76,65,65,65,65,61,61,55,34,33,33,12],"gold":132,"neow_bonus":"THREE_CARDS","is_prod":false,"is_daily":false,"chose_seed":false,"campfire_upgraded":6,"win_rate":0,"timestamp":1529927622,"path_taken":["M","?","?","M","M","E","M","M","T","M","E","?","E","$","R","BOSS","M","?","?","?","?","R","?","R","T","$","M","E","?","E","R","BOSS","M","M","?","$","?","E","M","$","T","?","R","?","?","M","R","BOSS"],"build_version":"2018-06-21v2","purchased_purges":1,"victory":true,"max_hp_per_floor":[70,70,70,70,70,70,70,70,70,70,75,75,89,89,89,89,89,89,89,94,94,94,94,94,94,94,94,94,94,94,94,94,94,94,94,94,94,94,94,94,94,94,94,94,94,94,94,94,94,94],"card_choices":[{"not_picked":["Slice","Backflip"],"picked":"Infinite Blades","floor":0},{"not_picked":["Skewer","Dagger Spray"],"picked":"Riddle With Holes","floor":1},{"not_picked":["Dagger Throw","Deflect"],"picked":"Backflip","floor":4},{"not_picked":["Masterful Stab","Quick Slash"],"picked":"Choke","floor":5},{"not_picked":["Acrobatics","Quick Slash"],"picked":"Doppelganger","floor":6},{"not_picked":["Underhanded Strike","PiercingWail"],"picked":"Calculated Gamble","floor":7},{"not_picked":["Deflect","Dodge and Roll"],"picked":"Calculated Gamble","floor":8},{"not_picked":["Backflip","Deflect"],"picked":"Accuracy","floor":10},{"not_picked":["Acrobatics","Bane"],"picked":"Backflip","floor":11},{"not_picked":["Flying Knee","Backstab"],"picked":"Leg Sweep","floor":13},{"not_picked":["Tactician","Venomology"],"picked":"After Image","floor":16},{"not_picked":["Sucker Punch","Slice"],"picked":"Flying Knee","floor":18},{"not_picked":["Backflip","Reflex"],"picked":"Flying Knee","floor":28},{"not_picked":["Dodge and Roll","Backflip"],"picked":"Cloak And Dagger","floor":29},{"not_picked":["Expertise","Deadly Poison"],"picked":"A Thousand Cuts","floor":30},{"not_picked":["Slice+1","Noxious Fumes"],"picked":"Predator+1","floor":31},{"not_picked":["Glass Knife","Phantasmal Killer"],"picked":"Die Die Die","floor":33},{"not_picked":["Poisoned Stab","Deadly Poison"],"picked":"Dagger Throw","floor":35},{"not_picked":["Finisher+1","Well Laid Plans+1"],"picked":"Masterful Stab+1","floor":36},{"not_picked":["Doppelganger","All Out Attack"],"picked":"Footwork","floor":39},{"not_picked":["Bouncing Flask+1","Deadly Poison+1"],"picked":"Backflip","floor":40},{"not_picked":["Flying Knee","PiercingWail+1"],"picked":"Distraction+1","floor":41},{"not_picked":["Dagger Throw+1","Prepared"],"picked":"Blur+1","floor":44},{"not_picked":["Sucker Punch","Accuracy+1"],"picked":"Infinite Blades+1","floor":44},{"not_picked":["Bane","Catalyst"],"picked":"Skewer+1","floor":46},{"not_picked":["Bane","Dodge and Roll+1"],"picked":"Cloak And Dagger+1","floor":46},{"not_picked":["Slice","Corpse Explosion"],"picked":"Acrobatics+1","floor":47},{"not_picked":["Heel Hook+1","Deadly Poison"],"picked":"Prepared+1","floor":47},{"not_picked":["Dagger Spray","PiercingWail+1"],"picked":"Backstab+1","floor":48},{"not_picked":["Phantasmal Killer","Poisoned Stab+1"],"picked":"Dodge and Roll+1","floor":48}],"player_experience":91237,"relics_obtained":[{"floor":6,"key":"Letter Opener"},{"floor":9,"key":"The Courier"},{"floor":11,"key":"Lantern"},{"floor":13,"key":"Mango"},{"floor":22,"key":"Dodecahedron"},{"floor":24,"key":"Nilry\u0027s Codex"},{"floor":26,"key":"Bottled Lightning"},{"floor":29,"key":"Tingsha"},{"floor":31,"key":"Meat on the Bone"},{"floor":34,"key":"Art of War"},{"floor":34,"key":"Blue Candle"},{"floor":34,"key":"Du-Vu Doll"},{"floor":40,"key":"Mercury Hourglass"},{"floor":43,"key":"Prayer Wheel"}],"event_choices":[{"event_name":"Shining Light","player_choice":"Entered Light","floor":2,"damage_taken":0},{"event_name":"Scrap Ooze","player_choice":"success","floor":3,"damage_taken":3},{"event_name":"The Lab","player_choice":"Got Potions","floor":12,"damage_taken":0},{"event_name":"Golden Shrine","player_choice":"Desecrate","floor":19,"damage_taken":0},{"event_name":"Forgotten Altar","player_choice":"Shed Blood","floor":20,"damage_taken":0},{"event_name":"The Library","player_choice":"Read","floor":21,"damage_taken":0},{"event_name":"Cursed Tome","player_choice":"Obtained Book","floor":24,"damage_taken":0},{"event_name":"MindBloom","player_choice":"Upgrade","floor":37,"damage_taken":0}],"boss_relics":[{"not_picked":["Eternal Feather","White Beast Statue"],"picked":"Coffee Dripper"},{"not_picked":["Black Star","Empty Cage"],"picked":"Calling Bell"}],"items_purged_floors":[27],"is_endless":false,"potions_floor_spawned":[1,7,10,11,13,28,30,31,33,35,36,46,47],"ascension_level":0}