{"gold_per_floor":[113,39,59,74,74,74,103,113,113,139,139],"floor_reached":11,"playtime":547,"items_purged":[],"score":110,"play_id":"abcbe835-6f71-4288-9e22-88e13bccede5","local_time":"20181030204012","is_ascension_mode":true,"campfire_choices":[{"data":"Static Discharge","floor":6,"key":"SMITH"}],"neow_cost":"NONE","seed_source_timestamp":264560611447826,"circlet_count":0,"master_deck":["Strike_B","Strike_B","Strike_B","Strike_B","Defend_B","Defend_B","Defend_B","Defend_B","Zap","Dualcast","AscendersBane","Chill","Static Discharge+1","Cold Snap","Coolheaded","Chaos","Cold Snap","Hologram"],"relics":["Black Star","NlothsMask","Frozen Egg 2","Bottled Flame","Odd Mushroom"],"potions_floor_usage":[11,11],"damage_taken":[{"damage":11,"enemies":"Cultist","floor":1,"turns":4},{"damage":4,"enemies":"2 Louse","floor":3,"turns":5},{"damage":2,"enemies":"Jaw Worm","floor":4,"turns":4},{"damage":12,"enemies":"3 Sentries","floor":7,"turns":7},{"damage":3,"enemies":"2 Fungi Beasts","floor":8,"turns":5},{"damage":19,"enemies":"The Mushroom Lair","floor":10,"turns":4},{"damage":25,"enemies":"Gremlin Nob","floor":11,"turns":3}],"seed_played":"9065687947398929022","potions_obtained":[{"floor":1,"key":"Dexterity Potion"},{"floor":10,"key":"LiquidBronze"}],"is_trial":false,"path_per_floor":["M","$","M","M","?","R","E","M","T","?"],"character_chosen":"DEFECT","items_purchased":["Static Discharge"],"campfire_rested":0,"item_purchase_floors":[2],"current_hp_per_floor":[57,57,53,51,51,51,39,36,36,17,0],"gold":139,"neow_bonus":"BOSS_RELIC","is_prod":false,"is_daily":false,"chose_seed":false,"campfire_upgraded":1,"win_rate":0,"timestamp":1540957212,"path_taken":["M","$","?","M","?","R","E","M","T","?","E"],"build_version":"2018-10-25v2","purchased_purges":0,"victory":false,"max_hp_per_floor":[75,75,75,75,75,75,75,75,75,75,75],"card_choices":[{"not_picked":["Force Field","Stack"],"picked":"Chill","floor":1},{"not_picked":["Leap","Steam"],"picked":"Cold Snap","floor":3},{"not_picked":["Tempest","Leap"],"picked":"Coolheaded","floor":4},{"not_picked":["Stack","Meteor Strike"],"picked":"Chaos","floor":7},{"not_picked":["Melter","Ball Lightning"],"picked":"Cold Snap","floor":8},{"not_picked":["Steam","Stack"],"picked":"Hologram","floor":10}],"player_experience":330937,"relics_obtained":[{"floor":7,"key":"Frozen Egg 2"},{"floor":7,"key":"Bottled Flame"},{"floor":10,"key":"Odd Mushroom"}],"event_choices":[{"damage_healed":0,"gold_gain":0,"player_choice":"Trade","damage_taken":0,"relics_obtained":["NlothsMask"],"max_hp_gain":0,"max_hp_loss":0,"event_name":"FaceTrader","floor":5,"gold_loss":0},{"damage_healed":0,"gold_gain":0,"player_choice":"Fought Mushrooms","damage_taken":0,"max_hp_gain":0,"max_hp_loss":0,"event_name":"Mushrooms","floor":10,"gold_loss":0}],"is_beta":false,"boss_relics":[],"items_purged_floors":[],"is_endless":false,"potions_floor_spawned":[1,10],"killed_by":"Gremlin Nob","ascension_level":10}