{"gold_per_floor":[13,28,28,28,47,78,95,123,123,70,81,107,107,127,127,223,223,223,223,52,52,52,52,52,52,52,52,52,52,52,52,52,52,52,52,0,0,0,0,0,0,0,0,0],"floor_reached":44,"playtime":2221,"items_purged":[],"score":678,"play_id":"c111a5ed-bfaa-4492-b706-45f07d7e8e5d","local_time":"20190118103101","is_ascension_mode":true,"campfire_choices":[{"data":"Demon Form","floor":13,"key":"SMITH"},{"data":"Armaments","floor":15,"key":"SMITH"},{"data":"Demon Form","floor":23,"key":"SMITH"},{"data":"Armaments","floor":25,"key":"SMITH"},{"data":"Disarm","floor":28,"key":"SMITH"},{"data":"Battle Trance","floor":32,"key":"SMITH"},{"floor":41,"key":"DIG"}],"neow_cost":"NO_GOLD","seed_source_timestamp":668565012723800,"circlet_count":0,"master_deck":["Strike_R","Strike_R","Strike_R","Strike_R+1","Strike_R","Defend_R","Defend_R+1","Defend_R","Defend_R","Bash+1","Demon Form+1","Intimidate","Carnage","Sword Boomerang","Disarm+1","Iron Wave","Shrug It Off","Armaments+1","Twin Strike","Shrug It Off+1","Twin Strike","Demon Form+1","Sword Boomerang","Shrug It Off","Armaments+1","Rage+1","Exhume","Battle Trance+1","Exhume","Pommel Strike+1","Infernal Blade+1","Metallicize+1","Sword Boomerang+1"],"relics":["Burning Blood","Meat on the Bone","Happy Flower","Gremlin Horn","StoneCalendar","Ectoplasm","Lantern","Pear","Bronze Scales","Frozen Egg 2","Philosopher\u0027s Stone","Red Mask","Shovel","Ancient Tea Set","Bag of Marbles","War Paint"],"potions_floor_usage":[6,7,8,24,33,39,39,44],"damage_taken":[{"damage":0,"enemies":"Cultist","floor":1,"turns":4},{"damage":9,"enemies":"Small Slimes","floor":2,"turns":5},{"damage":13,"enemies":"Jaw Worm","floor":5,"turns":4},{"damage":20,"enemies":"Lagavulin","floor":6,"turns":7},{"damage":7,"enemies":"3 Louse","floor":7,"turns":3},{"damage":32,"enemies":"Gremlin Nob","floor":8,"turns":4},{"damage":0,"enemies":"Large Slime","floor":11,"turns":4},{"damage":25,"enemies":"3 Sentries","floor":12,"turns":4},{"damage":11,"enemies":"Exordium Thugs","floor":14,"turns":4},{"damage":23,"enemies":"Slime Boss","floor":16,"turns":7},{"damage":5,"enemies":"Shell Parasite","floor":18,"turns":5},{"damage":11,"enemies":"3 Byrds","floor":19,"turns":6},{"damage":40,"enemies":"Slavers","floor":24,"turns":6},{"damage":4,"enemies":"Gremlin Leader","floor":29,"turns":6},{"damage":5,"enemies":"Snecko","floor":31,"turns":4},{"damage":49,"enemies":"Collector","floor":33,"turns":7},{"damage":10,"enemies":"Orb Walker","floor":35,"turns":4},{"damage":14,"enemies":"3 Shapes","floor":37,"turns":7},{"damage":36,"enemies":"2 Orb Walkers","floor":39,"turns":6},{"damage":35,"enemies":"Nemesis","floor":40,"turns":5},{"damage":28,"enemies":"Giant Head","floor":42,"turns":7},{"damage":22,"enemies":"Maw","floor":44,"turns":5}],"seed_played":"3902393829460211986","potions_obtained":[{"floor":2,"key":"BloodPotion"},{"floor":5,"key":"SpeedPotion"},{"floor":6,"key":"Poison Potion"},{"floor":8,"key":"Dexterity Potion"},{"floor":24,"key":"SkillPotion"},{"floor":29,"key":"Fire Potion"},{"floor":33,"key":"Fire Potion"},{"floor":39,"key":"Poison Potion"},{"floor":42,"key":"SkillPotion"}],"is_trial":false,"path_per_floor":["M","M","?","?","M","E","M","E","T","$","M","E","R","M","R","B",null,"M","M","$","?","?","R","E","R","T","$","R","E","?","M","R","B",null,"M","?","M","$","?","E","R","E","T","M"],"character_chosen":"IRONCLAD","items_purchased":["Armaments","Lantern","Armaments"],"campfire_rested":0,"item_purchase_floors":[10,20,20],"current_hp_per_floor":[80,77,61,61,54,40,51,45,45,45,51,44,44,51,51,46,72,73,68,68,68,53,53,41,41,41,41,41,55,55,56,56,25,78,74,74,66,66,48,31,31,21,21,0],"gold":0,"neow_bonus":"THREE_RARE_CARDS","is_prod":false,"is_daily":false,"chose_seed":false,"campfire_upgraded":6,"win_rate":0,"timestamp":1547836261,"path_taken":["M","?","?","?","M","E","M","E","T","$","M","E","R","M","R","BOSS","M","M","$","?","?","R","E","R","T","$","R","E","?","?","R","BOSS","M","?","M","$","?","E","R","E","T","M"],"build_version":"2019-01-17v2","purchased_purges":0,"victory":false,"max_hp_per_floor":[80,80,80,80,80,80,80,80,80,80,80,80,80,80,80,80,80,80,80,80,80,85,85,95,95,95,95,95,95,95,95,95,95,95,95,95,95,95,95,95,95,95,95,95],"card_choices":[{"not_picked":["Dark Embrace","Barricade"],"picked":"Demon Form","floor":0},{"not_picked":["Cleave","Iron Wave"],"picked":"Intimidate","floor":1},{"not_picked":["Clothesline","Flex"],"picked":"Carnage","floor":2},{"not_picked":["Power Through","Cleave"],"picked":"Sword Boomerang","floor":5},{"not_picked":["Sword Boomerang","Searing Blow"],"picked":"Disarm","floor":6},{"not_picked":["Headbutt","Havoc"],"picked":"Iron Wave","floor":7},{"not_picked":["Barricade","Impervious"],"picked":"Shrug It Off","floor":8},{"not_picked":["Headbutt","Sentinel"],"picked":"Twin Strike","floor":11},{"not_picked":["Pommel Strike","Clothesline"],"picked":"Shrug It Off","floor":12},{"not_picked":["Clothesline","Perfected Strike"],"picked":"Twin Strike","floor":14},{"not_picked":["Berserk","Exhume"],"picked":"Demon Form","floor":16},{"not_picked":["Power Through","Thunderclap"],"picked":"Sword Boomerang","floor":18},{"not_picked":["Second Wind","Flex"],"picked":"Shrug It Off","floor":19},{"not_picked":["Thunderclap+1","Fire Breathing"],"picked":"Rage+1","floor":24},{"not_picked":["Havoc","Ghostly Armor+1"],"picked":"Exhume","floor":29},{"not_picked":["Feel No Pain+1","Cleave"],"picked":"Battle Trance","floor":31},{"not_picked":["Fiend Fire","Bludgeon"],"picked":"Exhume","floor":33},{"not_picked":["Wild Strike+1","Sever Soul","Rampage"],"picked":"SKIP","floor":35},{"not_picked":["Battle Trance","Dropkick+1"],"picked":"Pommel Strike+1","floor":37},{"not_picked":["Havoc+1","Anger+1"],"picked":"Infernal Blade+1","floor":39},{"not_picked":["Blood for Blood","Carnage"],"picked":"Metallicize+1","floor":40},{"not_picked":["Cleave+1","Armaments+1"],"picked":"Sword Boomerang+1","floor":42}],"player_experience":533626,"relics_obtained":[{"floor":6,"key":"Meat on the Bone"},{"floor":8,"key":"Happy Flower"},{"floor":9,"key":"Gremlin Horn"},{"floor":12,"key":"StoneCalendar"},{"floor":24,"key":"Pear"},{"floor":26,"key":"Bronze Scales"},{"floor":29,"key":"Frozen Egg 2"},{"floor":39,"key":"Shovel"},{"floor":40,"key":"Ancient Tea Set"},{"floor":41,"key":"Bag of Marbles"},{"floor":42,"key":"War Paint"}],"event_choices":[{"damage_healed":0,"gold_gain":0,"player_choice":"Entered Light","damage_taken":16,"max_hp_gain":0,"max_hp_loss":0,"event_name":"Shining Light","floor":3,"gold_loss":0,"cards_upgraded":["Strike_R","Bash"]},{"damage_healed":0,"gold_gain":0,"player_choice":"Leave","damage_taken":0,"max_hp_gain":0,"max_hp_loss":0,"event_name":"The Cleric","floor":4,"gold_loss":0},{"damage_healed":0,"gold_gain":99,"player_choice":"Stole From Cult","damage_taken":0,"max_hp_gain":0,"max_hp_loss":0,"event_name":"Nest","floor":21,"gold_loss":0},{"damage_healed":0,"gold_gain":0,"player_choice":"Shed Blood","damage_taken":20,"max_hp_gain":5,"max_hp_loss":0,"event_name":"Forgotten Altar","floor":22,"gold_loss":0},{"damage_healed":0,"gold_gain":0,"player_choice":"Ignored","damage_taken":0,"max_hp_gain":0,"max_hp_loss":0,"event_name":"Golden Shrine","floor":30,"gold_loss":0},{"damage_healed":0,"gold_gain":0,"player_choice":"Paid","damage_taken":0,"relics_obtained":["Red Mask"],"max_hp_gain":0,"max_hp_loss":0,"event_name":"Tomb of Lord Red Mask","floor":36,"gold_loss":52},{"damage_healed":0,"gold_gain":0,"player_choice":"Fight","damage_taken":0,"max_hp_gain":0,"max_hp_loss":0,"event_name":"Mysterious Sphere","floor":39,"gold_loss":0}],"is_beta":false,"boss_relics":[{"not_picked":["Tiny House","Orrery"],"picked":"Ectoplasm"},{"not_picked":["Astrolabe","Velvet Choker"],"picked":"Philosopher\u0027s Stone"}],"items_purged_floors":[],"is_endless":false,"potions_floor_spawned":[2,5,6,8,24,29,33,39,42],"killed_by":"Maw","ascension_level":5}