{"gold_per_floor":[217,217,167,342,361,361,378,388,469,29,45,45],"floor_reached":12,"playtime":316,"items_purged":[],"score":112,"play_id":"41f53071-69ec-4df7-b7b3-6fb465893d26","local_time":"20181106234324","is_ascension_mode":true,"campfire_choices":[{"data":"Zap","floor":6,"key":"SMITH"}],"neow_cost":"NONE","seed_source_timestamp":190458387697366,"circlet_count":0,"master_deck":["AscendersBane","Strike_B","Strike_B","Strike_B","Defend_B","Defend_B","Defend_B","Defend_B","Zap+1","Dualcast","Coolheaded","Doubt","Turbo","Tempest","Reinforced Body","Lockon","Loop","Coolheaded"],"relics":["Cracked Core","Dream Catcher","Shuriken","Turnip"],"potions_floor_usage":[11,11],"damage_taken":[{"damage":6,"enemies":"2 Louse","floor":1,"turns":3},{"damage":13,"enemies":"Small Slimes","floor":5,"turns":4},{"damage":9,"enemies":"Jaw Worm","floor":7,"turns":4},{"damage":5,"enemies":"Exordium Wildlife","floor":8,"turns":3},{"damage":24,"enemies":"Exordium Thugs","floor":11,"turns":3},{"damage":5,"enemies":"2 Fungi Beasts","floor":12,"turns":2}],"seed_played":"-4512525121578963146","potions_obtained":[{"floor":1,"key":"Energy Potion"},{"floor":7,"key":"Explosive Potion"}],"is_trial":false,"path_per_floor":["M","?","?","?","M","R","M","M","T","$","M","M"],"character_chosen":"DEFECT","items_purchased":["Turnip","Lockon","Loop"],"campfire_rested":0,"item_purchase_floors":[10,10,10],"current_hp_per_floor":[62,55,55,55,42,42,33,28,28,28,4,0],"gold":45,"neow_bonus":"HUNDRED_GOLD","is_prod":false,"is_daily":false,"chose_seed":false,"campfire_upgraded":1,"win_rate":0,"timestamp":1541576604,"path_taken":["M","?","?","?","?","R","M","M","T","$","M","M"],"build_version":"2018-11-01","purchased_purges":0,"victory":false,"max_hp_per_floor":[75,75,75,75,75,75,75,75,75,75,75,75],"card_choices":[{"not_picked":["Go for the Eyes","Leap"],"picked":"Coolheaded","floor":1},{"not_picked":["Beam Cell","Steam"],"picked":"Turbo","floor":5},{"not_picked":["Rebound","Redo"],"picked":"Tempest","floor":7},{"not_picked":["Sweeping Beam","Steam Power"],"picked":"Reinforced Body","floor":8},{"not_picked":["Sweeping Beam","FTL"],"picked":"Coolheaded","floor":11}],"player_experience":358849,"relics_obtained":[{"floor":9,"key":"Shuriken"}],"event_choices":[{"damage_healed":0,"gold_gain":0,"player_choice":"Success","damage_taken":7,"relics_obtained":["Dream Catcher"],"max_hp_gain":0,"max_hp_loss":0,"event_name":"Scrap Ooze","floor":2,"gold_loss":0},{"cards_removed":["Strike_B"],"damage_healed":0,"gold_gain":0,"player_choice":"Card Removal","damage_taken":0,"max_hp_gain":0,"max_hp_loss":0,"event_name":"The Cleric","floor":3,"gold_loss":50},{"damage_healed":0,"gold_gain":175,"player_choice":"AGREE","damage_taken":0,"max_hp_gain":0,"max_hp_loss":0,"event_name":"Liars Game","floor":4,"gold_loss":0,"cards_obtained":["Doubt"]}],"is_beta":false,"boss_relics":[],"items_purged_floors":[],"is_endless":false,"potions_floor_spawned":[1,7],"killed_by":"2 Fungi Beasts","ascension_level":12}