{"gold_per_floor":[109,121,46,65,81,81,92,125,194,194,204,204],"floor_reached":12,"playtime":510,"items_purged":["Strike_R"],"score":86,"play_id":"2805cec7-d89b-4a22-bb89-d93243e5f9ea","local_time":"20190128174658","is_ascension_mode":true,"campfire_choices":[{"data":"Searing Blow","floor":6,"key":"SMITH"},{"data":"Searing Blow+1","floor":10,"key":"SMITH"}],"neow_cost":"NONE","seed_source_timestamp":1693721311544998,"circlet_count":0,"master_deck":["Strike_R","Strike_R","Strike_R","Strike_R","Defend_R","Defend_R","Defend_R","Defend_R","Bash","Searing Blow+2"],"relics":["Burning Blood","The Courier","Kunai"],"potions_floor_usage":[],"damage_taken":[{"damage":1,"enemies":"Cultist","floor":1,"turns":3},{"damage":6,"enemies":"Jaw Worm","floor":2,"turns":5},{"damage":0,"enemies":"Small Slimes","floor":4,"turns":3},{"damage":18,"enemies":"Blue Slaver","floor":5,"turns":5},{"damage":17,"enemies":"Lots of Slimes","floor":7,"turns":5},{"damage":40,"enemies":"3 Sentries","floor":8,"turns":10},{"damage":6,"enemies":"3 Louse","floor":11,"turns":3},{"damage":47,"enemies":"Lagavulin","floor":12,"turns":6}],"seed_played":"-7357114331104809733","potions_obtained":[{"floor":1,"key":"LiquidBronze"},{"floor":5,"key":"GamblersBrew"}],"is_trial":false,"path_per_floor":["M","M","$","M","M","R","M","E","T","R","M","E"],"character_chosen":"IRONCLAD","items_purchased":[],"campfire_rested":0,"item_purchase_floors":[],"current_hp_per_floor":[88,88,88,88,76,76,65,31,31,31,31,0],"gold":204,"neow_bonus":"TEN_PERCENT_HP_BONUS","is_prod":false,"is_daily":false,"chose_seed":false,"campfire_upgraded":2,"win_rate":0,"timestamp":1548715618,"path_taken":["M","M","$","?","M","R","M","E","T","R","M","E"],"build_version":"2019-01-23","purchased_purges":1,"victory":false,"max_hp_per_floor":[88,88,88,88,88,88,88,88,88,88,88,88],"card_choices":[{"not_picked":["Pummel","True Grit","Shockwave"],"picked":"SKIP","floor":1},{"not_picked":["Armaments","Warcry"],"picked":"Searing Blow","floor":2},{"not_picked":["Shrug It Off","Pommel Strike","Carnage"],"picked":"SKIP","floor":4},{"not_picked":["Sever Soul","Clash","Pommel Strike"],"picked":"SKIP","floor":5},{"not_picked":["Twin Strike","Feel No Pain","Anger"],"picked":"SKIP","floor":7},{"not_picked":["Anger","Armaments","Heavy Blade"],"picked":"SKIP","floor":8},{"not_picked":["Intimidate","Feel No Pain","Body Slam"],"picked":"SKIP","floor":11}],"player_experience":522727,"relics_obtained":[{"floor":8,"key":"The Courier"},{"floor":9,"key":"Kunai"}],"event_choices":[],"is_beta":true,"boss_relics":[],"items_purged_floors":[3],"is_endless":false,"potions_floor_spawned":[1,5],"killed_by":"Lagavulin","ascension_level":1}