{"gold_per_floor":[119,135,29,29,29,64,77,77,77,77,112,176,176],"floor_reached":13,"playtime":364,"items_purged":[],"score":132,"play_id":"e6fae74f-cca9-4289-9174-5fcd8125e1ae","local_time":"20190217162607","is_ascension_mode":true,"campfire_choices":[{"data":"Bash","floor":8,"key":"SMITH"},{"data":"Evolve","floor":10,"key":"SMITH"}],"neow_cost":"NONE","seed_source_timestamp":973968483136400,"circlet_count":0,"master_deck":["Strike_R","Strike_R","Strike_R","Strike_R","Defend_R","Defend_R","Defend_R","Defend_R","Bash+1","Iron Wave","Sword Boomerang","Evolve+1","Shockwave","Twin Strike","Shrug It Off","Dark Embrace"],"relics":["Burning Blood","Paper Frog","Sundial","Letter Opener","Dream Catcher"],"potions_floor_usage":[11],"damage_taken":[{"damage":8,"enemies":"2 Louse","floor":1,"turns":4},{"damage":0,"enemies":"Cultist","floor":2,"turns":4},{"damage":36,"enemies":"Lagavulin","floor":6,"turns":7},{"damage":13,"enemies":"Small Slimes","floor":7,"turns":3},{"damage":38,"enemies":"Gremlin Nob","floor":11,"turns":5},{"damage":30,"enemies":"3 Sentries","floor":13,"turns":4}],"seed_played":"5820307085811331378","potions_obtained":[{"floor":1,"key":"Regen Potion"}],"is_trial":false,"path_per_floor":["M","M","$","?","?","E","M","R","T","R","E","?","E"],"character_chosen":"IRONCLAD","items_purchased":["Evolve","Shockwave"],"campfire_rested":0,"item_purchase_floors":[3,3],"current_hp_per_floor":[78,84,84,77,77,47,40,40,40,40,22,22,0],"gold":176,"neow_bonus":"TEN_PERCENT_HP_BONUS","is_prod":false,"is_daily":false,"chose_seed":false,"campfire_upgraded":2,"win_rate":0,"timestamp":1550449567,"path_taken":["M","M","$","?","?","E","?","R","T","R","E","?","E"],"build_version":"2019-01-23","purchased_purges":0,"victory":false,"max_hp_per_floor":[88,88,88,88,88,88,88,88,88,88,88,88,88],"card_choices":[{"not_picked":["Entrench","Armaments"],"picked":"Iron Wave","floor":1},{"not_picked":["Carnage","Clash"],"picked":"Sword Boomerang","floor":2},{"not_picked":["Thunderclap","Clash"],"picked":"Twin Strike","floor":6},{"not_picked":["Iron Wave","Body Slam"],"picked":"Shrug It Off","floor":7},{"not_picked":["Dropkick","Pommel Strike"],"picked":"Dark Embrace","floor":11}],"player_experience":718772,"relics_obtained":[{"floor":6,"key":"Sundial"},{"floor":9,"key":"Letter Opener"},{"floor":11,"key":"Dream Catcher"}],"event_choices":[{"damage_healed":0,"gold_gain":0,"player_choice":"Success","damage_taken":7,"relics_obtained":["Paper Frog"],"max_hp_gain":0,"max_hp_loss":0,"event_name":"Scrap Ooze","floor":4,"gold_loss":0},{"cards_removed":["Strike_R"],"damage_healed":0,"gold_gain":0,"player_choice":"Purged","damage_taken":0,"max_hp_gain":0,"max_hp_loss":0,"event_name":"Purifier","floor":5,"gold_loss":0},{"damage_healed":0,"gold_gain":64,"player_choice":"Gained Gold","damage_taken":0,"max_hp_gain":0,"max_hp_loss":0,"event_name":"Golden Wing","floor":12,"gold_loss":0}],"is_beta":false,"boss_relics":[],"items_purged_floors":[],"is_endless":false,"potions_floor_spawned":[1],"killed_by":"3 Sentries","ascension_level":9}