{"gold_per_floor":[109,1,18,18,33,65,65,77,101,101,101,112,137,137,137,212,212,222,108,108,108,127,158,158,53,132,143,170,170,186,221,221,298,298,317,317,317,26,37,67,67,99,150,184,184,184,194,209,209,209],"floor_reached":50,"playtime":6415,"items_purged":["Strike_B","Defend_B"],"score":1172,"play_id":"38744fca-c868-49df-ab98-d2889eceaade","local_time":"20190225171550","is_ascension_mode":true,"campfire_choices":[{"floor":7,"key":"REST"},{"floor":10,"key":"REST"},{"data":"Zap","floor":15,"key":"SMITH"},{"floor":24,"key":"REST"},{"floor":29,"key":"REST"},{"floor":32,"key":"REST"},{"floor":41,"key":"REST"},{"floor":46,"key":"RECALL"},{"floor":49,"key":"REST"}],"neow_cost":"NONE","seed_source_timestamp":185350565170052,"circlet_count":0,"master_deck":["AscendersBane","Strike_B+1","Defend_B","Defend_B","Defend_B","Zap+1","Dualcast","Blizzard","Go for the Eyes+1","Beam Cell","Scrape","Ball Lightning","Coolheaded","Compile Driver","Biased Cognition","Sweeping Beam","Coolheaded","Biased Cognition","White Noise","Cold Snap","Capacitor","Go for the Eyes","Flash of Steel","Beam Cell+1","Chill","Machine Learning","Genetic Algorithm","All For One","Blizzard","Panache","Blizzard+1","Tempest+1","Cold Snap+1"],"relics":["FrozenCore","Bronze Scales","Regal Pillow","Odd Mushroom","Fusion Hammer","MutagenicStrength","DataDisk","Mercury Hourglass","Blood Vial","Ginger","Blue Candle","Bottled Flame","FossilizedHelix","Molten Egg 2"],"potions_floor_usage":[6,16,23,31,39,40,44,50,50],"damage_taken":[{"damage":1,"enemies":"Cultist","floor":1,"turns":4},{"damage":4,"enemies":"Small Slimes","floor":3,"turns":3},{"damage":4,"enemies":"2 Louse","floor":5,"turns":3},{"damage":20,"enemies":"3 Sentries","floor":6,"turns":6},{"damage":5,"enemies":"Red Slaver","floor":8,"turns":3},{"damage":6,"enemies":"Blue Slaver","floor":12,"turns":2},{"damage":16,"enemies":"The Mushroom Lair","floor":13,"turns":3},{"damage":6,"enemies":"Hexaghost","floor":16,"turns":9},{"damage":2,"enemies":"Chosen","floor":18,"turns":4},{"damage":20,"enemies":"2 Thieves","floor":22,"turns":3},{"damage":14,"enemies":"Slavers","floor":23,"turns":3},{"damage":18,"enemies":"Shelled Parasite and Fungi","floor":27,"turns":3},{"damage":15,"enemies":"Book of Stabbing","floor":28,"turns":5},{"damage":0,"enemies":"Chosen and Byrds","floor":30,"turns":4},{"damage":22,"enemies":"Gremlin Leader","floor":31,"turns":4},{"damage":22,"enemies":"Automaton","floor":33,"turns":8},{"damage":4,"enemies":"Orb Walker","floor":35,"turns":3},{"damage":18,"enemies":"3 Shapes","floor":39,"turns":7},{"damage":20,"enemies":"Reptomancer","floor":40,"turns":6},{"damage":11,"enemies":"Giant Head","floor":42,"turns":8},{"damage":14,"enemies":"Nemesis","floor":44,"turns":7},{"damage":17,"enemies":"Jaw Worm Horde","floor":47,"turns":4},{"damage":0,"enemies":"Spire Growth","floor":48,"turns":4},{"damage":70,"enemies":"Time Eater","floor":50,"turns":12}],"seed_played":"2341547871720022340","potions_obtained":[{"floor":12,"key":"Swift Potion"},{"floor":13,"key":"Energy Potion"},{"floor":16,"key":"SkillPotion"},{"floor":18,"key":"Block Potion"},{"floor":28,"key":"SkillPotion"},{"floor":31,"key":"SneckoOil"},{"floor":39,"key":"Swift Potion"},{"floor":42,"key":"SneckoOil"},{"floor":44,"key":"EssenceOfSteel"}],"is_trial":false,"path_per_floor":["M","$","M","?","M","E","R","M","T","R","?","M","?","?","R","B",null,"M","$","?","?","M","E","R","$","T","M","E","R","M","E","R","B",null,"M","?","?","$","M","E","R","E","T","E","T","R","M","M","R","B"],"character_chosen":"DEFECT","items_purchased":["Fire Potion","Beam Cell","White Noise","Flash of Steel","Panache"],"campfire_rested":7,"item_purchase_floors":[2,2,19,25,38],"current_hp_per_floor":[63,63,59,38,34,14,35,30,30,66,66,60,44,44,44,38,63,61,61,61,61,41,27,63,63,63,45,30,66,68,48,71,49,66,64,64,64,64,48,30,65,56,56,44,44,44,29,31,66,0],"gold":209,"neow_bonus":"TRANSFORM_CARD","is_prod":false,"is_daily":false,"chose_seed":false,"campfire_upgraded":1,"win_rate":0,"timestamp":1551111350,"path_taken":["M","$","M","?","M","E","R","M","T","R","?","?","?","?","R","BOSS","M","$","?","?","M","E","R","?","T","M","E","R","M","E","R","BOSS","M","?","?","$","M","E","R","E","T","E","?","R","M","M","R","BOSS"],"build_version":"2019-02-06","purchased_purges":2,"victory":false,"max_hp_per_floor":[71,71,71,71,71,71,71,71,71,71,71,71,71,71,71,71,71,71,71,71,71,71,71,71,71,71,71,71,71,71,71,71,71,71,71,71,67,67,67,67,67,67,67,67,67,67,67,67,67,67],"card_choices":[{"not_picked":["Gash","Stack"],"picked":"Go for the Eyes","floor":1},{"not_picked":["Blizzard","Gash"],"picked":"Scrape","floor":3},{"not_picked":["Compile Driver","Beam Cell"],"picked":"Ball Lightning","floor":5},{"not_picked":["Leap","Streamline"],"picked":"Coolheaded","floor":6},{"not_picked":["Fusion","Go for the Eyes"],"picked":"Compile Driver","floor":8},{"not_picked":["Turbo","Rebound"],"picked":"Sweeping Beam","floor":12},{"not_picked":["Beam Cell","Thunder Strike"],"picked":"Coolheaded","floor":13},{"not_picked":["Hyperbeam","Amplify"],"picked":"Biased Cognition","floor":16},{"not_picked":["Blizzard","Fusion"],"picked":"Sweeping Beam","floor":18},{"not_picked":["Rebound","Conserve Battery+1"],"picked":"Capacitor","floor":22},{"not_picked":["Hello World","Force Field"],"picked":"Go for the Eyes","floor":23},{"not_picked":["Ball Lightning","Sweeping Beam"],"picked":"Beam Cell+1","floor":27},{"not_picked":["Go for the Eyes","Beam Cell"],"picked":"Chill","floor":28},{"not_picked":["Turbo","Sweeping Beam"],"picked":"Machine Learning","floor":30},{"not_picked":["White Noise","Leap"],"picked":"Genetic Algorithm","floor":31},{"not_picked":["Rainbow","Biased Cognition"],"picked":"All For One","floor":33},{"not_picked":["Turbo","Rebound+1"],"picked":"Blizzard","floor":35},{"not_picked":["Genetic Algorithm","Stack","Hyperbeam"],"picked":"SKIP","floor":39},{"not_picked":["Chaos","Redo","Sweeping Beam"],"picked":"SKIP","floor":40},{"not_picked":["Recycle","Conserve Battery"],"picked":"Blizzard+1","floor":42},{"not_picked":["Self Repair","Steam Power"],"picked":"Tempest+1","floor":44},{"not_picked":["Leap+1","Ball Lightning+1"],"picked":"Cold Snap+1","floor":47},{"not_picked":["Lockon+1","Ball Lightning+1","Compile Driver+1"],"picked":"SKIP","floor":48}],"player_experience":1255854,"relics_obtained":[{"floor":6,"key":"Bronze Scales"},{"floor":9,"key":"Regal Pillow"},{"floor":13,"key":"Odd Mushroom"},{"floor":23,"key":"DataDisk"},{"floor":26,"key":"Mercury Hourglass"},{"floor":28,"key":"Blood Vial"},{"floor":31,"key":"Ginger"},{"floor":40,"key":"Blue Candle"},{"floor":42,"key":"Bottled Flame"},{"floor":44,"key":"FossilizedHelix"},{"floor":45,"key":"Molten Egg 2"}],"event_choices":[{"damage_healed":0,"gold_gain":0,"player_choice":"Entered Light","damage_taken":21,"max_hp_gain":0,"max_hp_loss":0,"event_name":"Shining Light","floor":4,"gold_loss":0,"cards_upgraded":["Go for the Eyes","Strike_B"]},{"damage_healed":0,"gold_gain":0,"player_choice":"1 cards matched","damage_taken":0,"max_hp_gain":0,"max_hp_loss":0,"event_name":"Match and Keep!","floor":11,"gold_loss":0,"cards_obtained":["Biased Cognition"]},{"damage_healed":0,"gold_gain":0,"player_choice":"Fought Mushrooms","damage_taken":0,"max_hp_gain":0,"max_hp_loss":0,"event_name":"Mushrooms","floor":13,"gold_loss":0},{"cards_removed":["Strike_B"],"damage_healed":0,"gold_gain":0,"player_choice":"Purged","damage_taken":0,"max_hp_gain":0,"max_hp_loss":0,"event_name":"Purifier","floor":14,"gold_loss":0},{"damage_healed":0,"gold_gain":0,"player_choice":"Inject Mutagens","damage_taken":0,"relics_obtained":["MutagenicStrength"],"max_hp_gain":0,"max_hp_loss":0,"event_name":"Drug Dealer","floor":20,"gold_loss":0},{"damage_healed":0,"gold_gain":0,"player_choice":"Read","damage_taken":0,"max_hp_gain":0,"max_hp_loss":0,"event_name":"The Library","floor":21,"gold_loss":0,"cards_obtained":["Cold Snap"]},{"cards_removed":["Sweeping Beam"],"damage_healed":0,"gold_gain":0,"player_choice":"Removed Attack","damage_taken":0,"max_hp_gain":0,"max_hp_loss":0,"event_name":"Falling","floor":36,"gold_loss":0},{"damage_healed":0,"gold_gain":0,"player_choice":"Max HP","damage_taken":0,"max_hp_gain":0,"max_hp_loss":4,"event_name":"Winding Halls","floor":37,"gold_loss":0}],"is_beta":true,"boss_relics":[{"not_picked":["Tiny House","Snecko Eye"],"picked":"Fusion Hammer"},{"not_picked":["Pandora\u0027s Box","Empty Cage"],"picked":"FrozenCore"}],"items_purged_floors":[19,38],"is_endless":false,"potions_floor_spawned":[12,13,16,18,28,31,39,42,44],"killed_by":"Time Eater","ascension_level":20}