{"gold_per_floor":[114,126,28,46,46,81,81,109,109,119,119,119,134,34,34,138,138,149,149,149,24,24,55,55,75,75,75,75,85,85,101,101,203,203,215,215,215,0,15,15,15,33,33,52,63,79,79,89,89,89],"floor_reached":50,"playtime":3083,"items_purged":["Defend_R","Defend_R","Shame"],"score":472,"play_id":"49760e04-6ced-42cb-958d-753f2d93b685","local_time":"20190304223758","is_ascension_mode":false,"campfire_choices":[{"floor":7,"key":"RECALL"},{"floor":12,"key":"REST"},{"floor":15,"key":"REST"},{"floor":24,"key":"REST"},{"floor":27,"key":"REST"},{"floor":30,"key":"REST"},{"floor":32,"key":"REST"},{"floor":41,"key":"REST"},{"floor":49,"key":"REST"}],"neow_cost":"NONE","seed_source_timestamp":6015759407309,"circlet_count":0,"master_deck":["Strike_R+1","Strike_R+1","Strike_R+1","Strike_R+1","Strike_R+1","Bash","Pommel Strike","Bloodletting","Perfected Strike","Iron Wave","Headbutt","Twin Strike","Pommel Strike","Clash","Demon Form","Whirlwind","Perfected Strike","Uppercut","Twin Strike+1","Flex","Thunderclap","Reaper","Sword Boomerang","Purity","Bandage Up","Secret Technique","Bloodletting+1","Thunderclap+1","Iron Wave","Reaper","Sword Boomerang+1"],"relics":["Runic Cube","Sundial","Pear","Fusion Hammer","Orichalcum","Happy Flower","Oddly Smooth Stone","Snecko Eye","Mercury Hourglass","Red Mask","Mummified Hand"],"potions_floor_usage":[8,23,33,33,44,46,50],"damage_taken":[{"damage":5,"enemies":"Jaw Worm","floor":1,"turns":6},{"damage":0,"enemies":"Small Slimes","floor":2,"turns":3},{"damage":8,"enemies":"2 Louse","floor":4,"turns":2},{"damage":36,"enemies":"Lagavulin","floor":6,"turns":5},{"damage":8,"enemies":"3 Sentries","floor":8,"turns":7},{"damage":0,"enemies":"Large Slime","floor":10,"turns":4},{"damage":13,"enemies":"Looter","floor":13,"turns":2},{"damage":63,"enemies":"Hexaghost","floor":16,"turns":7},{"damage":8,"enemies":"Chosen","floor":18,"turns":2},{"damage":24,"enemies":"Slavers","floor":23,"turns":3},{"damage":4,"enemies":"2 Thieves","floor":25,"turns":2},{"damage":12,"enemies":"Snecko","floor":29,"turns":3},{"damage":7,"enemies":"Sentry and Sphere","floor":31,"turns":3},{"damage":50,"enemies":"Champ","floor":33,"turns":7},{"damage":37,"enemies":"3 Darklings","floor":35,"turns":4},{"damage":24,"enemies":"3 Shapes","floor":39,"turns":3},{"damage":27,"enemies":"Maw","floor":42,"turns":5},{"damage":35,"enemies":"Spire Growth","floor":44,"turns":4},{"damage":25,"enemies":"4 Shapes","floor":45,"turns":2},{"damage":12,"enemies":"Jaw Worm Horde","floor":46,"turns":3},{"damage":40,"enemies":"Spire Growth","floor":48,"turns":4},{"damage":89,"enemies":"Donu and Deca","floor":50,"turns":4}],"seed_played":"5704091642830253926","potions_obtained":[{"floor":2,"key":"SkillPotion"},{"floor":4,"key":"Dexterity Potion"},{"floor":16,"key":"Fire Potion"},{"floor":18,"key":"FairyPotion"},{"floor":25,"key":"SpeedPotion"},{"floor":42,"key":"Ancient Potion"},{"floor":45,"key":"PowerPotion"},{"floor":48,"key":"GamblersBrew"}],"is_trial":false,"path_per_floor":["M","M","$","M","?","E","R","E","T","M","?","R","M","$","R","B",null,"M","?","?","$","?","E","R","M","T","R","?","M","R","M","R","B",null,"M","?","T","?","M","$","R","M","T","M","M","M","?","M","R","B"],"character_chosen":"IRONCLAD","items_purchased":["Perfected Strike"],"campfire_rested":8,"item_purchase_floors":[3],"current_hp_per_floor":[75,75,75,67,67,31,31,33,33,33,26,53,40,40,67,4,90,82,82,82,82,82,58,85,81,81,90,90,78,90,83,90,40,90,73,63,63,63,55,55,82,74,74,43,18,28,33,15,42,0],"gold":89,"neow_bonus":"BOSS_RELIC","is_prod":false,"is_daily":false,"chose_seed":false,"campfire_upgraded":0,"win_rate":0,"timestamp":1551706678,"path_taken":["M","M","$","M","?","E","R","E","T","M","?","R","M","?","R","BOSS","M","?","?","$","?","E","R","M","T","R","?","M","R","M","R","BOSS","M","?","?","?","?","$","R","M","T","M","M","M","?","?","R","BOSS"],"build_version":"2019-01-23","purchased_purges":3,"victory":false,"max_hp_per_floor":[80,80,80,80,80,80,80,90,90,90,90,90,90,90,90,90,90,90,90,90,90,90,90,90,90,90,90,90,90,90,90,90,90,90,90,90,90,90,90,90,90,90,90,90,90,90,90,90,90,90],"card_choices":[{"not_picked":["Havoc","Power Through"],"picked":"Pommel Strike","floor":1},{"not_picked":["Iron Wave","Headbutt"],"picked":"Bloodletting","floor":2},{"not_picked":["Cleave","Havoc"],"picked":"Iron Wave","floor":4},{"not_picked":["Body Slam","Dual Wield"],"picked":"Headbutt","floor":6},{"not_picked":["Body Slam","Clothesline"],"picked":"Twin Strike","floor":8},{"not_picked":["Clothesline","Sentinel"],"picked":"Pommel Strike","floor":10},{"not_picked":["Havoc","Demon Form"],"picked":"Clash","floor":13},{"not_picked":["Juggernaut","Berserk"],"picked":"Demon Form","floor":16},{"not_picked":["Anger","Pummel+1"],"picked":"Whirlwind","floor":18},{"not_picked":["Shrug It Off","Inflame"],"picked":"Uppercut","floor":23},{"not_picked":["Disarm+1","Heavy Blade"],"picked":"Twin Strike+1","floor":25},{"not_picked":["Blood for Blood","Armaments+1"],"picked":"Flex","floor":29},{"not_picked":["Wild Strike","Clash"],"picked":"Thunderclap","floor":31},{"not_picked":["Dark Embrace","Fiend Fire"],"picked":"Reaper","floor":33},{"not_picked":["Fire Breathing","Searing Blow"],"picked":"Sword Boomerang","floor":35},{"not_picked":["Bandage Up","Metamorphosis"],"picked":"Purity","floor":36},{"not_picked":["Panacea","Swift Strike"],"picked":"Bandage Up","floor":36},{"not_picked":["Enlightenment","Purity"],"picked":"Secret Technique","floor":36},{"not_picked":["Twin Strike+1","Pommel Strike"],"picked":"Bloodletting+1","floor":39},{"not_picked":["Shockwave+1","Warcry"],"picked":"Clash","floor":42},{"not_picked":["Hemokinesis","Body Slam+1"],"picked":"Thunderclap+1","floor":44},{"not_picked":["Havoc+1","Corruption+1"],"picked":"Iron Wave","floor":45},{"not_picked":["Hemokinesis","Dropkick+1"],"picked":"Reaper","floor":46},{"not_picked":["Armaments","Dual Wield+1"],"picked":"Sword Boomerang+1","floor":48}],"player_experience":62776,"relics_obtained":[{"floor":6,"key":"Sundial"},{"floor":8,"key":"Pear"},{"floor":23,"key":"Happy Flower"},{"floor":26,"key":"Oddly Smooth Stone"},{"floor":37,"key":"Mercury Hourglass"},{"floor":43,"key":"Mummified Hand"}],"event_choices":[{"cards_removed":["Defend_R"],"damage_healed":0,"gold_gain":0,"player_choice":"Forget","damage_taken":0,"max_hp_gain":0,"max_hp_loss":0,"event_name":"Living Wall","floor":5,"gold_loss":0},{"cards_removed":["Defend_R"],"damage_healed":0,"gold_gain":0,"player_choice":"Card Removal","damage_taken":7,"max_hp_gain":0,"max_hp_loss":0,"event_name":"Golden Wing","floor":11,"gold_loss":0},{"damage_healed":0,"gold_gain":0,"player_choice":"Stole Relic","damage_taken":0,"relics_obtained":["Orichalcum"],"max_hp_gain":0,"max_hp_loss":0,"event_name":"Addict","floor":19,"gold_loss":0,"cards_obtained":["Shame"]},{"damage_healed":0,"gold_gain":0,"player_choice":"Read","damage_taken":0,"max_hp_gain":0,"max_hp_loss":0,"event_name":"The Library","floor":20,"gold_loss":0,"cards_obtained":["Perfected Strike"]},{"damage_healed":0,"gold_gain":0,"player_choice":"Simplicity","damage_taken":0,"max_hp_gain":0,"max_hp_loss":0,"event_name":"Back to Basics","floor":22,"gold_loss":0,"cards_upgraded":["Strike_R","Strike_R","Strike_R","Strike_R","Strike_R"]},{"damage_healed":0,"gold_gain":0,"player_choice":"Ignored","damage_taken":0,"max_hp_gain":0,"max_hp_loss":0,"event_name":"Vampires","floor":28,"gold_loss":0},{"damage_healed":0,"gold_gain":0,"player_choice":"Memory 3","damage_taken":10,"max_hp_gain":0,"max_hp_loss":0,"event_name":"SensoryStone","floor":36,"gold_loss":0},{"damage_healed":0,"gold_gain":0,"player_choice":"Paid","damage_taken":0,"relics_obtained":["Red Mask"],"max_hp_gain":0,"max_hp_loss":0,"event_name":"Tomb of Lord Red Mask","floor":38,"gold_loss":215},{"cards_removed":["Clash"],"damage_healed":5,"gold_gain":0,"player_choice":"Offered Common","damage_taken":0,"max_hp_gain":0,"max_hp_loss":0,"event_name":"Bonfire Elementals","floor":47,"gold_loss":0},{"cards_removed":["Clash"],"damage_healed":5,"gold_gain":0,"player_choice":"Offered Special","damage_taken":0,"max_hp_gain":0,"max_hp_loss":0,"event_name":"Bonfire Elementals","floor":47,"gold_loss":0}],"is_beta":false,"boss_relics":[{"not_picked":["Mark of Pain","Sozu"],"picked":"Fusion Hammer"},{"not_picked":["Busted Crown","Cursed Key"],"picked":"Snecko Eye"}],"items_purged_floors":[3,14,21],"is_endless":false,"potions_floor_spawned":[2,4,16,18,25,42,45,48],"killed_by":"Donu and Deca","ascension_level":0}