{"gold_per_floor":[115,131,131,150,161,161,196,126,151,151,151],"floor_reached":11,"playtime":660,"items_purged":[],"score":73,"play_id":"8c180257-6fd7-4273-821e-7453d4782cdb","local_time":"20190107183231","is_ascension_mode":false,"campfire_choices":[{"data":"Chill","floor":6,"key":"SMITH"}],"neow_cost":"NONE","seed_source_timestamp":1533913097575862,"circlet_count":0,"master_deck":["Strike_B","Strike_B","Strike_B","Defend_B","Defend_B","Defend_B+1","Defend_B","Zap","Dualcast+1","Storm","Conserve Battery+1","Coolheaded","Chill+1","Hello World","Melter","Loop"],"relics":["Cracked Core","Omamori","War Paint"],"potions_floor_usage":[],"damage_taken":[{"damage":1,"enemies":"Cultist","floor":1,"turns":4},{"damage":1,"enemies":"Small Slimes","floor":2,"turns":3},{"damage":0,"enemies":"Jaw Worm","floor":4,"turns":4},{"damage":2,"enemies":"Large Slime","floor":5,"turns":10},{"damage":65,"enemies":"Gremlin Nob","floor":7,"turns":6},{"damage":8,"enemies":"Lagavulin","floor":11,"turns":2}],"seed_played":"3359227427994013148","potions_obtained":[{"floor":2,"key":"Ancient Potion"},{"floor":4,"key":"Regen Potion"}],"is_trial":false,"path_per_floor":["M","M","?","M","M","R","E","$","T","?","E"],"character_chosen":"DEFECT","items_purchased":["Loop"],"campfire_rested":0,"item_purchase_floors":[8],"current_hp_per_floor":[74,73,73,73,71,71,6,6,6,6,0],"gold":151,"neow_bonus":"TRANSFORM_CARD","is_prod":false,"is_daily":false,"chose_seed":false,"campfire_upgraded":1,"win_rate":0.0,"timestamp":1546903951,"path_taken":["M","?","?","M","M","R","E","$","T","?","E"],"build_version":"2019-01-03v4","purchased_purges":0,"victory":false,"max_hp_per_floor":[75,75,75,75,75,75,75,75,75,75,75],"card_choices":[{"not_picked":["Cold Snap","Streamline"],"picked":"Conserve Battery","floor":1},{"not_picked":["Beam Cell","Compile Driver"],"picked":"Coolheaded","floor":2},{"not_picked":["Hologram","Go for the Eyes"],"picked":"Chill","floor":4},{"not_picked":["Tempest","Hologram"],"picked":"Hello World","floor":5},{"not_picked":["Go for the Eyes","Steam"],"picked":"Melter","floor":7}],"player_experience":42595,"relics_obtained":[{"floor":7,"key":"Omamori"},{"floor":9,"key":"War Paint"}],"event_choices":[{"damage_healed":0,"gold_gain":0,"player_choice":"Leave","damage_taken":0,"max_hp_gain":0,"max_hp_loss":0,"event_name":"The Cleric","floor":3,"gold_loss":0},{"damage_healed":0,"gold_gain":0,"player_choice":"Upgraded","damage_taken":0,"max_hp_gain":0,"max_hp_loss":0,"event_name":"Upgrade Shrine","floor":10,"gold_loss":0,"cards_upgraded":["Dualcast"]}],"is_beta":false,"boss_relics":[],"items_purged_floors":[],"is_endless":false,"potions_floor_spawned":[2,4],"killed_by":"Lagavulin","ascension_level":0}