{"path_per_floor":["M","M","$","?","M","$","R","M","T","E","R","M","M","M","R","B",null,"M","M","?","M","M","R","E","?","T","$","R","?","E","$","R","B",null,"M","M","M","M","?","E","R","E","T","?","M","M","?","M","R","B"],"character_chosen":"IRONCLAD","items_purchased":["Bandage Up","Toxic Egg 2","Weak Potion"],"gold_per_floor":[117,128,53,53,64,64,64,74,154,189,189,200,220,240,240,341,341,351,369,369,387,406,406,436,361,361,27,27,27,62,14,14,110,110,130,143,162,181,181,207,207,235,235,235,245,263,263,282,282,282],"floor_reached":51,"campfire_rested":3,"playtime":4277,"current_hp_per_floor":[79,79,79,79,79,79,79,79,79,79,79,77,76,67,67,58,80,74,67,51,51,51,51,29,29,29,29,53,53,36,36,60,54,80,68,70,71,68,68,41,51,58,58,58,59,41,41,45,79,40],"items_purged":["Strike_R"],"gold":282,"score":701,"play_id":"06e33ba1-e754-4518-8a60-344a273e1dbf","local_time":"20180407012748","is_prod":false,"is_daily":false,"is_ascension_mode":false,"campfire_upgraded":5,"timestamp":1523057268,"path_taken":["M","M","$","?","M","$","R","M","T","E","R","M","M","?","R","BOSS","M","M","?","M","M","R","E","?","T","$","R","?","E","$","R","BOSS","M","M","M","M","?","E","R","E","T","?","M","M","?","M","R","BOSS"],"build_version":"2018-04-05v2","purchased_purges":1,"victory":true,"master_deck":["Strike_R","Strike_R","Strike_R","Defend_R+1","Defend_R","Bash","Flame Barrier+1","Headbutt","Pommel Strike+1","Combust","Iron Wave","Metallicize","Berserk","Inflame+1","Demon Form+1","Uppercut","Necronomicurse","Dropkick","Uppercut","Thunderclap+1","Bandage Up+1","Reaper","Inflame","Clothesline+1","Heavy Blade+1","Pummel","Reaper","Dramatic Entrance","Pommel Strike"],"max_hp_per_floor":[80,80,80,80,80,80,80,80,80,80,80,80,80,80,80,80,80,80,80,80,80,80,80,80,80,80,80,80,80,80,80,80,80,80,80,80,80,80,80,80,80,80,80,80,80,80,80,80,80,80],"relics":["Snecko Eye","Mummified Hand","Matryoshka","Black Star","Necronomicon","Pen Nib","Blood Vial","Juzu Bracelet","Peace Pipe","Toxic Egg 2","Meat on the Bone","Mercury Hourglass","Eternal Feather","Letter Opener","Question Card","Bottled Tornado","Toolbox","War Paint","Ice Cream"],"card_choices":[{"not_picked":["Perfected Strike","Spot Weakness"],"picked":"Flame Barrier","floor":1},{"not_picked":["Warcry","Double Tap"],"picked":"Headbutt","floor":2},{"not_picked":["Twin Strike","Headbutt"],"picked":"Pommel Strike","floor":5},{"not_picked":["Warcry","Anger"],"picked":"Combust","floor":8},{"not_picked":["Cleave","Twin Strike"],"picked":"Iron Wave","floor":10},{"not_picked":["Body Slam","Sword Boomerang"],"picked":"Metallicize","floor":12},{"not_picked":["Heavy Blade","Sever Soul"],"picked":"Berserk","floor":13},{"not_picked":["Clothesline","Dual Wield"],"picked":"Inflame","floor":14},{"not_picked":["Bludgeon","Fiend Fire"],"picked":"Demon Form","floor":16},{"not_picked":["Clash","Anger"],"picked":"Uppercut","floor":18},{"not_picked":["Twin Strike","Shrug It Off"],"picked":"Dropkick","floor":21},{"not_picked":["Anger","Wild Strike"],"picked":"Uppercut","floor":22},{"not_picked":["Sword Boomerang","Perfected Strike"],"picked":"Thunderclap","floor":24},{"not_picked":["Offering","Immolate"],"picked":"Reaper","floor":33},{"not_picked":["Dual Wield","Heavy Blade"],"picked":"Inflame","floor":35},{"not_picked":["Cleave","Infernal Blade"],"picked":"Clothesline","floor":36},{"not_picked":["True Grit","Dark Embrace"],"picked":"Heavy Blade","floor":38},{"not_picked":["Infernal Blade","Double Tap"],"picked":"Pummel","floor":40},{"not_picked":["Anger","Intimidate","Feel No Pain"],"picked":"Reaper","floor":42},{"not_picked":["Flash of Steel","Secret Weapon","Enlightenment"],"picked":"Dramatic Entrance","floor":47},{"not_picked":["True Grit","Perfected Strike","Warcry"],"picked":"Pommel Strike","floor":48}],"player_experience":36624,"potions_floor_usage":[10,18,24,24,24,42,42,50,50],"damage_taken":[{"damage":1,"enemies":"Jaw Worm","floor":1,"turns":3},{"damage":0,"enemies":"Cultist","floor":2,"turns":3},{"damage":0,"enemies":"Small Slimes","floor":5,"turns":2},{"damage":0,"enemies":"Red Slaver","floor":8,"turns":3},{"damage":11,"enemies":"3 Sentries","floor":10,"turns":6},{"damage":2,"enemies":"Exordium Wildlife","floor":12,"turns":3},{"damage":1,"enemies":"2 Fungi Beasts","floor":13,"turns":2},{"damage":9,"enemies":"Exordium Thugs","floor":14,"turns":4},{"damage":9,"enemies":"The Guardian","floor":16,"turns":6},{"damage":6,"enemies":"Chosen","floor":18,"turns":4},{"damage":7,"enemies":"Spheric Guardian","floor":19,"turns":4},{"damage":0,"enemies":"Snecko","floor":21,"turns":3},{"damage":0,"enemies":"Snake Plant","floor":22,"turns":2},{"damage":22,"enemies":"Slavers","floor":24,"turns":4},{"damage":23,"enemies":"Gremlin Leader","floor":30,"turns":4},{"damage":12,"enemies":"Champ","floor":33,"turns":6},{"damage":12,"enemies":"Orb Walker","floor":35,"turns":3},{"damage":16,"enemies":"3 Darklings","floor":36,"turns":4},{"damage":1,"enemies":"4 Shapes","floor":37,"turns":3},{"damage":15,"enemies":"Maw","floor":38,"turns":6},{"damage":45,"enemies":"Nemesis","floor":40,"turns":5},{"damage":29,"enemies":"2 Orb Walkers","floor":42,"turns":4},{"damage":15,"enemies":"Sphere and 2 Shapes","floor":45,"turns":3},{"damage":32,"enemies":"4 Shapes","floor":46,"turns":2},{"damage":14,"enemies":"3 Darklings","floor":48,"turns":4},{"damage":95,"enemies":"Donu and Deca","floor":50,"turns":7}],"event_choices":[{"event_name":"The Lab","player_choice":"Got Potions","floor":4,"damage_taken":0},{"event_name":"Cursed Tome","player_choice":"Obtained Book","floor":20,"damage_taken":0},{"event_name":"Beggar","player_choice":"Gave Gold","floor":25,"damage_taken":0},{"event_name":"Purifier","player_choice":"One Purge","floor":29,"damage_taken":0},{"event_name":"The Woman in Blue","player_choice":"Bought 0 Potions","floor":39,"damage_taken":0},{"event_name":"SensoryStone","player_choice":"Memory 1","floor":47,"damage_taken":0}],"boss_relics":[{"not_picked":["Mark of Pain","Runic Pyramid"],"picked":"Black Star"},{"not_picked":["Calling Bell","White Beast Statue"],"picked":"Eternal Feather"}],"potions_floor_spawned":[2,8,10,14,21,22,30,37,42,45,48],"seed_played":"6533082729210143278","ascension_level":0,"is_trial":false}