{"gold_per_floor":[113,42,42,2,13,38,38,53,53,65,78,113,113,113],"floor_reached":14,"playtime":543,"items_purged":[],"score":163,"play_id":"cdd8ea4c-d404-460d-9493-330da74d9f55","local_time":"20190127004935","is_ascension_mode":true,"campfire_choices":[{"data":"True Grit","floor":13,"key":"SMITH"}],"neow_cost":"NONE","seed_source_timestamp":1412958340430600,"circlet_count":0,"master_deck":["Strike_R","Strike_R","Strike_R","Strike_R","Strike_R","Defend_R","Defend_R","Defend_R","Defend_R","Bash","Combust","Feel No Pain","Bash","Double Tap","Forethought+1","Dropkick","Headbutt","Feel No Pain","Reaper","True Grit+1"],"relics":["Burning Blood","NeowsBlessing","Turnip","StoneCalendar","Boot"],"potions_floor_usage":[10,11,11],"damage_taken":[{"damage":0,"enemies":"Jaw Worm","floor":1,"turns":1},{"damage":0,"enemies":"Cultist","floor":5,"turns":1},{"damage":0,"enemies":"Gremlin Nob","floor":6,"turns":1},{"damage":9,"enemies":"2 Louse","floor":8,"turns":2},{"damage":33,"enemies":"Exordium Thugs","floor":10,"turns":4},{"damage":35,"enemies":"Large Slime","floor":11,"turns":5},{"damage":39,"enemies":"3 Sentries","floor":12,"turns":7},{"damage":35,"enemies":"Lagavulin","floor":14,"turns":7}],"seed_played":"-9170081243149216924","potions_obtained":[{"floor":5,"key":"Ancient Potion"},{"floor":6,"key":"Regen Potion"},{"floor":8,"key":"SpeedPotion"},{"floor":10,"key":"AttackPotion"}],"is_trial":false,"path_per_floor":["M","$","?","$","M","E","?","M","T","M","M","E","R","E"],"character_chosen":"IRONCLAD","items_purchased":["Feel No Pain","Dropkick"],"campfire_rested":0,"item_purchase_floors":[2,4],"current_hp_per_floor":[78,78,78,78,80,80,80,77,77,50,43,22,22,0],"gold":113,"neow_bonus":"THREE_ENEMY_KILL","is_prod":false,"is_daily":false,"chose_seed":false,"campfire_upgraded":1,"win_rate":0,"timestamp":1548578975,"path_taken":["M","$","?","$","?","E","?","M","T","M","M","E","R","E"],"build_version":"2019-01-23","purchased_purges":0,"victory":false,"max_hp_per_floor":[80,80,80,80,80,80,80,80,80,80,80,80,80,80],"card_choices":[{"not_picked":["Perfected Strike","Body Slam"],"picked":"Combust","floor":1},{"not_picked":["Disarm","Evolve"],"picked":"Headbutt","floor":5},{"not_picked":["Shrug It Off","Rage"],"picked":"Feel No Pain","floor":6},{"not_picked":["Clash","Cleave","Bloodletting"],"picked":"SKIP","floor":8},{"not_picked":["Bloodletting","Infernal Blade"],"picked":"Reaper","floor":10},{"not_picked":["Anger","Cleave","Flex"],"picked":"SKIP","floor":11},{"not_picked":["Shockwave","Second Wind"],"picked":"True Grit","floor":12}],"player_experience":587986,"relics_obtained":[{"floor":6,"key":"Turnip"},{"floor":9,"key":"StoneCalendar"},{"floor":12,"key":"Boot"}],"event_choices":[{"damage_healed":0,"gold_gain":0,"player_choice":"3 cards matched","damage_taken":0,"max_hp_gain":0,"max_hp_loss":0,"event_name":"Match and Keep!","floor":3,"gold_loss":0,"cards_obtained":["Bash","Double Tap","Forethought"]},{"damage_healed":0,"gold_gain":0,"player_choice":"Grow","damage_taken":0,"max_hp_gain":0,"max_hp_loss":0,"event_name":"Living Wall","floor":7,"gold_loss":0,"cards_upgraded":["Forethought"]}],"is_beta":false,"boss_relics":[],"items_purged_floors":[],"is_endless":false,"potions_floor_spawned":[5,6,8,10],"killed_by":"Lagavulin","ascension_level":6}