{"gold_per_floor":[110,122,122,141,158,190,190,205,205,205,216,230,248,279,279,379,379,391,176,189,89,108,108,125,125,205,205,216,249,268,299,299,394,394,409,79,179,191,202,229,241,45,71,71,71,71,84,104,104,104,104,104,23,55,55],"floor_reached":56,"playtime":1826,"items_purged":["Strike_R","Strike_R","Twin Strike"],"score":1260,"play_id":"ce9f0924-b31d-4d53-b90b-d7960e91dcff","local_time":"20190122015341","is_ascension_mode":false,"campfire_choices":[{"data":"Limit Break","floor":7,"key":"SMITH"},{"data":"True Grit","floor":10,"key":"SMITH"},{"data":"Armaments","floor":15,"key":"SMITH"},{"floor":23,"key":"REST"},{"data":"Flex","floor":27,"key":"SMITH"},{"data":"Double Tap","floor":32,"key":"SMITH"},{"floor":49,"key":"RECALL"},{"data":"1","floor":52,"key":"LIFT"}],"neow_cost":"PERCENT_DAMAGE","seed_source_timestamp":91013575505163,"circlet_count":0,"master_deck":["Defend_R","Armaments+1","Flex+1","Spot Weakness","Limit Break+1","True Grit+1","Sword Boomerang","Limit Break","Thunderclap+1","Reaper","Whirlwind+1","Battle Trance+1","Double Tap+1","Wild Strike+1","Burning Pact+1","Wild Strike+1","Disarm+1","Evolve"],"relics":["Burning Blood","Regal Pillow","Bronze Scales","Sozu","MutagenicStrength","Self Forming Clay","Meat on the Bone","Juzu Bracelet","Astrolabe","Chemical X","Girya","Paper Frog","ClockworkSouvenir","FossilizedHelix"],"potions_floor_usage":[14,16,16,40,55],"damage_taken":[{"damage":5,"enemies":"Jaw Worm","floor":1,"turns":4},{"damage":1,"enemies":"Cultist","floor":2,"turns":3},{"damage":0,"enemies":"2 Louse","floor":4,"turns":3},{"damage":1,"enemies":"2 Fungi Beasts","floor":5,"turns":4},{"damage":30,"enemies":"3 Sentries","floor":6,"turns":9},{"damage":14,"enemies":"3 Louse","floor":8,"turns":4},{"damage":6,"enemies":"Large Slime","floor":11,"turns":9},{"damage":5,"enemies":"Blue Slaver","floor":12,"turns":3},{"damage":0,"enemies":"Looter","floor":13,"turns":3},{"damage":14,"enemies":"Gremlin Nob","floor":14,"turns":3},{"damage":19,"enemies":"Hexaghost","floor":16,"turns":7},{"damage":37,"enemies":"Chosen","floor":18,"turns":6},{"damage":5,"enemies":"3 Byrds","floor":20,"turns":2},{"damage":28,"enemies":"Shelled Parasite and Fungi","floor":22,"turns":5},{"damage":21,"enemies":"Snake Plant","floor":24,"turns":2},{"damage":17,"enemies":"Sentry and Sphere","floor":28,"turns":3},{"damage":23,"enemies":"Book of Stabbing","floor":29,"turns":4},{"damage":0,"enemies":"3 Cultists","floor":30,"turns":2},{"damage":7,"enemies":"Slavers","floor":31,"turns":1},{"damage":29,"enemies":"Automaton","floor":33,"turns":6},{"damage":5,"enemies":"3 Darklings","floor":35,"turns":3},{"damage":46,"enemies":"Mind Bloom Boss Battle","floor":37,"turns":7},{"damage":0,"enemies":"Orb Walker","floor":38,"turns":1},{"damage":3,"enemies":"Spire Growth","floor":39,"turns":3},{"damage":0,"enemies":"Reptomancer","floor":40,"turns":3},{"damage":20,"enemies":"Writhing Mass","floor":41,"turns":3},{"damage":4,"enemies":"Jaw Worm Horde","floor":47,"turns":2},{"damage":15,"enemies":"Sphere and 2 Shapes","floor":48,"turns":3},{"damage":37,"enemies":"Time Eater","floor":50,"turns":4},{"damage":61,"enemies":"Shield and Spear","floor":54,"turns":4},{"damage":103,"enemies":"The Heart","floor":55,"turns":9}],"seed_played":"6375159135837817776","potions_obtained":[{"floor":6,"key":"BloodPotion"},{"floor":8,"key":"Fire Potion"},{"floor":12,"key":"BloodPotion"},{"floor":14,"key":"Poison Potion"},{"floor":16,"key":"Poison Potion"}],"is_trial":false,"path_per_floor":["M","M","?","M","M","E","R","M","T","R","M","M","M","E","R","B",null,"M","$","M","$","M","R","M","?","T","R","M","E","M","E","R","B",null,"M","$","?","M","M","E","M","$","T","?","?","?","M","M","R","B",null,"R","$","E","B",null],"character_chosen":"IRONCLAD","items_purchased":["Reaper","Chemical X","ClockworkSouvenir","Evolve"],"campfire_rested":1,"item_purchase_floors":[19,36,42,53],"current_hp_per_floor":[57,62,62,68,73,49,49,41,41,41,41,42,48,40,40,35,80,49,49,50,50,28,67,65,65,65,65,64,67,73,72,72,80,80,80,80,80,80,80,80,80,80,80,80,80,76,76,76,76,45,76,76,76,60,43],"gold":55,"neow_bonus":"REMOVE_TWO","is_prod":false,"is_daily":false,"chose_seed":false,"campfire_upgraded":5,"win_rate":0,"timestamp":1548089621,"path_taken":["M","M","?","M","?","E","R","M","T","R","M","M","M","E","R","BOSS","M","$","M","$","M","R","M","?","T","R","M","E","M","E","R","BOSS","M","$","?","M","M","E","M","$","T","?","?","?","M","M","R","BOSS","R","$","E","BOSS"],"build_version":"2019-01-17v2","purchased_purges":3,"victory":true,"max_hp_per_floor":[80,80,80,80,80,80,80,80,80,80,80,80,80,80,80,80,80,80,80,80,80,80,80,80,80,80,80,80,80,80,80,80,80,80,80,80,80,80,80,80,80,80,80,80,80,76,76,76,76,76,76,76,76,76,76],"card_choices":[{"not_picked":["Warcry","Pommel Strike"],"picked":"Twin Strike","floor":1},{"not_picked":["Perfected Strike","Shrug It Off"],"picked":"Armaments","floor":2},{"not_picked":["Perfected Strike","Iron Wave"],"picked":"Flex","floor":4},{"not_picked":["Flex","Combust"],"picked":"Spot Weakness","floor":5},{"not_picked":["Pommel Strike","Warcry"],"picked":"Limit Break","floor":6},{"not_picked":["Bloodletting","Havoc"],"picked":"True Grit","floor":8},{"not_picked":["Shrug It Off","True Grit"],"picked":"Sword Boomerang","floor":11},{"not_picked":["Perfected Strike","Body Slam","Flex"],"picked":"SKIP","floor":12},{"not_picked":["Demon Form","Heavy Blade","Body Slam"],"picked":"SKIP","floor":13},{"not_picked":["Reckless Charge","Second Wind","Pummel"],"picked":"SKIP","floor":14},{"not_picked":["Immolate","Brutality"],"picked":"Limit Break","floor":16},{"not_picked":["Twin Strike+1","Flex","Thunderclap+1"],"picked":"SKIP","floor":18},{"not_picked":["Twin Strike+1","Flex"],"picked":"Thunderclap+1","floor":18},{"not_picked":["Anger","Clash","Warcry"],"picked":"SKIP","floor":20},{"not_picked":["True Grit","Second Wind+1"],"picked":"Whirlwind+1","floor":22},{"not_picked":["Dual Wield","Whirlwind","Clash+1"],"picked":"SKIP","floor":24},{"not_picked":["Entrench+1","Body Slam"],"picked":"Battle Trance+1","floor":28},{"not_picked":["Corruption","Shrug It Off+1"],"picked":"Double Tap","floor":29},{"not_picked":["True Grit","Pommel Strike","Armaments+1"],"picked":"SKIP","floor":30},{"not_picked":["Cleave","Searing Blow","Pommel Strike"],"picked":"SKIP","floor":31},{"not_picked":["Burning Pact+1","Flame Barrier+1","Uppercut+1"],"picked":"SKIP","floor":35},{"not_picked":["Twin Strike+1","Flex+1","Reckless Charge+1"],"picked":"SKIP","floor":38},{"not_picked":["Iron Wave","Seeing Red+1"],"picked":"Disarm+1","floor":39},{"not_picked":["Thunderclap+1","Hemokinesis+1","Havoc+1"],"picked":"SKIP","floor":40},{"not_picked":["Clothesline+1","Havoc","Pommel Strike"],"picked":"SKIP","floor":41},{"not_picked":["Sever Soul","Flex","Sword Boomerang"],"picked":"SKIP","floor":47},{"not_picked":["Sword Boomerang+1","Clothesline","Sever Soul+1"],"picked":"SKIP","floor":48},{"not_picked":["Evolve","True Grit+1","Iron Wave+1"],"picked":"SKIP","floor":54}],"player_experience":788093,"relics_obtained":[{"floor":9,"key":"Regal Pillow"},{"floor":14,"key":"Bronze Scales"},{"floor":26,"key":"Self Forming Clay"},{"floor":29,"key":"Meat on the Bone"},{"floor":31,"key":"Juzu Bracelet"},{"floor":37,"key":"Girya"},{"floor":40,"key":"Paper Frog"},{"floor":54,"key":"FossilizedHelix"}],"event_choices":[{"cards_removed":["Strike_R"],"damage_healed":0,"gold_gain":0,"player_choice":"Card Removal","damage_taken":0,"max_hp_gain":0,"max_hp_loss":0,"event_name":"Wheel of Change","floor":3,"gold_loss":0},{"damage_healed":0,"gold_gain":0,"player_choice":"Inject Mutagens","damage_taken":0,"relics_obtained":["MutagenicStrength"],"max_hp_gain":0,"max_hp_loss":0,"event_name":"Drug Dealer","floor":25,"gold_loss":0},{"damage_healed":0,"gold_gain":0,"player_choice":"Fight","damage_taken":0,"max_hp_gain":0,"max_hp_loss":0,"event_name":"MindBloom","floor":37,"gold_loss":0},{"cards_removed":["Bash"],"damage_healed":0,"gold_gain":0,"player_choice":"Removed Attack","damage_taken":0,"max_hp_gain":0,"max_hp_loss":0,"event_name":"Falling","floor":44,"gold_loss":0},{"damage_healed":0,"gold_gain":0,"player_choice":"Memory 1","damage_taken":0,"max_hp_gain":0,"max_hp_loss":0,"event_name":"SensoryStone","floor":45,"gold_loss":0},{"damage_healed":0,"gold_gain":0,"player_choice":"Max HP","damage_taken":0,"max_hp_gain":0,"max_hp_loss":4,"event_name":"Winding Halls","floor":46,"gold_loss":0}],"is_beta":false,"boss_relics":[{"not_picked":["Cursed Key","Snecko Eye"],"picked":"Sozu"},{"not_picked":["Fusion Hammer","Lizard Tail"],"picked":"Astrolabe"}],"items_purged_floors":[19,21,36],"is_endless":false,"potions_floor_spawned":[6,8,12,14,16,18,20,31,33,37,40,41,48],"ascension_level":0}