{"gold_per_floor":[117,117,141,141,141,141,141,182,205,240,240,258,258,66,66,66],"floor_reached":16,"playtime":564,"items_purged":["Defend_B"],"score":262,"play_id":"3560ba20-e131-4ff9-a79a-933c488e43fe","local_time":"20190303030814","is_ascension_mode":true,"campfire_choices":[{"data":"Zap","floor":6.0,"key":"SMITH"},{"data":"Hyperbeam","floor":13.0,"key":"SMITH"},{"data":"Hello World","floor":15.0,"key":"SMITH"}],"neow_cost":"NONE","seed_source_timestamp":154040477059866,"circlet_count":0,"master_deck":["AscendersBane","Strike_B","Strike_B","Strike_B","Defend_B","Defend_B","Zap+1","Dualcast","Hello World+1","Coolheaded","Leap","Hyperbeam+1","Reinforced Body+1","BootSequence+1","Go for the Eyes","Coolheaded+1","Genetic Algorithm+1"],"special_seed":0,"relics":["Cracked Core","Golden Idol","Toxic Egg 2","Sundial","Ancient Tea Set","Vajra"],"potions_floor_usage":[16,16],"damage_taken":[{"damage":5.0,"enemies":"2 Louse","floor":1.0,"turns":3.0},{"damage":5.0,"enemies":"Jaw Worm","floor":3.0,"turns":6.0},{"damage":46.0,"enemies":"Gremlin Nob","floor":8.0,"turns":4.0},{"damage":0.0,"enemies":"Lagavulin","floor":10.0,"turns":8.0},{"damage":0.0,"enemies":"Small Slimes","floor":12.0,"turns":3.0},{"damage":7,"enemies":"Slime Boss","floor":16,"turns":9}],"seed_played":"8118413071876757541","potions_obtained":[{"floor":3.0,"key":"EssenceOfSteel"},{"floor":10.0,"key":"PowerPotion"},{"floor":12.0,"key":"GamblersBrew"}],"is_trial":false,"path_per_floor":["M","?","M","?","?","R","?","E","T","E","?","M","R","$","R","B"],"character_chosen":"DEFECT","items_purchased":["Coolheaded+1","Genetic Algorithm+1"],"campfire_rested":0,"item_purchase_floors":[14,14],"current_hp_per_floor":[59,59,54,54,43,43,48,2,2,2,2,2,2,2,2,0],"gold":66,"neow_bonus":"THREE_CARDS","is_prod":false,"is_daily":false,"chose_seed":false,"campfire_upgraded":3,"win_rate":0,"timestamp":1551600494,"path_taken":["M","?","M","?","?","R","?","E","T","E","?","?","R","$","R","BOSS"],"build_version":"2019-01-23","purchased_purges":1,"victory":false,"max_hp_per_floor":[71,64,64,64,64,64,69,69,69,69,69,69,69,69,69,69],"card_choices":[{"not_picked":["Compile Driver","Storm"],"picked":"Hello World","floor":0.0},{"not_picked":["Rebound","Force Field"],"picked":"Coolheaded","floor":1.0},{"not_picked":["Redo","Coolheaded"],"picked":"Leap","floor":3.0},{"not_picked":["Sunder","Lockon"],"picked":"Reinforced Body+1","floor":8.0},{"not_picked":["Conserve Battery+1","Steam+1"],"picked":"BootSequence+1","floor":10.0},{"not_picked":["Electrodynamics","Compile Driver"],"picked":"Go for the Eyes","floor":12.0}],"player_experience":651083,"relics_obtained":[{"floor":8.0,"key":"Sundial"},{"floor":9.0,"key":"Ancient Tea Set"},{"floor":10.0,"key":"Vajra"}],"event_choices":[{"damage_healed":0.0,"max_hp_gain":0.0,"max_hp_loss":7.0,"gold_gain":0.0,"event_name":"Golden Idol","player_choice":"Lose Max HP","floor":2.0,"gold_loss":0.0,"damage_taken":0.0,"relics_obtained":["Golden Idol"]},{"damage_healed":0.0,"max_hp_gain":0.0,"max_hp_loss":0.0,"gold_gain":0.0,"cards_transformed":["Strike_B"],"event_name":"Living Wall","player_choice":"Change","floor":4.0,"gold_loss":0.0,"damage_taken":0.0,"cards_obtained":["Hyperbeam"]},{"damage_healed":0.0,"max_hp_gain":0.0,"max_hp_loss":0.0,"gold_gain":0.0,"event_name":"Scrap Ooze","player_choice":"Success","floor":5.0,"gold_loss":0.0,"damage_taken":11.0,"relics_obtained":["Toxic Egg 2"]},{"damage_healed":0.0,"max_hp_gain":5.0,"max_hp_loss":0.0,"gold_gain":0.0,"event_name":"Big Fish","player_choice":"Donut","floor":7.0,"gold_loss":0.0,"damage_taken":0.0},{"cards_removed":["Defend_B"],"damage_healed":0.0,"max_hp_gain":0.0,"max_hp_loss":0.0,"gold_gain":0.0,"event_name":"Purifier","player_choice":"Purged","floor":11.0,"gold_loss":0.0,"damage_taken":0.0}],"is_beta":false,"boss_relics":[],"items_purged_floors":[14],"is_endless":false,"potions_floor_spawned":[3,10,12],"killed_by":"Slime Boss","ascension_level":20}