{"gold_per_floor":[110,54,74,74,74,102,102,158,184,184,195,225,240,268,268,342,342,359,359,17,33,0,31,42,375,375,408,408,439,1,1,1,80,80,96,116,128,128,146,180,180,180],"floor_reached":42,"playtime":2320,"items_purged":["Strike_B"],"score":1067,"play_id":"12346dee-92e2-4071-9007-707ef175e8fc","local_time":"20190205182805","is_ascension_mode":true,"campfire_choices":[{"data":"Zap","floor":7.0,"key":"SMITH"},{"data":"Consume","floor":10.0,"key":"SMITH"},{"floor":15.0,"key":"REST"},{"data":"Creative AI","floor":28.0,"key":"SMITH"},{"floor":32.0,"key":"REST"},{"data":"Static Discharge","floor":41,"key":"SMITH"}],"neow_cost":"NONE","seed_source_timestamp":0,"circlet_count":0,"master_deck":["AscendersBane","Strike_B","Strike_B","Strike_B+1","Defend_B","Defend_B","Defend_B","Defend_B","Zap+1","Dualcast","Genetic Algorithm","Coolheaded","Consume+1","Rebound+1","Cold Snap","Static Discharge+1","Gash","White Noise+1","Electrodynamics","Hologram+1","White Noise+1","Heatsinks","Coolheaded+1","Creative AI+1","Loop","Static Discharge","White Noise+1","Self Repair","Amplify+1","Coolheaded+1","Heatsinks","Static Discharge"],"special_seed":0,"relics":["Cracked Core","NeowsBlessing","Letter Opener","Bird Faced Urn","Vajra","Whetstone","Toxic Egg 2","Black Star","Pocketwatch","Ornamental Fan","Mango","Old Coin","Calipers","Gambling Chip","Sundial","Pen Nib","Incense Burner","Turnip","Runic Capacitor","Cursed Key","Lantern","Omamori"],"potions_floor_usage":[],"damage_taken":[{"damage":0.0,"enemies":"Cultist","floor":1.0,"turns":1.0},{"damage":0.0,"enemies":"Jaw Worm","floor":3.0,"turns":1.0},{"damage":0.0,"enemies":"Lagavulin","floor":6.0,"turns":2.0},{"damage":22.0,"enemies":"3 Sentries","floor":8.0,"turns":9.0},{"damage":0.0,"enemies":"2 Louse","floor":11.0,"turns":2.0},{"damage":20.0,"enemies":"3 Sentries","floor":12.0,"turns":14.0},{"damage":5.0,"enemies":"2 Fungi Beasts","floor":13.0,"turns":3.0},{"damage":22.0,"enemies":"Lagavulin","floor":14.0,"turns":6.0},{"damage":30.0,"enemies":"Hexaghost","floor":16.0,"turns":9.0},{"damage":24.0,"enemies":"Shell Parasite","floor":18.0,"turns":7.0},{"damage":0.0,"enemies":"Spheric Guardian","floor":21.0,"turns":4.0},{"damage":18.0,"enemies":"Gremlin Leader","floor":23.0,"turns":6.0},{"damage":9.0,"enemies":"Centurion and Healer","floor":24.0,"turns":5.0},{"damage":32.0,"enemies":"Slavers","floor":25.0,"turns":3.0},{"damage":33.0,"enemies":"Gremlin Leader","floor":27.0,"turns":5.0},{"damage":37.0,"enemies":"Slavers","floor":29.0,"turns":2.0},{"damage":9.0,"enemies":"Automaton","floor":33.0,"turns":8.0},{"damage":4,"enemies":"3 Shapes","floor":35,"turns":2},{"damage":6,"enemies":"Orb Walker","floor":36,"turns":3},{"damage":17,"enemies":"4 Shapes","floor":37,"turns":4},{"damage":76,"enemies":"Maw","floor":39,"turns":9},{"damage":6,"enemies":"Giant Head","floor":40,"turns":7},{"damage":100,"enemies":"Reptomancer","floor":42,"turns":2}],"seed_played":"-418190019463950815","potions_obtained":[{"floor":6.0,"key":"EssenceOfSteel"},{"floor":8.0,"key":"Poison Potion"},{"floor":12.0,"key":"Regen Potion"},{"floor":13.0,"key":"SneckoOil"},{"floor":18.0,"key":"Swift Potion"},{"floor":21.0,"key":"Swift Potion"},{"floor":37,"key":"Dexterity Potion"},{"floor":40,"key":"Dexterity Potion"}],"is_trial":false,"path_per_floor":["M","$","M","$","?","E","R","?","T","R","M","E","M","E","R","B",null,"M","?","$","M","?","E","M","E","T","E","R","E","$","?","R","B",null,"M","M","M","$","M","E","R","E"],"character_chosen":"DEFECT","items_purchased":["Coolheaded","Pocketwatch","White Noise+1","Runic Capacitor","Self Repair"],"campfire_rested":2,"item_purchase_floors":[2,20,30,30,30],"current_hp_per_floor":[64,64,64,64,64,64,64,42,42,42,42,22,19,14,35,19,58,40,40,40,48,48,62,63,45,45,34,34,3,3,3,28,52,77,81,85,85,85,39,85,85,0],"gold":180,"neow_bonus":"THREE_ENEMY_KILL","is_prod":false,"is_daily":false,"chose_seed":false,"campfire_upgraded":4,"win_rate":0,"timestamp":1549420085,"path_taken":["M","$","?","$","?","E","R","?","T","R","M","E","M","E","R","BOSS","M","?","$","?","?","E","M","E","T","E","R","E","$","?","R","BOSS","M","M","M","$","?","E","R","E"],"build_version":"2019-01-23","purchased_purges":1,"victory":false,"max_hp_per_floor":[71,71,71,71,71,71,71,71,71,71,71,71,71,71,71,71,71,71,71,71,71,71,85,85,85,85,85,85,85,85,85,85,85,85,85,85,85,85,85,85,85,85],"card_choices":[{"not_picked":["Stack","Cold Snap"],"picked":"Genetic Algorithm","floor":1.0},{"not_picked":["Redo","Compile Driver"],"picked":"Consume","floor":3.0},{"not_picked":["Beam Cell","Sweeping Beam","Amplify"],"picked":"SKIP","floor":6.0},{"not_picked":["Rip and Tear","Streamline"],"picked":"Rebound","floor":8.0},{"not_picked":["Hologram","Leap"],"picked":"Cold Snap","floor":11.0},{"not_picked":["Sweeping Beam","Fusion"],"picked":"Static Discharge","floor":12.0},{"not_picked":["Darkness","Go for the Eyes"],"picked":"Gash","floor":13.0},{"not_picked":["Conserve Battery","Melter"],"picked":"White Noise","floor":14.0},{"not_picked":["Machine Learning","All For One"],"picked":"Electrodynamics","floor":16.0},{"not_picked":["Compile Driver","Turbo+1"],"picked":"Hologram+1","floor":18.0},{"not_picked":["Chill+1","Sweeping Beam"],"picked":"Heatsinks","floor":21.0},{"not_picked":["Barrage","Sunder"],"picked":"Coolheaded+1","floor":23.0},{"not_picked":["Sunder+1","Leap+1","FTL"],"picked":"SKIP","floor":24.0},{"not_picked":["Skim+1","Hello World"],"picked":"Creative AI","floor":25.0},{"not_picked":["Meteor Strike","Reboot+1"],"picked":"Loop","floor":27.0},{"not_picked":["Gash","Ball Lightning"],"picked":"Static Discharge","floor":29.0},{"not_picked":["Multi-Cast+1","Biased Cognition"],"picked":"Amplify+1","floor":33.0},{"not_picked":["Leap+1","Steam+1"],"picked":"Coolheaded+1","floor":35},{"not_picked":["Static Discharge","Redo+1"],"picked":"Heatsinks","floor":36},{"not_picked":["Coolheaded+1","Rebound","FTL+1"],"picked":"SKIP","floor":37},{"not_picked":["Conserve Battery+1","Steam+1","Doom and Gloom"],"picked":"SKIP","floor":39},{"not_picked":["Ball Lightning+1","Steam+1"],"picked":"Static Discharge","floor":40}],"player_experience":628992,"relics_obtained":[{"floor":6.0,"key":"Letter Opener"},{"floor":8.0,"key":"Bird Faced Urn"},{"floor":9.0,"key":"Vajra"},{"floor":12.0,"key":"Whetstone"},{"floor":14.0,"key":"Toxic Egg 2"},{"floor":23.0,"key":"Ornamental Fan"},{"floor":23.0,"key":"Mango"},{"floor":25.0,"key":"Old Coin"},{"floor":25.0,"key":"Calipers"},{"floor":26.0,"key":"Gambling Chip"},{"floor":27.0,"key":"Sundial"},{"floor":27.0,"key":"Pen Nib"},{"floor":29.0,"key":"Incense Burner"},{"floor":29.0,"key":"Turnip"},{"floor":40,"key":"Lantern"},{"floor":40,"key":"Omamori"}],"event_choices":[{"damage_healed":0.0,"max_hp_gain":0.0,"max_hp_loss":0.0,"gold_gain":0.0,"event_name":"The Cleric","player_choice":"Leave","floor":5.0,"gold_loss":0.0,"damage_taken":0.0},{"damage_healed":0.0,"max_hp_gain":0.0,"max_hp_loss":0.0,"gold_gain":0.0,"event_name":"Dead Adventurer","player_choice":"Searched \u00272\u0027 times","floor":8.0,"gold_loss":0.0,"damage_taken":0.0},{"damage_healed":0.0,"max_hp_gain":0.0,"max_hp_loss":0.0,"gold_gain":0.0,"event_name":"Duplicator","player_choice":"Copied","floor":19.0,"gold_loss":0.0,"damage_taken":0.0,"cards_obtained":["White Noise"]},{"damage_healed":0.0,"max_hp_gain":0.0,"max_hp_loss":0.0,"gold_gain":0.0,"event_name":"Masked Bandits","player_choice":"Paid Fearfully","floor":22.0,"gold_loss":33.0,"damage_taken":0.0},{"damage_healed":0.0,"max_hp_gain":0.0,"max_hp_loss":0.0,"gold_gain":0.0,"event_name":"Match and Keep!","player_choice":"0 cards matched","floor":31.0,"gold_loss":0.0,"damage_taken":0.0,"cards_obtained":[]}],"is_beta":false,"boss_relics":[{"not_picked":["Pandora\u0027s Box","Sozu"],"picked":"Black Star"},{"not_picked":["Velvet Choker","Eternal Feather"],"picked":"Cursed Key"}],"items_purged_floors":[30],"is_endless":false,"potions_floor_spawned":[6,8,12,13,18,21,37,40],"killed_by":"Reptomancer","ascension_level":19}