{"path_per_floor":["M","?","M","?","$","E","T","E","T","R","?","R","E","?","R","B",null,"M","$","?","?","M"],"character_chosen":"IRONCLAD","items_purchased":["Madness","Vajra","Anger+1"],"gold_per_floor":[113,113,123,123,30,61,61,92,141,141,141,141,167,167,167,296,296,310,111,111,34,53,53],"floor_reached":23,"campfire_rested":1,"playtime":1492,"item_purchase_floors":[5,19,19],"current_hp_per_floor":[80,80,80,64,64,54,54,30,30,30,23,47,31,31,31,16,80,47,47,47,47,43,0],"items_purged":[],"gold":53,"score":203,"play_id":"746e6a51-554f-48af-a0e9-b7f161110eec","local_time":"20180606003730","is_prod":false,"is_daily":false,"chose_seed":false,"is_ascension_mode":false,"campfire_upgraded":2,"win_rate":0,"timestamp":1528270650,"campfire_choices":[{"data":"Rage","floor":10,"key":"SMITH"},{"floor":12,"key":"REST"},{"data":"Shrug It Off","floor":15,"key":"SMITH"}],"path_taken":["M","?","?","?","?","E","?","E","T","R","?","R","E","?","R","BOSS","M","$","?","?","M","E"],"build_version":"2018-05-31","seed_source_timestamp":255013607002030,"purchased_purges":0,"victory":false,"master_deck":["Strike_R","Strike_R+1","Strike_R","Strike_R","Strike_R","Defend_R","Defend_R","Bash+1","Cleave+1","Thunderclap","Shrug It Off+1","Madness","Thunderclap","Rage+1","Rampage+1","Injury","Berserk","Regret","Parasite","Doubt","Battle Trance+1","Anger+1","J.A.X.","Pommel Strike+1"],"max_hp_per_floor":[80,80,80,80,80,80,80,80,80,80,80,80,80,80,80,80,80,80,80,80,80,80,80],"relics":["Burning Blood","Juzu Bracelet","Molten Egg 2","Mummified Hand","Bronze Scales","Ancient Tea Set","Golden Idol","Calling Bell","Boot","Matryoshka","Charon\u0027s Ashes","Vajra"],"card_choices":[{"not_picked":["Sword Boomerang","Twin Strike"],"picked":"Cleave","floor":1},{"not_picked":["Metallicize","Headbutt"],"picked":"Shrug It Off","floor":3},{"not_picked":["Corruption","Hemokinesis"],"picked":"Thunderclap","floor":6},{"not_picked":["Sword Boomerang+1","Body Slam+1"],"picked":"Rage","floor":8},{"not_picked":["Burning Pact","Metallicize"],"picked":"Rampage+1","floor":13},{"not_picked":["Barricade","Limit Break"],"picked":"Berserk","floor":16},{"not_picked":["Pommel Strike+1","Heavy Blade+1"],"picked":"Battle Trance+1","floor":18},{"not_picked":["Thunderclap+1","Rupture"],"picked":"Pommel Strike+1","floor":22}],"player_experience":24841,"potions_floor_usage":[16,23,23,23],"damage_taken":[{"damage":0,"enemies":"Small Slimes","floor":1,"turns":4},{"damage":6,"enemies":"Cultist","floor":3,"turns":3},{"damage":16,"enemies":"3 Sentries","floor":6,"turns":5},{"damage":30,"enemies":"Lagavulin","floor":8,"turns":6},{"damage":22,"enemies":"Gremlin Nob","floor":13,"turns":4},{"damage":21,"enemies":"Hexaghost","floor":16,"turns":8},{"damage":39,"enemies":"2 Thieves","floor":18,"turns":4},{"damage":10,"enemies":"Chosen","floor":22,"turns":3},{"damage":47,"enemies":"Gremlin Leader","floor":23,"turns":5}],"relics_obtained":[{"floor":6,"key":"Juzu Bracelet"},{"floor":7,"key":"Molten Egg 2"},{"floor":8,"key":"Mummified Hand"},{"floor":9,"key":"Bronze Scales"},{"floor":13,"key":"Ancient Tea Set"},{"floor":17,"key":"Boot"},{"floor":17,"key":"Matryoshka"},{"floor":17,"key":"Charon\u0027s Ashes"}],"event_choices":[{"event_name":"Transmorgrifier","player_choice":"Transform","floor":2,"damage_taken":0},{"event_name":"Shining Light","player_choice":"Entered Light","floor":4,"damage_taken":0},{"event_name":"Golden Wing","player_choice":"Card Removal","floor":11,"damage_taken":0},{"event_name":"Golden Idol","player_choice":"Take Wound","floor":14,"damage_taken":0},{"event_name":"Vampires","player_choice":"Ignored","floor":20,"damage_taken":0},{"event_name":"Drug Dealer","player_choice":"Got JAXXED","floor":21,"damage_taken":0}],"boss_relics":[{"not_picked":["Black Blood","Lizard Tail"],"picked":"Calling Bell"}],"items_purged_floors":[],"potions_floor_spawned":[6,13,16,22],"seed_played":"4509698301037626870","killed_by":"Gremlin Leader","ascension_level":0,"potions_obtained":[{"floor":6,"key":"Explosive Potion"},{"floor":13,"key":"Block Potion"},{"floor":16,"key":"Weak Potion"},{"floor":22,"key":"PowerPotion"}],"is_trial":false}