{"gold_per_floor":[116,39,39,39,39,39,73,85,97,109,133,145,186,198,210,321,333,359,390,14,14,14,14,28,38,89,102,112,27,27,38,38,133,133,151,165,265,284,308,308,324,370,370,370,382,103,103,134,134,134],"floor_reached":51,"playtime":5227,"items_purged":["Strike_B","Creative AI+1"],"score":665,"play_id":"000f1aca-c511-40a7-a3ca-22bdbdccf3c2","local_time":"20190302025546","is_ascension_mode":true,"campfire_choices":[{"data":"Coolheaded","floor":6,"key":"SMITH"},{"data":"Double Energy","floor":8,"key":"SMITH"},{"data":"Dualcast","floor":10,"key":"SMITH"},{"data":"Zap","floor":12,"key":"SMITH"},{"floor":15,"key":"REST"},{"floor":23,"key":"REST"},{"data":"Apotheosis","floor":32,"key":"SMITH"},{"data":"Cold Snap","floor":40,"key":"SMITH"},{"floor":44,"key":"REST"},{"floor":49,"key":"REST"}],"neow_cost":"NONE","seed_source_timestamp":31953537838989,"circlet_count":0,"master_deck":["Strike_B","Strike_B","Strike_B","Defend_B","Defend_B","Defend_B+1","Defend_B+1","Zap+1","Dualcast+1","Auto Shields+1","Coolheaded+1","Ball Lightning","Double Energy+1","Tempest","Defragment+1","Machine Learning+1","Defragment+1","Cold Snap+1","Apotheosis+1","Self Repair+1","FTL","Heatsinks+1","Cold Snap+1","Static Discharge+1","Machine Learning+1","Echo Form+1","Capacitor+1","Loop+1","Body Slam+1"],"relics":["Cracked Core","MawBank","Frozen Egg 2","Dodecahedron","Sozu","Membership Card","Letter Opener","Dream Catcher","Boot","Orichalcum","Runic Pyramid","Ice Cream","Blood Vial","Ginger","Ancient Tea Set","Kunai","PrismaticShard","Bottled Flame"],"potions_floor_usage":[42],"damage_taken":[{"damage":5,"enemies":"Small Slimes","floor":1,"turns":3},{"damage":20,"enemies":"Gremlin Nob","floor":7,"turns":5},{"damage":0,"enemies":"2 Louse","floor":11,"turns":3},{"damage":7,"enemies":"Lagavulin","floor":13,"turns":6},{"damage":39,"enemies":"Hexaghost","floor":16,"turns":10},{"damage":25,"enemies":"3 Byrds","floor":18,"turns":4},{"damage":10,"enemies":"Shell Parasite","floor":19,"turns":5},{"damage":32,"enemies":"Cultist and Chosen","floor":24,"turns":6},{"damage":0,"enemies":"Sentry and Sphere","floor":25,"turns":6},{"damage":0,"enemies":"Snecko","floor":27,"turns":5},{"damage":0,"enemies":"Cultist and Chosen","floor":28,"turns":5},{"damage":0,"enemies":"Sentry and Sphere","floor":31,"turns":6},{"damage":18,"enemies":"Collector","floor":33,"turns":11},{"damage":20,"enemies":"3 Darklings","floor":35,"turns":4},{"damage":0,"enemies":"3 Shapes","floor":36,"turns":3},{"damage":0,"enemies":"Mind Bloom Boss Battle","floor":37,"turns":8},{"damage":18,"enemies":"Spire Growth","floor":38,"turns":5},{"damage":10,"enemies":"Transient","floor":41,"turns":5},{"damage":60,"enemies":"2 Orb Walkers","floor":42,"turns":6},{"damage":1,"enemies":"3 Darklings","floor":45,"turns":6},{"damage":43,"enemies":"Reptomancer","floor":48,"turns":7},{"damage":10,"enemies":"Donu and Deca","floor":50,"turns":12}],"seed_played":"6487598235671995981","potions_obtained":[{"floor":1,"key":"SkillPotion"},{"floor":11,"key":"Poison Potion"},{"floor":13,"key":"Poison Potion"},{"floor":14,"key":"FairyPotion"},{"floor":14,"key":"Fire Potion"}],"is_trial":false,"path_per_floor":["M","$","?","?","$","R","E","R","T","R","M","R","E","?","R","B",null,"M","M","$","?","$","R","M","M","T","M","M","?","T","M","R","B",null,"M","M","?","M","T","R","M","?","T","R","M","$","?","E","R","B",null],"character_chosen":"DEFECT","items_purchased":["Coolheaded","Ball Lightning","Membership Card","Apotheosis","Self Repair+1","FTL","Kunai","PrismaticShard"],"campfire_rested":4,"item_purchase_floors":[2,2,20,20,20,20,46,46],"current_hp_per_floor":[77,77,61,82,82,82,62,62,62,62,62,62,55,55,79,40,82,57,47,47,47,47,71,49,59,59,69,79,79,79,82,82,64,82,72,82,82,74,74,74,76,38,38,62,73,73,73,32,56,58],"gold":134,"neow_bonus":"TEN_PERCENT_HP_BONUS","is_prod":false,"is_daily":false,"chose_seed":false,"campfire_upgraded":6,"win_rate":0,"timestamp":1551516946,"path_taken":["M","$","?","?","?","R","E","R","T","R","M","R","E","?","R","BOSS","M","?","$","?","$","R","M","M","T","M","?","?","?","M","R","BOSS","M","M","?","M","?","R","M","?","T","R","M","$","?","E","R","BOSS"],"build_version":"2019-01-23","purchased_purges":2,"victory":true,"max_hp_per_floor":[82,82,82,82,82,82,82,82,82,82,82,82,82,82,82,82,82,82,82,82,82,82,82,82,82,82,82,82,82,82,82,82,82,82,82,82,82,82,82,82,82,82,82,82,82,82,82,82,82,82],"card_choices":[{"not_picked":["Steam","Cold Snap"],"picked":"Auto Shields","floor":1},{"not_picked":["Leap","Beam Cell"],"picked":"Double Energy","floor":7},{"not_picked":["Rebound","Consume"],"picked":"Tempest","floor":11},{"not_picked":["Cold Snap","Compile Driver"],"picked":"Defragment+1","floor":13},{"not_picked":["Fission","Seek"],"picked":"Machine Learning+1","floor":16},{"not_picked":["Conserve Battery","Coolheaded+1"],"picked":"Defragment+1","floor":18},{"not_picked":["Steam","Gash+1"],"picked":"Cold Snap","floor":19},{"not_picked":["Lockon","Gash"],"picked":"Heatsinks+1","floor":24},{"not_picked":["Steam Power","Leap"],"picked":"Cold Snap+1","floor":25},{"not_picked":["Ball Lightning+1","Steam Power+1"],"picked":"Static Discharge+1","floor":27},{"not_picked":["Double Energy","Sweeping Beam+1"],"picked":"Machine Learning+1","floor":28},{"not_picked":["Leap+1","Ball Lightning+1","Lockon+1"],"picked":"SKIP","floor":31},{"not_picked":["Reboot","Amplify"],"picked":"Echo Form+1","floor":33},{"not_picked":["Coolheaded","Redo","Beam Cell"],"picked":"SKIP","floor":35},{"not_picked":["Lockon","Steam","Redo+1"],"picked":"SKIP","floor":36},{"not_picked":["Reinforced Body+1","Coolheaded+1"],"picked":"Creative AI+1","floor":38},{"not_picked":["Leap+1","Gash+1"],"picked":"Capacitor+1","floor":41},{"not_picked":["Conserve Battery+1","Stack"],"picked":"Loop+1","floor":45},{"not_picked":["PiercingWail","Deflect"],"picked":"Body Slam+1","floor":48}],"player_experience":25023,"relics_obtained":[{"floor":7,"key":"MawBank"},{"floor":9,"key":"Frozen Egg 2"},{"floor":13,"key":"Dodecahedron"},{"floor":26,"key":"Dream Catcher"},{"floor":30,"key":"Orichalcum"},{"floor":37,"key":"Ice Cream"},{"floor":39,"key":"Blood Vial"},{"floor":42,"key":"Ginger"},{"floor":43,"key":"Ancient Tea Set"},{"floor":48,"key":"Bottled Flame"}],"event_choices":[{"damage_healed":0,"gold_gain":0,"player_choice":"Entered Light","damage_taken":16,"max_hp_gain":0,"max_hp_loss":0,"event_name":"Shining Light","floor":3,"gold_loss":0,"cards_upgraded":["Defend_B","Defend_B"]},{"damage_healed":27,"gold_gain":0,"player_choice":"Banana","damage_taken":0,"max_hp_gain":0,"max_hp_loss":0,"event_name":"Big Fish","floor":4,"gold_loss":0},{"damage_healed":0,"gold_gain":0,"player_choice":"Got Potions","damage_taken":0,"max_hp_gain":0,"max_hp_loss":0,"event_name":"Lab","floor":14,"gold_loss":0},{"damage_healed":0,"gold_gain":0,"player_choice":"Gave Potion","damage_taken":0,"relics_obtained":["Letter Opener"],"max_hp_gain":0,"max_hp_loss":0,"event_name":"WeMeetAgain","floor":21,"gold_loss":0},{"damage_healed":0,"gold_gain":0,"player_choice":"Obtained Relic","damage_taken":0,"relics_obtained":["Boot"],"max_hp_gain":0,"max_hp_loss":0,"event_name":"Addict","floor":29,"gold_loss":85},{"damage_healed":0,"gold_gain":0,"player_choice":"Fight","damage_taken":0,"max_hp_gain":0,"max_hp_loss":0,"event_name":"MindBloom","floor":37,"gold_loss":0},{"damage_healed":0,"gold_gain":0,"player_choice":"Fight","damage_taken":0,"max_hp_gain":0,"max_hp_loss":0,"event_name":"Mysterious Sphere","floor":42,"gold_loss":0},{"damage_healed":0,"gold_gain":0,"player_choice":"Forge","damage_taken":0,"max_hp_gain":0,"max_hp_loss":0,"event_name":"Accursed Blacksmith","floor":47,"gold_loss":0,"cards_upgraded":["Auto Shields"]}],"is_beta":false,"boss_relics":[{"not_picked":["Calling Bell","Tiny House"],"picked":"Sozu"},{"not_picked":["Astrolabe","Orrery"],"picked":"Runic Pyramid"}],"items_purged_floors":[20,46],"is_endless":false,"potions_floor_spawned":[1,11,13,18,25,28,33,36,48],"ascension_level":1}