{"gold_per_floor":[117,133,148,166,186,186,261,261,288,349,349,375,409,409],"floor_reached":14,"playtime":427,"items_purged":[],"score":190,"play_id":"881eff51-25b3-4f31-89ea-0d51e6b1677e","local_time":"20190219212010","is_ascension_mode":true,"campfire_choices":[{"data":"Defragment","floor":6,"key":"SMITH"},{"floor":11,"key":"REST"}],"neow_cost":"NONE","seed_source_timestamp":240996004605618,"circlet_count":0,"master_deck":["AscendersBane","Strike_B","Strike_B","Strike_B","Defend_B","Defend_B","Defend_B","Defend_B","Zap","Dualcast","Ball Lightning","Gash","Defragment+1","Lockon","Coolheaded","Glacier"],"relics":["Cracked Core","Tiny Chest","Blood Vial","Ancient Tea Set"],"potions_floor_usage":[10,10],"damage_taken":[{"damage":1,"enemies":"Cultist","floor":1,"turns":3},{"damage":0,"enemies":"2 Louse","floor":2,"turns":3},{"damage":7,"enemies":"Jaw Worm","floor":3,"turns":3},{"damage":7,"enemies":"Exordium Thugs","floor":4,"turns":4},{"damage":10,"enemies":"2 Fungi Beasts","floor":5,"turns":3},{"damage":5,"enemies":"Lagavulin","floor":10,"turns":6},{"damage":41,"enemies":"Gremlin Nob","floor":13,"turns":4},{"damage":11,"enemies":"3 Louse","floor":14,"turns":1}],"seed_played":"-1845171358846680801","potions_obtained":[{"floor":1,"key":"AttackPotion"},{"floor":4,"key":"SkillPotion"},{"floor":10,"key":"SteroidPotion"}],"is_trial":false,"path_per_floor":["M","M","M","M","M","R","?","?","T","E","R","T","E","M"],"character_chosen":"DEFECT","items_purchased":[],"campfire_rested":1,"item_purchase_floors":[],"current_hp_per_floor":[70,70,63,56,46,46,35,28,28,23,46,46,7,0],"gold":409,"neow_bonus":"TEN_PERCENT_HP_BONUS","is_prod":false,"is_daily":false,"chose_seed":false,"campfire_upgraded":1,"win_rate":0,"timestamp":1550578810,"path_taken":["M","M","M","M","M","R","?","?","T","E","R","?","E","M"],"build_version":"2019-01-23","purchased_purges":0,"victory":false,"max_hp_per_floor":[78,78,78,78,78,78,78,78,78,78,78,78,78,78],"card_choices":[{"not_picked":["Skim","Go for the Eyes"],"picked":"Ball Lightning","floor":1},{"not_picked":["Cold Snap","Glacier"],"picked":"Gash","floor":2},{"not_picked":["Leap","Consume"],"picked":"Defragment","floor":3},{"not_picked":["Multi-Cast","Auto Shields"],"picked":"Lockon","floor":4},{"not_picked":["Turbo","Sweeping Beam"],"picked":"Coolheaded","floor":5},{"not_picked":["Hologram","Barrage","Stack"],"picked":"SKIP","floor":10},{"not_picked":["Undo","Fission"],"picked":"Glacier","floor":13}],"player_experience":805266,"relics_obtained":[{"floor":10,"key":"Tiny Chest"},{"floor":12,"key":"Blood Vial"},{"floor":13,"key":"Ancient Tea Set"}],"event_choices":[{"damage_healed":0,"gold_gain":75,"player_choice":"Gather Gold","damage_taken":11,"max_hp_gain":0,"max_hp_loss":0,"event_name":"World of Goop","floor":7,"gold_loss":0},{"cards_removed":["Strike_B"],"damage_healed":0,"gold_gain":0,"player_choice":"Card Removal","damage_taken":7,"max_hp_gain":0,"max_hp_loss":0,"event_name":"Golden Wing","floor":8,"gold_loss":0}],"is_beta":false,"boss_relics":[],"items_purged_floors":[],"is_endless":false,"potions_floor_spawned":[1,4,10],"killed_by":"3 Louse","ascension_level":18}