{"gold_per_floor":[116,126,138,69,88,103,103,113,139,139],"floor_reached":10,"playtime":714,"items_purged":[],"score":62,"play_id":"8c6bcce6-3976-4554-b416-8ffb32cfcf0d","local_time":"20190130204850","is_ascension_mode":false,"campfire_choices":[{"data":"Genetic Algorithm","floor":7,"key":"SMITH"}],"neow_cost":"PERCENT_DAMAGE","seed_source_timestamp":356105371091278,"circlet_count":0,"master_deck":["Strike_B","Strike_B","Strike_B","Defend_B","Defend_B","Defend_B","Zap","Dualcast","Sweeping Beam","Go for the Eyes","FTL","Self Repair","Genetic Algorithm+1","Compile Driver"],"relics":["Cracked Core","Happy Flower"],"potions_floor_usage":[8],"damage_taken":[{"damage":6,"enemies":"Jaw Worm","floor":1,"turns":3},{"damage":0,"enemies":"2 Louse","floor":2,"turns":2},{"damage":0,"enemies":"Cultist","floor":3,"turns":3},{"damage":8,"enemies":"3 Louse","floor":5,"turns":3},{"damage":9,"enemies":"2 Fungi Beasts","floor":6,"turns":2},{"damage":29,"enemies":"Exordium Thugs","floor":8,"turns":4},{"damage":19,"enemies":"Lagavulin Event","floor":10,"turns":3}],"seed_played":"2728393191999147881","potions_obtained":[{"floor":6,"key":"Poison Potion"}],"is_trial":false,"path_per_floor":["M","M","M","$","M","M","R","M","T","?"],"character_chosen":"DEFECT","items_purchased":["Self Repair"],"campfire_rested":0,"item_purchase_floors":[4],"current_hp_per_floor":[48,48,48,48,47,38,38,9,9,0],"gold":139,"neow_bonus":"REMOVE_TWO","is_prod":false,"is_daily":false,"chose_seed":false,"campfire_upgraded":1,"win_rate":0,"timestamp":1548881330,"path_taken":["M","M","M","$","M","M","R","M","T","?"],"build_version":"2019-01-23","purchased_purges":0,"victory":false,"max_hp_per_floor":[75,75,75,75,75,75,75,75,75,75],"card_choices":[{"not_picked":["Compile Driver","Redo"],"picked":"Sweeping Beam","floor":1},{"not_picked":["Gash","Rebound"],"picked":"Go for the Eyes","floor":2},{"not_picked":["Reinforced Body","Leap"],"picked":"FTL","floor":3},{"not_picked":["Stack","Go for the Eyes","Turbo"],"picked":"SKIP","floor":5},{"not_picked":["Redo","Consume"],"picked":"Genetic Algorithm","floor":6},{"not_picked":["Reprogram","Turbo"],"picked":"Compile Driver","floor":8}],"player_experience":264204,"relics_obtained":[{"floor":9,"key":"Happy Flower"}],"event_choices":[{"damage_healed":0,"gold_gain":0,"player_choice":"Searched \u00271\u0027 times","damage_taken":0,"max_hp_gain":0,"max_hp_loss":0,"event_name":"Dead Adventurer","floor":10,"gold_loss":0}],"is_beta":false,"boss_relics":[],"items_purged_floors":[],"is_endless":false,"potions_floor_spawned":[6],"killed_by":"Lagavulin Event","ascension_level":0}