{"gold_per_floor":[119,135,135,147,73,85,120,131,131,159,159,183,213,239,251,368,380,412,424,448,460,497,509,536,548,560,592,634,187,200,160,160,258,258,278,238,256,109,128,128,145,145,145,145,0,20,20,33,33,33,33,33,33,66,66],"floor_reached":55,"playtime":3347,"items_purged":["Pain"],"score":691,"play_id":"cb5aff48-b59a-4913-b43b-88b861daadd4","local_time":"20190119145202","is_ascension_mode":false,"campfire_choices":[{"floor":11,"key":"RECALL"},{"data":"Rupture","floor":15,"key":"SMITH"},{"data":"Ghostly Armor","floor":23,"key":"SMITH"},{"data":"Perfected Strike","floor":25,"key":"SMITH"},{"data":"Bandage Up","floor":32,"key":"SMITH"},{"data":"Flex","floor":40,"key":"SMITH"},{"data":"Brutality","floor":42,"key":"SMITH"},{"data":"Metallicize","floor":47,"key":"SMITH"},{"data":"Combust","floor":49,"key":"SMITH"},{"data":"Reaper","floor":52,"key":"SMITH"}],"neow_cost":"NONE","seed_source_timestamp":917050275897897,"circlet_count":0,"master_deck":["Strike_R","Strike_R","Strike_R","Strike_R","Strike_R","Defend_R","Defend_R","Defend_R","Defend_R","Bash","Cleave","Armaments+1","Combust+1","Dual Wield","Shrug It Off","Perfected Strike+1","Ghostly Armor+1","Thunderclap","Clothesline","Rupture+1","Brutality+1","Warcry","Rupture+1","Uppercut","Sword Boomerang+1","Cleave+1","Reaper+1","Bandage Up+1","Blood for Blood","Power Through+1","Flame Barrier","Reaper","Armaments","Flex+1","Body Slam+1","Iron Wave+1","Metallicize+1","Intimidate","Perfected Strike"],"relics":["Coffee Dripper","Mercury Hourglass","Mango","Odd Mushroom","MawBank","Lizard Tail","WarpedTongs","Red Mask","Question Card","Juzu Bracelet","Red Skull","Runic Cube","Vajra","Bottled Tornado","Anchor","Blood Vial"],"potions_floor_usage":[21,24,24,28,33,33,33,50,55],"damage_taken":[{"damage":0,"enemies":"Cultist","floor":1,"turns":2},{"damage":3,"enemies":"Jaw Worm","floor":2,"turns":3},{"damage":0,"enemies":"2 Louse","floor":4,"turns":2},{"damage":7,"enemies":"Blue Slaver","floor":6,"turns":3},{"damage":27,"enemies":"Gremlin Nob","floor":7,"turns":4},{"damage":2,"enemies":"2 Fungi Beasts","floor":8,"turns":2},{"damage":17,"enemies":"The Mushroom Lair","floor":10,"turns":3},{"damage":1,"enemies":"Red Slaver","floor":13,"turns":2},{"damage":1,"enemies":"Exordium Wildlife","floor":14,"turns":1},{"damage":11,"enemies":"Hexaghost","floor":16,"turns":9},{"damage":19,"enemies":"3 Byrds","floor":18,"turns":4},{"damage":20,"enemies":"Spheric Guardian","floor":20,"turns":4},{"damage":19,"enemies":"Colosseum Slavers","floor":21,"turns":4},{"damage":28,"enemies":"Masked Bandits","floor":22,"turns":4},{"damage":5,"enemies":"Snecko","floor":24,"turns":5},{"damage":22,"enemies":"Snake Plant","floor":27,"turns":5},{"damage":5,"enemies":"Gremlin Leader","floor":28,"turns":4},{"damage":3,"enemies":"Centurion and Healer","floor":30,"turns":6},{"damage":33,"enemies":"Automaton","floor":33,"turns":6},{"damage":24,"enemies":"Orb Walker","floor":35,"turns":4},{"damage":12,"enemies":"3 Shapes","floor":37,"turns":3},{"damage":17,"enemies":"Spire Growth","floor":39,"turns":5},{"damage":6,"enemies":"Jaw Worm Horde","floor":41,"turns":4},{"damage":8,"enemies":"4 Shapes","floor":46,"turns":3},{"damage":17,"enemies":"Spire Growth","floor":48,"turns":4},{"damage":83,"enemies":"Time Eater","floor":50,"turns":9},{"damage":47,"enemies":"Shield and Spear","floor":54,"turns":7},{"damage":118,"enemies":"The Heart","floor":55,"turns":6}],"seed_played":"-7125186398152652847","potions_obtained":[{"floor":1,"key":"Swift Potion"},{"floor":2,"key":"AttackPotion"},{"floor":13,"key":"Swift Potion"},{"floor":14,"key":"PowerPotion"},{"floor":18,"key":"Block Potion"},{"floor":27,"key":"Fire Potion"},{"floor":28,"key":"Energy Potion"},{"floor":30,"key":"SpeedPotion"},{"floor":35,"key":"FairyPotion"},{"floor":37,"key":"Regen Potion"},{"floor":46,"key":"Dexterity Potion"}],"is_trial":false,"path_per_floor":["M","M","?","M","$","M","E","M","T","?","R","T","M","M","R","B",null,"M","?","M","?","?","R","M","R","T","M","E","$","M","$","R","B",null,"M","?","M","$","M","R","M","R","T","?","$","M","R","M","R","B",null,"R","$","E","B"],"character_chosen":"IRONCLAD","items_purchased":["Dual Wield","Red Skull","EssenceOfSteel","Bandage Up","Blood for Blood","Flame Barrier","Vajra","Anchor"],"campfire_rested":0,"item_purchase_floors":[5,29,29,29,29,31,38,45],"current_hp_per_floor":[80,77,74,74,74,67,54,52,52,35,35,35,34,33,33,22,94,75,75,55,36,8,8,3,3,3,28,23,23,40,40,40,28,94,77,77,65,65,67,67,89,89,89,89,89,93,93,85,85,55,94,94,94,74,0],"gold":66,"neow_bonus":"BOSS_RELIC","is_prod":false,"is_daily":false,"chose_seed":false,"campfire_upgraded":9,"win_rate":0,"timestamp":1547927522,"path_taken":["M","?","?","M","$","M","E","M","T","?","R","?","M","M","R","BOSS","M","?","?","?","?","R","M","R","T","M","E","$","M","$","R","BOSS","M","?","M","$","M","R","M","R","T","?","$","M","R","M","R","BOSS","R","$","E","BOSS"],"build_version":"2019-01-17v2","purchased_purges":1,"victory":false,"max_hp_per_floor":[80,80,80,80,80,80,94,94,94,94,94,94,94,94,94,94,94,94,94,94,94,94,94,94,94,94,94,94,94,94,94,94,94,94,94,94,94,94,94,94,94,94,94,94,94,94,94,94,94,94,94,94,94,94,94],"card_choices":[{"not_picked":["Dropkick","Headbutt"],"picked":"Cleave","floor":1},{"not_picked":["Shrug It Off","Hemokinesis"],"picked":"Armaments","floor":2},{"not_picked":["Thunderclap","Carnage"],"picked":"Combust","floor":4},{"not_picked":["Second Wind","Warcry"],"picked":"Shrug It Off","floor":6},{"not_picked":["Bludgeon","True Grit"],"picked":"Perfected Strike","floor":7},{"not_picked":["Headbutt","Blood for Blood"],"picked":"Ghostly Armor","floor":8},{"not_picked":["Warcry","Iron Wave"],"picked":"Thunderclap","floor":10},{"not_picked":["Headbutt","Iron Wave"],"picked":"Clothesline","floor":13},{"not_picked":["Flex","Metallicize"],"picked":"Rupture","floor":14},{"not_picked":["Impervious","Dark Embrace"],"picked":"Brutality","floor":16},{"not_picked":["Ghostly Armor","Pommel Strike"],"picked":"Warcry","floor":18},{"not_picked":["Uppercut","Pommel Strike"],"picked":"Rupture+1","floor":20},{"not_picked":["Pummel","Pommel Strike"],"picked":"Uppercut","floor":22},{"not_picked":["Berserk","Thunderclap"],"picked":"Sword Boomerang+1","floor":24},{"not_picked":["True Grit","Flex+1","Evolve"],"picked":"Cleave+1","floor":27},{"not_picked":["Cleave","True Grit","Immolate"],"picked":"Reaper","floor":28},{"not_picked":["Heavy Blade","Hemokinesis+1","Combust"],"picked":"Power Through+1","floor":30},{"not_picked":["Immolate","Berserk","Feed"],"picked":"Reaper","floor":33},{"not_picked":["Clash+1","Rampage+1","Perfected Strike"],"picked":"Armaments","floor":35},{"not_picked":["Uppercut+1","Carnage+1","Corruption"],"picked":"Flex","floor":37},{"not_picked":["Clash+1","Rampage","Corruption+1"],"picked":"Body Slam+1","floor":39},{"not_picked":["Flex+1","Thunderclap","Twin Strike+1"],"picked":"Iron Wave+1","floor":41},{"not_picked":["Hemokinesis","Twin Strike","Clash+1"],"picked":"Metallicize","floor":46},{"not_picked":["Disarm+1","Bloodletting","Fire Breathing"],"picked":"Intimidate","floor":48},{"not_picked":["Reckless Charge","Pommel Strike","Sword Boomerang"],"picked":"Perfected Strike","floor":54}],"player_experience":66592,"relics_obtained":[{"floor":7,"key":"Mango"},{"floor":10,"key":"Odd Mushroom"},{"floor":12,"key":"MawBank"},{"floor":22,"key":"Red Mask"},{"floor":26,"key":"Question Card"},{"floor":28,"key":"Juzu Bracelet"},{"floor":43,"key":"Bottled Tornado"},{"floor":54,"key":"Blood Vial"}],"event_choices":[{"damage_healed":0,"gold_gain":0,"player_choice":"Success","damage_taken":3,"relics_obtained":["Mercury Hourglass"],"max_hp_gain":0,"max_hp_loss":0,"event_name":"Scrap Ooze","floor":3,"gold_loss":0},{"damage_healed":0,"gold_gain":0,"player_choice":"Fought Mushrooms","damage_taken":0,"max_hp_gain":0,"max_hp_loss":0,"event_name":"Mushrooms","floor":10,"gold_loss":0},{"damage_healed":0,"gold_gain":0,"player_choice":"Rummage","damage_taken":0,"relics_obtained":["WarpedTongs"],"max_hp_gain":0,"max_hp_loss":0,"event_name":"Accursed Blacksmith","floor":19,"gold_loss":0,"cards_obtained":["Pain"]},{"damage_healed":0,"gold_gain":0,"player_choice":"Fight","damage_taken":0,"max_hp_gain":0,"max_hp_loss":0,"event_name":"Colosseum","floor":21,"gold_loss":0},{"damage_healed":0,"gold_gain":0,"player_choice":"Fled From Nobs","damage_taken":0,"max_hp_gain":0,"max_hp_loss":0,"event_name":"Colosseum","floor":21,"gold_loss":0},{"damage_healed":0,"gold_gain":0,"player_choice":"Fought Bandits","damage_taken":0,"max_hp_gain":0,"max_hp_loss":0,"event_name":"Masked Bandits","floor":22,"gold_loss":0},{"damage_healed":0,"gold_gain":0,"player_choice":"Upgrade","damage_taken":0,"max_hp_gain":0,"max_hp_loss":0,"event_name":"Designer","floor":36,"gold_loss":40,"cards_upgraded":["Armaments"]},{"damage_healed":0,"gold_gain":0,"player_choice":"Ignored","damage_taken":0,"max_hp_gain":0,"max_hp_loss":0,"event_name":"SecretPortal","floor":44,"gold_loss":0}],"is_beta":false,"boss_relics":[{"not_picked":["Pandora\u0027s Box","Orrery"],"picked":"Lizard Tail"},{"not_picked":["Busted Crown","Runic Dome"],"picked":"Runic Cube"}],"items_purged_floors":[29],"is_endless":false,"potions_floor_spawned":[1,2,13,14,16,18,20,27,28,30,35,37,46],"killed_by":"The Heart","ascension_level":0}