{"path_per_floor":["M","M","M","$","?","E","M","R","T","M","M","?","M","?","R","B",null,"M","?","?","M","$","R","?","R","T","?","?","M","M","?","R"],"character_chosen":"THE_SILENT","items_purchased":["Distraction","Panache","Dagger Spray"],"gold_per_floor":[109,120,140,27,102,128,142,142,167,180,190,190,208,208,208,311,311,322,322,237,227,10,10,10,10,10,10,10,30,46,346,346],"floor_reached":33,"campfire_rested":4,"playtime":2699,"current_hp_per_floor":[64,64,64,64,53,19,12,36,36,28,19,19,15,15,39,8,80,56,47,47,27,27,52,52,52,52,52,52,38,17,17,42],"items_purged":["Defend_G"],"gold":346,"play_id":"0a0aa054-1357-4c1a-beae-21fc8b05ea57","is_prod":false,"is_daily":false,"is_ascension_mode":false,"campfire_upgraded":1,"path_taken":["M","M","M","$","?","E","M","R","T","M","M","?","?","?","R","BOSS","M","?","?","?","?","R","?","R","T","?","?","?","M","?","R","BOSS"],"build_version":"2018-01-25-PROD3","purchased_purges":1,"victory":false,"master_deck":["Defend_G","Defend_G","Defend_G","Defend_G","Strike_G","Strike_G","Strike_G","Strike_G","Strike_G","Survivor","Neutralize","Well Laid Plans","Dagger Spray","Deadly Poison","Distraction","Backflip","Dagger Throw","Noxious Fumes","Infinite Blades+1","Bouncing Flask","Corpse Explosion+1","Bane","Quick Slash","Panache","Dagger Spray","Bane","Flechettes","Writhe"],"max_hp_per_floor":[70,70,70,70,70,80,80,80,80,80,80,80,80,80,80,80,80,80,85,85,85,85,85,85,85,85,85,85,85,85,85,85],"relics":["Lizard Tail","Pear","Bag of Preparation","The Specimen","Torii","Girya","Old Coin"],"card_choices":[{"not_picked":["Terror","Slice"],"picked":"Well Laid Plans"},{"not_picked":["Sucker Punch","Dagger Throw"],"picked":"Dagger Spray"},{"not_picked":["Blur","Outmaneuver"],"picked":"Deadly Poison"},{"not_picked":["Predator","Quick Slash"],"picked":"Backflip"},{"not_picked":["Slice","Masterful Stab"],"picked":"Dagger Throw"},{"not_picked":["Finisher","All Out Attack"],"picked":"Noxious Fumes"},{"not_picked":["Dash","Calculated Gamble"],"picked":"Infinite Blades"},{"not_picked":["Burst","Sucker Punch"],"picked":"Bouncing Flask"},{"not_picked":["Doppelganger","Unload"],"picked":"Corpse Explosion"},{"not_picked":["Deadly Poison","Acrobatics"],"picked":"Bane"},{"not_picked":["Sucker Punch","Masterful Stab"],"picked":"Quick Slash"},{"not_picked":["Deflect","Heel Hook"],"picked":"Flechettes"}],"player_experience":19760,"potions_floor_usage":[6,13,13,16,16,29,30,33,33],"damage_taken":[{"damage":6,"enemies":"2 Louse","floor":1,"turns":3},{"damage":0,"enemies":"Small Slimes","floor":2,"turns":5},{"damage":0,"enemies":"Jaw Worm","floor":3,"turns":5},{"damage":44,"enemies":"Gremlin Nob","floor":6,"turns":5},{"damage":7,"enemies":"3 Louse","floor":7,"turns":3},{"damage":8,"enemies":"Lots of Slimes","floor":10,"turns":2},{"damage":9,"enemies":"2 Fungi Beasts","floor":11,"turns":4},{"damage":4,"enemies":"Red Slaver","floor":13,"turns":3},{"damage":31,"enemies":"Slime Boss","floor":16,"turns":8},{"damage":24,"enemies":"Shell Parasite","floor":18,"turns":5},{"damage":20,"enemies":"2 Thieves","floor":21,"turns":4},{"damage":14,"enemies":"3 Cultists","floor":29,"turns":5},{"damage":21,"enemies":"Sentry and Sphere","floor":30,"turns":5},{"damage":125,"enemies":"Champ","floor":33,"turns":10}],"event_choices":[{"event_name":"World of Goop","player_choice":"Gather Gold","floor":5,"damage_taken":0},{"event_name":"The Lab","player_choice":"Got Potions","floor":12,"damage_taken":0},{"event_name":"Living Wall","player_choice":"Grow","floor":14,"damage_taken":0},{"event_name":"Forgotten Altar","player_choice":"Shed Blood","floor":19,"damage_taken":0},{"event_name":"Addict","player_choice":"Obtained Relic","floor":20,"damage_taken":0},{"event_name":"The Library","player_choice":"Read","floor":24,"damage_taken":0},{"event_name":"Drug Dealer","player_choice":"Ignored","floor":27,"damage_taken":0},{"event_name":"Beggar","player_choice":"Ignored","floor":28,"damage_taken":0},{"event_name":"The Mausoleum","player_choice":"Yes","floor":31,"damage_taken":0}],"boss_relics":[{"not_picked":["Runic Pyramid","White Beast Statue"],"picked":"The Specimen"}],"potions_floor_spawned":[1,7,10,13,16,21,29,30],"seed_played":"-1753327711336616257","killed_by":"Champ","ascension_level":0,"is_trial":false}