{"gold_per_floor":[118,118,118,118,183,183,213,213,236,251,286,303,330,221,221,326,376,394,408,493,244,244],"floor_reached":22,"playtime":1459,"items_purged":["Strike_B","Strike_B"],"score":202,"play_id":"a1450698-2c71-486f-971f-d503bc78380b","local_time":"20180815173128","is_ascension_mode":false,"campfire_choices":[{"data":"Creative AI","floor":6,"key":"SMITH"},{"floor":8,"key":"REST"},{"floor":15,"key":"REST"}],"neow_cost":"NONE","seed_source_timestamp":404741064478332,"circlet_count":0,"master_deck":["Strike_B+1","Defend_B","Defend_B","Defend_B","Defend_B","Zap","Dualcast","Creative AI+1","Compile Driver+1","Loop","Ball Lightning","Storm","Ball Lightning+1","Heatsinks","Seek","Storm","Defragment+1","Redo+1"],"relics":["Cracked Core","SsserpentHead","Nunchaku","Whetstone","Du-Vu Doll","Letter Opener","Tiny House","Red Mask","Anchor"],"potions_floor_usage":[11,13,18,18,20],"damage_taken":[{"damage":0,"enemies":"2 Louse","floor":1,"turns":3},{"damage":1,"enemies":"Jaw Worm","floor":5,"turns":4},{"damage":43,"enemies":"3 Sentries","floor":7,"turns":8},{"damage":0,"enemies":"Small Slimes","floor":10,"turns":3},{"damage":17,"enemies":"Gremlin Nob","floor":11,"turns":4},{"damage":11,"enemies":"Red Slaver","floor":12,"turns":3},{"damage":21,"enemies":"Lagavulin","floor":13,"turns":5},{"damage":20,"enemies":"Slime Boss","floor":16,"turns":7},{"damage":5,"enemies":"3 Byrds","floor":18,"turns":2},{"damage":5,"enemies":"Chosen","floor":19,"turns":3},{"damage":49,"floor":20,"turns":4},{"damage":29,"enemies":"Sentry and Sphere","floor":22,"turns":3}],"seed_played":"-542477571940695886","potions_obtained":[{"floor":10,"key":"AttackPotion"},{"floor":12,"key":"Poison Potion"},{"floor":13,"key":"EssenceOfSteel"},{"floor":16,"key":"PowerPotion"},{"floor":17,"key":"Explosive Potion"}],"is_trial":false,"path_per_floor":["M","?","?","?","M","R","E","R","T","M","E","M","E","$","R","B",null,"M","M","?","$"],"character_chosen":"DEFECT","items_purchased":["Heatsinks","Anchor"],"campfire_rested":2,"item_purchase_floors":[14,21],"current_hp_per_floor":[75,80,80,80,79,79,36,60,60,60,43,32,11,11,35,15,85,80,75,26,26,0],"gold":244,"neow_bonus":"ONE_RANDOM_RARE_CARD","is_prod":false,"is_daily":false,"chose_seed":false,"campfire_upgraded":1,"win_rate":0.0,"timestamp":1534368688,"path_taken":["M","?","?","?","?","R","E","R","T","M","E","M","E","$","R","BOSS","M","M","?","$","M"],"build_version":"2018-08-09","purchased_purges":2,"victory":false,"max_hp_per_floor":[75,80,80,80,80,80,80,80,80,80,80,80,80,80,80,80,85,85,85,85,85,85],"card_choices":[{"not_picked":["Go for the Eyes","Auto Shields"],"picked":"Compile Driver","floor":1},{"not_picked":["Steam Power","Doom and Gloom","Gash"],"picked":"SKIP","floor":5},{"not_picked":["Double Energy","Stack"],"picked":"Loop","floor":7},{"not_picked":["Gash","Genetic Algorithm"],"picked":"Ball Lightning","floor":10},{"not_picked":["Compile Driver","Fusion","Conserve Battery"],"picked":"SKIP","floor":11},{"not_picked":["All For One","Go for the Eyes"],"picked":"Storm","floor":12},{"not_picked":["Barrage","Reprogram"],"picked":"Ball Lightning","floor":13},{"not_picked":["Thunder Strike","Creative AI"],"picked":"Seek","floor":16},{"not_picked":["Barrage","Compile Driver"],"picked":"Storm","floor":17},{"not_picked":["Loop","Chaos"],"picked":"Defragment+1","floor":18},{"not_picked":["Beam Cell","Steam Power","Rip and Tear"],"picked":"SKIP","floor":19},{"not_picked":["Barrage+1","Go for the Eyes"],"picked":"Redo+1","floor":20}],"player_experience":32507,"relics_obtained":[{"floor":7,"key":"Nunchaku"},{"floor":9,"key":"Whetstone"},{"floor":11,"key":"Du-Vu Doll"},{"floor":13,"key":"Letter Opener"},{"floor":20,"key":"Red Mask"}],"event_choices":[{"event_name":"Big Fish","player_choice":"Donut","floor":2,"damage_taken":0},{"event_name":"Bonfire Elementals","player_choice":"BASIC","floor":3,"damage_taken":0},{"event_name":"FaceTrader","player_choice":"Trade","floor":4,"damage_taken":0},{"event_name":"Masked Bandits","player_choice":"Fought Bandits","floor":20,"damage_taken":0}],"is_beta":false,"boss_relics":[{"not_picked":["Runic Dome","Runic Pyramid"],"picked":"Tiny House"}],"items_purged_floors":[14,21],"is_endless":false,"potions_floor_spawned":[10,12,13,16],"killed_by":"Sentry and Sphere","ascension_level":0}