{"path_per_floor":["M","$","?","M","M","E","R","E","T","E","?","?","$","M","R"],"character_chosen":"DEFECT","items_purchased":["Cold Snap","Self Repair"],"gold_per_floor":[116,68,143,153,164,199,199,226,226,256,226,176,136,146,146,146],"floor_reached":16,"campfire_rested":1,"playtime":818,"item_purchase_floors":[2,13],"current_hp_per_floor":[68,68,57,55,54,33,70,62,62,59,59,59,59,59,59,0],"items_purged":[],"gold":146,"score":183,"play_id":"c0e8cc8c-6342-429f-903a-74a51201b9a0","local_time":"20180602211301","is_prod":false,"is_daily":false,"chose_seed":false,"is_ascension_mode":true,"campfire_upgraded":1,"win_rate":0,"timestamp":1527966781,"campfire_choices":[{"floor":7,"key":"REST"},{"data":"Zap","floor":15,"key":"SMITH"}],"path_taken":["M","$","?","M","M","E","R","E","T","E","?","?","$","?","R","BOSS"],"build_version":"2018-05-31","seed_source_timestamp":134163291449322,"purchased_purges":0,"victory":false,"master_deck":["Strike_B","Strike_B","Strike_B","Defend_B","Defend_B","Defend_B","Defend_B","Zap+1","Dualcast","AscendersBane","Leap","Cold Snap","Go for the Eyes","Go for the Eyes","Glacier","Rebound","Coolheaded","Self Repair","Coolheaded"],"max_hp_per_floor":[75,75,75,75,75,75,75,75,75,75,75,75,75,75,75,75],"relics":["Cracked Core","Regal Pillow","Oddly Smooth Stone","Dead Branch","Letter Opener","Art of War"],"card_choices":[{"not_picked":["Hello World","Chill"],"picked":"Leap","floor":1},{"not_picked":["Stack","Sweeping Beam"],"picked":"Go for the Eyes","floor":4},{"not_picked":["Doom and Gloom","Scrape"],"picked":"Go for the Eyes","floor":5},{"not_picked":["Creative AI","Streamline"],"picked":"Glacier","floor":6},{"not_picked":["Go for the Eyes","Reprogram"],"picked":"Rebound","floor":8},{"not_picked":["Go for the Eyes","Sweeping Beam"],"picked":"Coolheaded","floor":10},{"not_picked":["Cold Snap","Gash"],"picked":"Coolheaded","floor":14}],"player_experience":598233,"potions_floor_usage":[10,16,16],"damage_taken":[{"damage":0,"enemies":"Small Slimes","floor":1,"turns":3},{"damage":2,"enemies":"Jaw Worm","floor":4,"turns":3},{"damage":1,"enemies":"2 Louse","floor":5,"turns":2},{"damage":21,"enemies":"Lagavulin","floor":6,"turns":10},{"damage":8,"enemies":"3 Sentries","floor":8,"turns":9},{"damage":3,"enemies":"Lagavulin","floor":10,"turns":7},{"damage":0,"enemies":"Looter","floor":14,"turns":3},{"damage":64,"enemies":"Hexaghost","floor":16,"turns":18}],"relics_obtained":[{"floor":6,"key":"Oddly Smooth Stone"},{"floor":8,"key":"Dead Branch"},{"floor":9,"key":"Letter Opener"},{"floor":10,"key":"Art of War"}],"event_choices":[{"event_name":"World of Goop","player_choice":"Gather Gold","floor":3,"damage_taken":0},{"event_name":"The Woman in Blue","player_choice":"Bought 2 Potions","floor":11,"damage_taken":0},{"event_name":"The Cleric","player_choice":"Card Removal","floor":12,"damage_taken":0}],"boss_relics":[],"items_purged_floors":[],"potions_floor_spawned":[1,5,14],"seed_played":"1682323146008390436","killed_by":"Hexaghost","ascension_level":11,"potions_obtained":[{"floor":1,"key":"Block Potion"},{"floor":5,"key":"Swift Potion"},{"floor":11,"key":"SkillPotion"},{"floor":11,"key":"Dexterity Potion"}],"is_trial":false}