{"gold_per_floor":[110,110,260,260,40,40,63,63,63,97,97,117,117,117,117,117],"floor_reached":16,"playtime":445,"items_purged":[],"score":192,"play_id":"9823881b-63ba-44b6-955c-70211ddf6a81","local_time":"20190217192515","is_ascension_mode":true,"campfire_choices":[{"data":"Buffer","floor":6,"key":"SMITH"},{"data":"Hologram","floor":8,"key":"SMITH"},{"data":"Self Repair","floor":11,"key":"SMITH"},{"data":"Dualcast","floor":13,"key":"SMITH"},{"data":"Ball Lightning","floor":15,"key":"SMITH"}],"neow_cost":"NONE","seed_source_timestamp":984634640807200,"circlet_count":0,"master_deck":["AscendersBane","Strike_B","Strike_B","Strike_B","Strike_B","Defend_B","Defend_B","Defend_B+1","Defend_B","Zap+1","Dualcast+1","Buffer+1","Hologram+1","Doubt","Ball Lightning+1","Self Repair+1","Barrage+1","White Noise"],"relics":["Cracked Core","Golden Idol","Oddly Smooth Stone","Thread and Needle","Pen Nib"],"potions_floor_usage":[],"damage_taken":[{"damage":1,"enemies":"2 Louse","floor":1,"turns":3},{"damage":0,"enemies":"Jaw Worm","floor":7,"turns":3},{"damage":13,"enemies":"3 Sentries","floor":10,"turns":8},{"damage":0,"enemies":"Small Slimes","floor":12,"turns":4},{"damage":43,"enemies":"The Guardian","floor":16,"turns":10}],"seed_played":"-6659274287772856077","potions_obtained":[],"is_trial":false,"path_per_floor":["M","?","?","?","$","R","M","R","T","E","R","M","R","?","R","B"],"character_chosen":"DEFECT","items_purchased":["Ball Lightning","Oddly Smooth Stone"],"campfire_rested":0,"item_purchase_floors":[5,5],"current_hp_per_floor":[63,63,63,63,63,63,63,63,63,50,50,60,60,41,41,0],"gold":117,"neow_bonus":"ONE_RANDOM_RARE_CARD","is_prod":false,"is_daily":false,"chose_seed":false,"campfire_upgraded":5,"win_rate":0,"timestamp":1550460315,"path_taken":["M","?","?","?","$","R","M","R","T","E","R","M","R","?","R","BOSS"],"build_version":"2019-01-23","purchased_purges":0,"victory":false,"max_hp_per_floor":[71,64,64,64,64,64,64,64,64,64,64,64,64,64,64,64],"card_choices":[{"not_picked":["Compile Driver","Redo"],"picked":"Hologram","floor":1},{"not_picked":["Sweeping Beam","Undo"],"picked":"Self Repair","floor":7},{"not_picked":["Redo","Fusion"],"picked":"Barrage","floor":10},{"not_picked":["Turbo","Barrage"],"picked":"White Noise","floor":12}],"player_experience":723966,"relics_obtained":[{"floor":9,"key":"Thread and Needle"},{"floor":10,"key":"Pen Nib"}],"event_choices":[{"damage_healed":0,"gold_gain":0,"player_choice":"Lose Max HP","damage_taken":0,"relics_obtained":["Golden Idol"],"max_hp_gain":0,"max_hp_loss":7,"event_name":"Golden Idol","floor":2,"gold_loss":0},{"damage_healed":0,"gold_gain":150,"player_choice":"AGREE","damage_taken":0,"max_hp_gain":0,"max_hp_loss":0,"event_name":"Liars Game","floor":3,"gold_loss":0,"cards_obtained":["Doubt"]},{"damage_healed":0,"gold_gain":0,"player_choice":"Grow","damage_taken":0,"max_hp_gain":0,"max_hp_loss":0,"event_name":"Living Wall","floor":4,"gold_loss":0,"cards_upgraded":["Zap"]},{"damage_healed":0,"gold_gain":0,"player_choice":"Entered Light","damage_taken":19,"max_hp_gain":0,"max_hp_loss":0,"event_name":"Shining Light","floor":14,"gold_loss":0,"cards_upgraded":["Barrage","Defend_B"]}],"is_beta":false,"boss_relics":[],"items_purged_floors":[],"is_endless":false,"potions_floor_spawned":[],"killed_by":"The Guardian","ascension_level":20}