{"gold_per_floor":[111,111,124,143,68,68,143,162,240,240,140,168,168,168,168,168],"floor_reached":16,"playtime":537,"items_purged":["Strike_R"],"score":172,"play_id":"db4c232c-6a34-4997-aed1-95781393038c","local_time":"20181205195028","is_ascension_mode":true,"campfire_choices":[{"data":"Shrug It Off","floor":6,"key":"SMITH"},{"data":"Shockwave","floor":10,"key":"SMITH"},{"data":"True Grit","floor":13,"key":"SMITH"},{"data":"Inflame","floor":15,"key":"SMITH"}],"neow_cost":"NONE","seed_source_timestamp":352897173785222,"circlet_count":0,"master_deck":["AscendersBane","Strike_R","Strike_R","Defend_R","Defend_R","Defend_R","Defend_R","Bash","Barricade","Inflame+1","Shrug It Off+1","Infernal Blade","Shockwave+1","True Grit+1","Cleave"],"relics":["Burning Blood","Bottled Lightning","Vajra","Golden Idol"],"potions_floor_usage":[16],"damage_taken":[{"damage":1,"enemies":"2 Louse","floor":1,"turns":2},{"damage":8,"enemies":"Jaw Worm","floor":3,"turns":4},{"damage":1,"enemies":"Small Slimes","floor":4,"turns":5},{"damage":3,"enemies":"3 Louse","floor":8,"turns":4},{"damage":9,"enemies":"Lagavulin","floor":12,"turns":8},{"damage":42,"enemies":"Hexaghost","floor":16,"turns":11}],"seed_played":"-4600941096579074455","potions_obtained":[{"floor":1,"key":"SneckoOil"},{"floor":4,"key":"Explosive Potion"}],"is_trial":false,"path_per_floor":["M","?","M","M","?","R","?","M","T","R","$","E","R","?","R","B"],"character_chosen":"IRONCLAD","items_purchased":["True Grit"],"campfire_rested":0,"item_purchase_floors":[11],"current_hp_per_floor":[73,73,71,75,75,75,64,67,67,67,67,64,64,38,38,0],"gold":168,"neow_bonus":"ONE_RANDOM_RARE_CARD","is_prod":false,"is_daily":false,"chose_seed":false,"campfire_upgraded":4,"win_rate":0,"timestamp":1544057428,"path_taken":["M","?","M","M","?","R","?","M","T","R","$","E","R","?","R","BOSS"],"build_version":"2018-12-05","purchased_purges":1,"victory":false,"max_hp_per_floor":[75,75,75,75,75,75,75,75,75,75,75,75,75,75,75,75],"card_choices":[{"not_picked":["Intimidate","Pommel Strike"],"picked":"Inflame","floor":1},{"not_picked":["Combust","Inflame"],"picked":"Shrug It Off","floor":3},{"not_picked":["Anger","Bloodletting"],"picked":"Infernal Blade","floor":4},{"not_picked":["Twin Strike","Barricade"],"picked":"Shockwave","floor":8},{"not_picked":["Perfected Strike","Warcry"],"picked":"Cleave","floor":12}],"player_experience":442540,"relics_obtained":[{"floor":9,"key":"Bottled Lightning"},{"floor":12,"key":"Vajra"}],"event_choices":[{"cards_removed":["Strike_R"],"damage_healed":0,"gold_gain":0,"player_choice":"Forget","damage_taken":0,"max_hp_gain":0,"max_hp_loss":0,"event_name":"Living Wall","floor":2,"gold_loss":0},{"cards_removed":["Strike_R"],"damage_healed":0,"gold_gain":0,"player_choice":"Card Removal","damage_taken":0,"max_hp_gain":0,"max_hp_loss":0,"event_name":"The Cleric","floor":5,"gold_loss":75},{"damage_healed":0,"gold_gain":75,"player_choice":"Gather Gold","damage_taken":11,"max_hp_gain":0,"max_hp_loss":0,"event_name":"World of Goop","floor":7,"gold_loss":0},{"damage_healed":0,"gold_gain":0,"player_choice":"Take Damage","damage_taken":26,"relics_obtained":["Golden Idol"],"max_hp_gain":0,"max_hp_loss":0,"event_name":"Golden Idol","floor":14,"gold_loss":0}],"is_beta":true,"boss_relics":[],"items_purged_floors":[11],"is_endless":false,"potions_floor_spawned":[1,4,8],"killed_by":"Hexaghost","ascension_level":15}