{"path_per_floor":["M","?","M","?","M","$","R","?","T","M","M","?","$","M","R","B",null,"M","$","?","?","M","R","$","M","T","?","M","M","R","?","R","B",null,"M","$","?","M","T","R","?","M","T","M","$","?","M","?","R"],"character_chosen":"DEFECT","items_purchased":["Storm","Ginger","Bronze Scales","Juzu Bracelet","Panache"],"gold_per_floor":[362,362,378,378,397,14,14,14,60,78,91,41,41,60,60,163,163,181,30,30,30,46,46,46,62,141,240,251,265,265,265,265,364,364,379,42,42,56,56,56,56,66,66,76,1,1,18,18,18,18],"floor_reached":50,"campfire_rested":5,"playtime":1905,"item_purchase_floors":[6,6,19,36,36],"current_hp_per_floor":[73,58,52,52,51,51,51,51,51,53,53,53,53,33,55,25,75,55,55,55,39,41,63,63,60,60,60,35,23,45,37,37,18,37,12,12,12,14,14,25,25,25,25,25,25,25,26,26,37,0],"items_purged":["Defend_B"],"gold":18,"score":482,"play_id":"702a77e6-e7d3-4b11-84bd-ec91d8acd8c4","local_time":"20180622212306","is_prod":false,"is_daily":false,"chose_seed":false,"is_ascension_mode":false,"campfire_upgraded":2,"win_rate":0,"timestamp":1529666586,"campfire_choices":[{"data":"Storm","floor":7,"key":"SMITH"},{"floor":15,"key":"REST"},{"floor":23,"key":"REST"},{"floor":30,"key":"REST"},{"data":"Defragment","floor":32,"key":"SMITH"},{"floor":40,"key":"REST"},{"floor":49,"key":"REST"}],"path_taken":["M","?","M","?","M","$","R","?","T","M","?","?","$","M","R","BOSS","M","?","?","?","M","R","?","M","T","?","M","?","R","?","R","BOSS","M","$","?","M","?","R","?","M","T","M","?","?","M","?","R","BOSS"],"build_version":"2018-06-21","seed_source_timestamp":2132995241014,"purchased_purges":1,"circlet_count":0,"victory":false,"master_deck":["Strike_B","Strike_B","Strike_B","Defend_B+1","Defend_B","Zap","Dualcast+1","Defragment+1","BootSequence","Ball Lightning","Storm+1","Conserve Battery","Force Field","Auto Shields","Creative AI","Genetic Algorithm","Ball Lightning+1","Ghostly","Ghostly","Ghostly","Ghostly","Ghostly","Seek","Panache","Ball Lightning+1","Skim","Panache","Storm+1"],"max_hp_per_floor":[75,75,75,75,75,75,75,75,75,75,75,75,75,75,75,75,75,75,75,75,75,75,75,75,75,75,75,75,75,75,37,37,37,37,37,37,37,37,37,37,37,37,37,37,37,37,37,37,37,37],"relics":["Cracked Core","Ginger","Blood Vial","Lizard Tail","Bronze Scales","Nilry\u0027s Codex","Bottled Tornado","Inserter","Juzu Bracelet","Art of War","Peace Pipe"],"card_choices":[{"not_picked":["Hologram","Rip and Tear"],"picked":"Defragment","floor":1},{"not_picked":["Undo","Leap"],"picked":"BootSequence","floor":3},{"not_picked":["Cold Snap","Steam"],"picked":"Ball Lightning","floor":5},{"not_picked":["Steam","Rip and Tear"],"picked":"Conserve Battery","floor":10},{"not_picked":["Beam Cell","Rebound"],"picked":"Force Field","floor":11},{"not_picked":["Compile Driver","Chill"],"picked":"Auto Shields","floor":14},{"not_picked":["Rainbow","Core Surge"],"picked":"Creative AI","floor":16},{"not_picked":["Chaos","Beam Cell","Streamline"],"picked":"SKIP","floor":18},{"not_picked":["Compile Driver","Rebound","Coolheaded"],"picked":"SKIP","floor":22},{"not_picked":["Sweeping Beam","Go for the Eyes","Sunder"],"picked":"SKIP","floor":25},{"not_picked":["Redo","Undo+1"],"picked":"Ball Lightning+1","floor":28},{"not_picked":["Barrage","Turbo","Scrape"],"picked":"SKIP","floor":29},{"not_picked":["Amplify","Machine Learning"],"picked":"Seek","floor":33},{"not_picked":["Turbo","Rebound","Beam Cell"],"picked":"SKIP","floor":35},{"not_picked":["Rebound+1","Leap+1"],"picked":"Ball Lightning+1","floor":38},{"not_picked":["Steam Power","Stack+1","Coolheaded+1"],"picked":"SKIP","floor":42},{"not_picked":["Double Energy","Rip and Tear+1","Hello World"],"picked":"SKIP","floor":44},{"not_picked":["Flash of Steel","Transmutation"],"picked":"Panache","floor":46},{"not_picked":["Aggregate","Turbo+1","Undo"],"picked":"SKIP","floor":47}],"player_experience":447027,"potions_floor_usage":[3,14,16,25,25,29,35,42,42,44],"damage_taken":[{"damage":2,"enemies":"2 Louse","floor":1,"turns":2},{"damage":6,"enemies":"Jaw Worm","floor":3,"turns":3},{"damage":1,"enemies":"Cultist","floor":5,"turns":3},{"damage":0,"enemies":"Large Slime","floor":10,"turns":3},{"damage":2,"enemies":"2 Fungi Beasts","floor":11,"turns":3},{"damage":22,"enemies":"Gremlin Gang","floor":14,"turns":5},{"damage":32,"enemies":"Slime Boss","floor":16,"turns":12},{"damage":20,"enemies":"Spheric Guardian","floor":18,"turns":5},{"damage":0,"enemies":"Chosen","floor":22,"turns":5},{"damage":5,"enemies":"Snake Plant","floor":25,"turns":4},{"damage":27,"enemies":"Centurion and Healer","floor":28,"turns":8},{"damage":14,"enemies":"Chosen and Byrds","floor":29,"turns":5},{"damage":19,"enemies":"Champ","floor":33,"turns":10},{"damage":25,"enemies":"3 Darklings","floor":35,"turns":6},{"damage":0,"enemies":"3 Shapes","floor":38,"turns":5},{"damage":2,"enemies":"Sphere and 2 Shapes","floor":42,"turns":5},{"damage":2,"enemies":"Spire Growth","floor":44,"turns":5},{"damage":1,"enemies":"Transient","floor":47,"turns":5},{"damage":74,"enemies":"Awakened One","floor":50,"turns":10}],"relics_obtained":[{"floor":9,"key":"Blood Vial"},{"floor":21,"key":"Nilry\u0027s Codex"},{"floor":26,"key":"Bottled Tornado"},{"floor":39,"key":"Art of War"},{"floor":43,"key":"Peace Pipe"}],"event_choices":[{"event_name":"Shining Light","player_choice":"Entered Light","floor":2,"damage_taken":0},{"event_name":"Living Wall","player_choice":"Forget","floor":4,"damage_taken":0},{"event_name":"Purifier","player_choice":"One Purge","floor":8,"damage_taken":0},{"event_name":"The Cleric","player_choice":"Card Removal","floor":12,"damage_taken":0},{"event_name":"The Library","player_choice":"Read","floor":20,"damage_taken":0},{"event_name":"Cursed Tome","player_choice":"Obtained Book","floor":21,"damage_taken":0},{"event_name":"Nest","player_choice":"Stole From Cult","floor":27,"damage_taken":0},{"event_name":"Ghosts","player_choice":"Became a Ghost","floor":31,"damage_taken":0},{"event_name":"Mysterious Sphere","player_choice":"Ignore","floor":37,"damage_taken":0},{"event_name":"Match and Keep!","player_choice":"1 cards matched","floor":41,"damage_taken":0},{"event_name":"SensoryStone","player_choice":"Memory 1","floor":46,"damage_taken":0},{"event_name":"Duplicator","player_choice":"One dupe","floor":48,"damage_taken":0}],"boss_relics":[{"not_picked":["Pandora\u0027s Box","Busted Crown"],"picked":"Lizard Tail"},{"not_picked":["Empty Cage","Runic Pyramid"],"picked":"Inserter"}],"items_purged_floors":[45],"is_endless":true,"potions_floor_spawned":[1,5,10,16,22,28,33,35,38,42],"seed_played":"2558896870084405384","killed_by":"Awakened One","ascension_level":0,"potions_obtained":[{"floor":1,"key":"SkillPotion"},{"floor":5,"key":"Weak Potion"},{"floor":10,"key":"Block Potion"},{"floor":16,"key":"EssenceOfSteel"},{"floor":22,"key":"Fire Potion"},{"floor":28,"key":"Block Potion"},{"floor":33,"key":"LiquidBronze"},{"floor":35,"key":"Block Potion"},{"floor":38,"key":"Fire Potion"},{"floor":42,"key":"SkillPotion"}],"is_trial":false}