{"path_per_floor":["M","?","M","?","$","E","R","M","T","M","R","T","R","M","R","B",null,"M","?","$","M","?","R","E","$","T","?","$","M","M","M","R","B",null,"M","M","$","M","?","R","M","R","T","?","E","?","?","M","R","B"],"character_chosen":"THE_SILENT","items_purchased":["Fire Potion","Flash of Steel","Frozen Egg 2","Well Laid Plans","Snake Skull"],"gold_per_floor":[109,109,122,122,73,103,103,116,116,136,136,215,215,227,227,328,328,340,255,77,89,89,89,415,71,71,71,0,18,34,47,47,149,149,165,176,24,39,39,39,54,54,54,54,79,79,79,95,95,95],"floor_reached":51,"campfire_rested":4,"playtime":3419,"current_hp_per_floor":[64,69,66,66,66,17,17,14,14,14,36,36,36,18,40,22,75,75,75,75,75,59,59,42,42,49,49,49,46,46,46,70,40,82,81,75,75,75,75,75,75,75,75,75,81,71,71,67,84,60],"items_purged":["Defend_G","Defend_G"],"gold":95,"score":594,"play_id":"7c2a9da9-3568-4e34-990c-2ff0949aa3b8","is_prod":false,"is_daily":false,"is_ascension_mode":true,"campfire_upgraded":5,"path_taken":["M","?","M","?","?","E","R","M","T","M","R","?","R","M","R","BOSS","M","?","$","M","?","R","E","$","T","?","?","?","M","?","R","BOSS","M","M","$","M","?","R","M","R","T","?","E","?","?","M","R","BOSS"],"build_version":"2018-02-08-PROD1","purchased_purges":3,"victory":true,"master_deck":["Defend_G","Defend_G","Defend_G","Survivor","Neutralize+1","Footwork+1","Backflip+1","Dash+1","Quick Slash+1","Adrenaline+1","Poisoned Stab+1","Burst+1","Flash of Steel+1","Blur+1","Cloak And Dagger+1","Well Laid Plans+1","Cloak And Dagger+1","Deadly Poison+1","Envenom+1","Footwork+1","Clumsy","Accuracy+1","Madness","Madness"],"max_hp_per_floor":[70,75,75,75,75,75,75,75,75,75,75,75,75,75,75,75,75,75,75,75,75,75,75,75,75,82,82,82,82,82,82,82,82,82,82,82,82,82,82,82,82,82,82,82,82,82,82,84,84,84],"relics":["Black Star","Tough Bandages","Molten Egg 2","Peace Pipe","Dodecahedron","Astrolabe","Bronze Scales","Nilry\u0027s Codex","Torii","Old Coin","Frozen Egg 2","Strawberry","Cursed Key","Snake Skull","Calipers","Singing Bowl","Happy Flower"],"card_choices":[{"not_picked":["Acrobatics","Predator"],"picked":"Footwork"},{"not_picked":["Bane","Dagger Spray"],"picked":"Backflip"},{"not_picked":["Heel Hook","Quick Slash"],"picked":"Dash"},{"not_picked":["Acrobatics","Reflex"],"picked":"Quick Slash"},{"not_picked":["Distraction","Riddle With Holes"],"picked":"Adrenaline"},{"not_picked":["Acrobatics","Masterful Stab"],"picked":"Blur"},{"not_picked":["Eviscerate","Distraction"],"picked":"Cloak And Dagger"},{"not_picked":["Poisoned Stab","Riddle With Holes"],"picked":"Cloak And Dagger"},{"not_picked":["Slice","Dagger Spray"],"picked":"Deadly Poison"},{"not_picked":["Wraith Form","Phantasmal Killer"],"picked":"Envenom"},{"not_picked":["Infinite Blades","Dodge and Roll"],"picked":"Footwork"},{"not_picked":["Acrobatics","Caltrops"],"picked":"Accuracy"}],"player_experience":165260,"potions_floor_usage":[6,6,16,16,24,33,38,45,45,45],"damage_taken":[{"damage":6,"enemies":"Cultist","floor":1,"turns":5},{"damage":3,"enemies":"2 Louse","floor":3,"turns":4},{"damage":49,"enemies":"Gremlin Nob","floor":6,"turns":6},{"damage":3,"enemies":"Blue Slaver","floor":8,"turns":5},{"damage":0,"enemies":"2 Fungi Beasts","floor":10,"turns":3},{"damage":18,"enemies":"Exordium Wildlife","floor":14,"turns":5},{"damage":18,"enemies":"Hexaghost","floor":16,"turns":16},{"damage":0,"enemies":"3 Byrds","floor":18,"turns":6},{"damage":0,"enemies":"2 Thieves","floor":21,"turns":3},{"damage":17,"enemies":"Book of Stabbing","floor":24,"turns":5},{"damage":3,"enemies":"Snake Plant","floor":29,"turns":5},{"damage":0,"enemies":"Centurion and Healer","floor":30,"turns":6},{"damage":0,"enemies":"Snecko","floor":31,"turns":7},{"damage":30,"enemies":"Collector","floor":33,"turns":12},{"damage":1,"enemies":"Orb Walker","floor":35,"turns":4},{"damage":6,"enemies":"3 Darklings","floor":36,"turns":7},{"damage":0,"enemies":"4 Shapes","floor":38,"turns":5},{"damage":0,"enemies":"Maw","floor":41,"turns":6},{"damage":1,"enemies":"2 Orb Walkers","floor":45,"turns":5},{"damage":6,"enemies":"3 Darklings","floor":48,"turns":5},{"damage":24,"enemies":"Donu and Deca","floor":50,"turns":10}],"event_choices":[{"event_name":"Big Fish","player_choice":"Donut","floor":2,"damage_taken":0},{"event_name":"Bonfire Elementals","player_choice":"BASIC","floor":4,"damage_taken":0},{"event_name":"Addict","player_choice":"Obtained Relic","floor":19,"damage_taken":0},{"event_name":"Cursed Tome","player_choice":"Obtained Book","floor":22,"damage_taken":0},{"event_name":"Back to Basics","player_choice":"Elegance","floor":27,"damage_taken":0},{"event_name":"Upgrade Shrine","player_choice":"Upgraded","floor":39,"damage_taken":0},{"event_name":"Winding Halls","player_choice":"Embrace Madness","floor":46,"damage_taken":0},{"event_name":"Mysterious Sphere","player_choice":"Ignore","floor":47,"damage_taken":0}],"boss_relics":[{"not_picked":["Tiny House","Question Card"],"picked":"Astrolabe"},{"not_picked":["Eternal Feather","Velvet Choker"],"picked":"Cursed Key"}],"potions_floor_spawned":[1,6,14,16,18,29,31,33,36,38,41],"seed_played":"-4291529441453127523","ascension_level":3,"is_trial":false}