{"gold_per_floor":[113,113,129,19,31,31,49,68,91,121,101,26,40,58,58,136,136,147,147,157,172,172,172],"floor_reached":23,"playtime":687,"items_purged":["Defend_R"],"score":390,"play_id":"992b6ea8-517b-47ef-aa1a-7675031ade71","local_time":"20181106223539","is_ascension_mode":true,"campfire_choices":[{"data":"Whirlwind","floor":6.0,"key":"SMITH"},{"floor":15,"key":"REST"}],"neow_cost":"NONE","seed_source_timestamp":443659823416497,"circlet_count":0,"master_deck":["AscendersBane","Strike_R","Strike_R","Strike_R","Defend_R+1","Defend_R+1","Defend_R","Bash","Whirlwind+1","Metallicize","True Grit","Metallicize","Berserk","Uppercut","Demon Form","Shrug It Off","Battle Trance+1"],"special_seed":0,"relics":["Burning Blood","NeowsBlessing","War Paint","Dream Catcher","Oddly Smooth Stone","Mark of Pain","Nilry\u0027s Codex"],"potions_floor_usage":[16,16],"damage_taken":[{"damage":0.0,"enemies":"Small Slimes","floor":1.0,"turns":1.0},{"damage":0.0,"enemies":"2 Louse","floor":3.0,"turns":1.0},{"damage":0.0,"enemies":"Cultist","floor":5.0,"turns":1.0},{"damage":7.0,"enemies":"Blue Slaver","floor":7.0,"turns":5.0},{"damage":0.0,"enemies":"Gremlin Gang","floor":8.0,"turns":1.0},{"damage":34.0,"enemies":"Lagavulin","floor":10.0,"turns":6.0},{"damage":2,"enemies":"Looter","floor":13,"turns":4},{"damage":7,"enemies":"Blue Slaver","floor":14,"turns":6},{"damage":45,"enemies":"Hexaghost","floor":16,"turns":13},{"damage":24,"enemies":"Chosen","floor":18,"turns":6},{"damage":0,"enemies":"3 Byrds","floor":20,"turns":5},{"damage":21,"enemies":"Snecko","floor":21,"turns":6},{"damage":28,"enemies":"Book of Stabbing","floor":23,"turns":3}],"seed_played":"6591840492327622794","potions_obtained":[{"floor":8.0,"key":"Explosive Potion"},{"floor":10.0,"key":"GamblersBrew"},{"floor":11.0,"key":"Fruit Juice"},{"floor":13,"key":"EssenceOfSteel"},{"floor":21,"key":"SteroidPotion"}],"is_trial":false,"path_per_floor":["M","?","M","?","M","R","M","M","T","E","?","$","M","M","R","B",null,"M","?","M","M","?","E"],"character_chosen":"IRONCLAD","items_purchased":[],"campfire_rested":1,"item_purchase_floors":[],"current_hp_per_floor":[74,74,75,75,75,75,74,75,75,47,52,52,56,55,79,40,70,52,31,37,22,22,0],"gold":172,"neow_bonus":"THREE_ENEMY_KILL","is_prod":false,"is_daily":false,"chose_seed":false,"campfire_upgraded":1,"win_rate":0,"timestamp":1541572539,"path_taken":["M","?","M","?","M","R","?","M","T","E","?","$","?","M","R","BOSS","M","?","M","M","?","E"],"build_version":"2018-11-05","purchased_purges":1,"victory":false,"max_hp_per_floor":[75,75,75,75,75,75,75,75,75,75,80,80,80,80,80,80,80,80,80,80,80,80,80],"card_choices":[{"not_picked":["Armaments","Warcry","Hemokinesis"],"picked":"SKIP","floor":1.0},{"not_picked":["Headbutt","Fire Breathing","Clash"],"picked":"SKIP","floor":3.0},{"not_picked":["Fire Breathing","Heavy Blade"],"picked":"Metallicize","floor":5.0},{"not_picked":["Armaments","Heavy Blade","Clash"],"picked":"SKIP","floor":7.0},{"not_picked":["Corruption","Cleave"],"picked":"True Grit","floor":8.0},{"not_picked":["Carnage","Rage"],"picked":"Metallicize","floor":10.0},{"not_picked":["Bloodletting","Headbutt","Flex"],"picked":"SKIP","floor":13},{"not_picked":["Body Slam","Sever Soul"],"picked":"Berserk","floor":14},{"not_picked":["Shrug It Off","Carnage"],"picked":"Uppercut","floor":15},{"not_picked":["Brutality","Reaper"],"picked":"Demon Form","floor":16},{"not_picked":["Cleave","Flex"],"picked":"Shrug It Off","floor":18},{"not_picked":["Shrug It Off","Armaments"],"picked":"Battle Trance+1","floor":20},{"not_picked":["Armaments","Heavy Blade","Dropkick"],"picked":"SKIP","floor":21}],"player_experience":621383,"relics_obtained":[{"floor":9.0,"key":"Dream Catcher"},{"floor":10.0,"key":"Oddly Smooth Stone"},{"floor":19,"key":"Nilry\u0027s Codex"}],"event_choices":[{"damage_healed":0.0,"max_hp_gain":0.0,"max_hp_loss":0.0,"gold_gain":0.0,"cards_transformed":["Strike_R"],"event_name":"Living Wall","player_choice":"Change","floor":2.0,"gold_loss":0.0,"damage_taken":0.0,"cards_obtained":["Whirlwind"]},{"damage_healed":0.0,"max_hp_gain":0.0,"max_hp_loss":0.0,"gold_gain":0.0,"event_name":"WeMeetAgain","player_choice":"Paid Gold","floor":4.0,"gold_loss":110.0,"damage_taken":0.0,"relics_obtained":["War Paint"]},{"damage_healed":0.0,"max_hp_gain":0.0,"max_hp_loss":0.0,"gold_gain":0.0,"event_name":"The Woman in Blue","player_choice":"Bought 1 Potion","floor":11.0,"gold_loss":0.0,"damage_taken":0.0},{"damage_healed":0,"gold_gain":0,"player_choice":"Obtained Book","damage_taken":21,"max_hp_gain":0,"max_hp_loss":0,"event_name":"Cursed Tome","floor":19,"gold_loss":0},{"cards_removed":["Strike_R"],"damage_healed":0,"gold_gain":0,"player_choice":"Card Removal","damage_taken":0,"max_hp_gain":0,"max_hp_loss":0,"event_name":"Wheel of Change","floor":22,"gold_loss":0}],"is_beta":true,"boss_relics":[{"not_picked":["Eternal Feather","Black Star"],"picked":"Mark of Pain"}],"items_purged_floors":[12],"is_endless":false,"potions_floor_spawned":[8,10,13,21],"killed_by":"Book of Stabbing","ascension_level":20}