{"gold_per_floor":[113,127,146,164,164,197,197,230,230,230,259,259,6,22,22,96,96,108,127,140,140,151,151,163,163],"floor_reached":25,"playtime":1023,"items_purged":["Strike_B"],"score":500,"play_id":"35a60af8-c5bb-450f-af57-ddf415aa5409","local_time":"20190303162543","is_ascension_mode":true,"campfire_choices":[{"data":"Zap","floor":7,"key":"SMITH"},{"data":"Ball Lightning","floor":10,"key":"SMITH"},{"floor":12,"key":"REST"},{"data":"Doom and Gloom","floor":15,"key":"SMITH"},{"floor":23,"key":"REST"}],"neow_cost":"NONE","seed_source_timestamp":2182897744900500,"circlet_count":0,"master_deck":["AscendersBane","Strike_B+1","Strike_B+1","Defend_B+1","Defend_B+1","Defend_B+1","Defend_B+1","Zap+1","Dualcast+1","FTL","Ball Lightning+1","Ball Lightning","Compile Driver","Chill","Doom and Gloom+1","FTL","Coolheaded","Echo Form"],"relics":["FrozenCore","War Paint","DataDisk","Pantograph","The Courier","Centennial Puzzle","Strawberry"],"potions_floor_usage":[6,11,16,22,25,25],"damage_taken":[{"damage":4,"enemies":"Jaw Worm","floor":1,"turns":3},{"damage":1,"enemies":"Cultist","floor":2,"turns":3},{"damage":6,"enemies":"Small Slimes","floor":3,"turns":2},{"damage":10,"enemies":"Exordium Wildlife","floor":4,"turns":4},{"damage":0,"enemies":"Gremlin Nob","floor":6,"turns":2},{"damage":10,"enemies":"3 Sentries","floor":8,"turns":5},{"damage":21,"enemies":"Lagavulin","floor":11,"turns":4},{"damage":1,"enemies":"Red Slaver","floor":14,"turns":2},{"damage":36,"enemies":"Slime Boss","floor":16,"turns":6},{"damage":7,"enemies":"Shell Parasite","floor":18,"turns":4},{"damage":4,"enemies":"Chosen","floor":19,"turns":4},{"damage":29,"enemies":"3 Cultists","floor":20,"turns":6},{"damage":23,"enemies":"Shelled Parasite and Fungi","floor":22,"turns":5},{"damage":12,"enemies":"Snecko","floor":24,"turns":6},{"damage":24,"enemies":"Book of Stabbing","floor":25,"turns":5}],"seed_played":"6609483012387126215","potions_obtained":[{"floor":1,"key":"Fire Potion"},{"floor":2,"key":"Weak Potion"},{"floor":11,"key":"FocusPotion"},{"floor":16,"key":"LiquidBronze"},{"floor":18,"key":"Regen Potion"},{"floor":19,"key":"Dexterity Potion"},{"floor":24,"key":"SkillPotion"}],"is_trial":false,"path_per_floor":["M","M","M","M","?","E","R","E","T","R","E","R","$","M","R","B",null,"M","M","M","?","M","R","M","E"],"character_chosen":"DEFECT","items_purchased":["FTL","Strawberry"],"campfire_rested":2,"item_purchase_floors":[13,13],"current_hp_per_floor":[60,59,53,43,43,43,43,33,33,33,12,33,40,39,39,28,66,59,55,26,26,8,31,19,0],"gold":163,"neow_bonus":"RANDOM_COMMON_RELIC","is_prod":false,"is_daily":false,"chose_seed":false,"campfire_upgraded":3,"win_rate":0,"timestamp":1551659143,"path_taken":["M","M","M","M","?","E","R","E","T","R","E","R","$","M","R","BOSS","M","M","M","?","M","R","M","E"],"build_version":"2019-01-23","purchased_purges":1,"victory":false,"max_hp_per_floor":[71,71,71,71,71,71,71,71,71,71,71,71,78,78,78,78,78,78,78,78,78,78,78,78,78],"card_choices":[{"not_picked":["Chaos","Gash"],"picked":"FTL","floor":1},{"not_picked":["Gash","Melter"],"picked":"Ball Lightning","floor":2},{"not_picked":["Rebound","Leap"],"picked":"Ball Lightning","floor":3},{"not_picked":["Undo","Sweeping Beam"],"picked":"Compile Driver","floor":4},{"not_picked":["White Noise","Consume"],"picked":"Chill","floor":6},{"not_picked":["Stack","Static Discharge","Storm"],"picked":"SKIP","floor":8},{"not_picked":["Hello World","Sweeping Beam"],"picked":"Doom and Gloom","floor":11},{"not_picked":["Barrage","Scrape"],"picked":"Coolheaded","floor":14},{"not_picked":["Meteor Strike","Creative AI"],"picked":"Echo Form","floor":16},{"not_picked":["Streamline","Ball Lightning","Redo"],"picked":"SKIP","floor":18},{"not_picked":["Lockon","Leap","Sweeping Beam"],"picked":"SKIP","floor":19},{"not_picked":["Reprogram","Leap","Storm"],"picked":"SKIP","floor":20},{"not_picked":["Genetic Algorithm","Beam Cell","Lockon"],"picked":"SKIP","floor":22},{"not_picked":["Hologram","Streamline","Steam"],"picked":"SKIP","floor":24}],"player_experience":777154,"relics_obtained":[{"floor":6,"key":"DataDisk"},{"floor":8,"key":"Pantograph"},{"floor":9,"key":"The Courier"},{"floor":11,"key":"Centennial Puzzle"}],"event_choices":[{"cards_removed":["Strike_B"],"damage_healed":0,"gold_gain":0,"player_choice":"Purged","damage_taken":0,"max_hp_gain":0,"max_hp_loss":0,"event_name":"Purifier","floor":5,"gold_loss":0},{"damage_healed":0,"gold_gain":0,"player_choice":"Simplicity","damage_taken":0,"max_hp_gain":0,"max_hp_loss":0,"event_name":"Back to Basics","floor":21,"gold_loss":0,"cards_upgraded":["Strike_B","Strike_B","Defend_B","Defend_B","Defend_B"]}],"is_beta":false,"boss_relics":[{"not_picked":["Eternal Feather","Runic Dome"],"picked":"FrozenCore"}],"items_purged_floors":[13],"is_endless":false,"potions_floor_spawned":[1,2,11,16,18,19,24],"killed_by":"Book of Stabbing","ascension_level":20}