{"gold_per_floor":[138,168,168,228,279,279,369,459,486,570,570,570,663,158,158,395,395,443,72,114,162,77,77,161,161,161,236,286,337,337,430,430,661,661,691,691,691,11,56,56,56],"floor_reached":41,"playtime":696,"items_purged":[],"score":1723,"play_id":"969ee714-2d97-48ae-bb9c-b0015c16b358","local_time":"20180709021717","daily_mods":["Draft","Diverse","Brewmaster","Heirloom","Insanity","Specialized","Allstar","Cursed Run","Midas","Time Dilation","Elite Swarm","Uncertain Future","Lethality","Binary","Night Terrors","Terminal","Vintage","Hoarder"],"is_ascension_mode":true,"campfire_choices":[{"data":"Hemokinesis","floor":6,"key":"PURGE"},{"data":"Combust","floor":11,"key":"PURGE"},{"data":"Combust","floor":15,"key":"PURGE"},{"data":"Rupture","floor":23,"key":"PURGE"},{"floor":25,"key":"REST"},{"floor":32,"key":"REST"},{"data":"Pain","floor":40,"key":"PURGE"}],"neow_cost":"","seed_source_timestamp":1132846456521472,"circlet_count":0,"master_deck":["Spot Weakness","Power Through+1","Spot Weakness+1","Evolve","Fiend Fire","Juggernaut","Inflame","Juggernaut","Inflame","Perfected Strike","Ghostly Armor","Clash","Clothesline","Metallicize","Reaper","Spot Weakness","Wild Strike","Disarm+1","Defend_R","Searing Blow","Havoc","Blood for Blood","Body Slam","Fire Breathing","Bludgeon","Bludgeon","Disarm","Reckless Charge","Offering","Dropkick","Uppercut","Clothesline","Rage","Body Slam","Whirlwind","Armaments","Battle Trance","Strike_R","Spot Weakness","Corruption","Intimidate","Demon Form","Entrench","Metallicize","Thunderclap","Flame Barrier","Demon Form","Wraith Form v2","Echo Form","AscendersBane","Heavy Blade","Heavy Blade","Heavy Blade+1","Backflip","Backflip","Backflip","Streamline","Streamline","Streamline","Ghostly Armor","Ghostly Armor","Ghostly Armor","Compile Driver","Compile Driver","Compile Driver","Whirlwind","Whirlwind","Whirlwind","Whirlwind","Whirlwind","Whirlwind","Flex","Flex","Flex","Streamline","Streamline","Streamline","Clash","Clash","Clash+1","Twin Strike","Twin Strike","Twin Strike","Flex","Flex","Flex","Perfected Strike","Perfected Strike","Perfected Strike","Twin Strike","Twin Strike","Twin Strike+1","Crippling Poison","Crippling Poison","Crippling Poison","Turbo","Turbo","Turbo","Secret Weapon","Secret Weapon","Secret Weapon","Clumsy","Clumsy","Clumsy","Mind Blast","Mind Blast","Mind Blast","Regret","Regret","Regret","Pain","Normality","Normality","Normality","Decay","Decay","Decay","Dodge and Roll","Dodge and Roll","Dodge and Roll"],"relics":["Snecko Eye","Unceasing Top","Busted Crown","Peace Pipe","White Beast Statue","Bag of Marbles","Vajra","Pen Nib","Art of War","Sundial","Odd Mushroom","Bronze Scales","Meat on the Bone","Whetstone","Centennial Puzzle","Blood Vial","Sozu","Smiling Mask","Happy Flower","Tiny Chest","Pantograph","Strawberry","Kunai","Paper Frog","Molten Egg 2","Bottled Lightning","Mercury Hourglass","Gremlin Horn","Bag of Preparation","Calling Bell","Lantern","The Courier","Torii","Regal Pillow","Spirit Poop","Dodecahedron","Juzu Bracelet","MealTicket","Dream Catcher","War Paint"],"potions_floor_usage":[16,37],"damage_taken":[{"damage":0,"enemies":"Jaw Worm","floor":1,"turns":1},{"damage":0,"enemies":"Small Slimes","floor":2,"turns":2},{"damage":0,"enemies":"2 Louse","floor":4,"turns":1},{"damage":0,"enemies":"Blue Slaver","floor":5,"turns":1},{"damage":0,"enemies":"Gremlin Nob","floor":7,"turns":1},{"damage":0,"floor":8,"turns":2},{"damage":0,"enemies":"3 Sentries","floor":10,"turns":2},{"damage":0,"enemies":"Gremlin Nob","floor":13,"turns":2},{"damage":0,"enemies":"Hexaghost","floor":16,"turns":4},{"damage":0,"enemies":"3 Byrds","floor":18,"turns":1},{"damage":0,"enemies":"Shell Parasite","floor":20,"turns":1},{"damage":0,"enemies":"Snake Plant","floor":21,"turns":1},{"damage":0,"enemies":"Slavers","floor":24,"turns":1},{"damage":0,"enemies":"Gremlin Leader","floor":27,"turns":1},{"damage":0,"enemies":"Snecko","floor":29,"turns":1},{"damage":0,"enemies":"Slavers","floor":31,"turns":1},{"damage":0,"enemies":"Collector","floor":33,"turns":1},{"damage":0,"enemies":"3 Darklings","floor":35,"turns":1},{"damage":0,"enemies":"3 Shapes","floor":37,"turns":1},{"damage":0,"enemies":"Maw","floor":39,"turns":1},{"damage":1,"enemies":"Nemesis","floor":41,"turns":1}],"seed_played":"-282459065417161619","potions_obtained":[{"floor":1,"key":"Explosive Potion"},{"floor":2,"key":"Dexterity Potion"},{"floor":16,"key":"SmokeBomb"}],"is_trial":true,"path_per_floor":["M","M","?","M","M","R","E","?","T","E","R","?","E","$","R","B",null,"M","$","M","M","?","R","E","R","T","E","?","M","?","E","R","B",null,"M","?","M","$","M","R"],"character_chosen":"IRONCLAD","items_purchased":["Turbo","Secret Weapon","Fruit Juice","Centennial Puzzle","Happy Flower","Tiny Chest","Mind Blast","Dodecahedron","Juzu Bracelet","MealTicket","Dream Catcher","Dodge and Roll"],"campfire_rested":2,"item_purchase_floors":[14,14,14,14,19,19,19,38,38,38,38,38],"current_hp_per_floor":[1,1,1,1,1,1,1,1,1,1,1,1,1,1,1,5,4,3,2,1,7,6,5,4,1,1,1,1,1,1,1,1,1,1,1,1,1,1,1,1,0],"gold":56,"neow_bonus":"","is_prod":false,"is_daily":false,"chose_seed":false,"campfire_upgraded":0,"win_rate":0,"timestamp":1531070237,"path_taken":["M","M","?","M","M","R","E","?","T","E","R","?","E","$","R","BOSS","M","$","M","M","?","R","E","R","T","E","?","M","?","E","R","BOSS","M","?","?","$","M","R","E"],"build_version":"2018-07-05","purchased_purges":0,"victory":false,"max_hp_per_floor":[1,1,1,1,1,1,1,1,1,1,1,1,1,1,1,5,4,3,2,1,7,6,5,4,1,1,1,1,1,1,1,1,1,1,1,1,1,1,1,1,1],"card_choices":[{"not_picked":["Setup","Reprogram"],"picked":"Heavy Blade","floor":0},{"not_picked":["Dodge and Roll","Beam Cell"],"picked":"Backflip","floor":0},{"not_picked":["Pommel Strike","Body Slam"],"picked":"Streamline","floor":0},{"not_picked":["Cloak And Dagger","Coolheaded"],"picked":"Ghostly Armor","floor":0},{"not_picked":["Rupture","Sucker Punch"],"picked":"Compile Driver","floor":0},{"not_picked":["Stack","Flex"],"picked":"Whirlwind","floor":0},{"not_picked":["Hologram","Deflect"],"picked":"Whirlwind","floor":0},{"not_picked":["All Out Attack","Leap"],"picked":"Flex","floor":0},{"not_picked":["True Grit","Barrage"],"picked":"Streamline","floor":0},{"not_picked":["Stack","Intimidate"],"picked":"Clash","floor":0},{"not_picked":["Fusion","Havoc"],"picked":"Twin Strike","floor":0},{"not_picked":["Acrobatics","Cloak And Dagger"],"picked":"Flex","floor":0},{"not_picked":["Leg Sweep","Dagger Spray"],"picked":"Perfected Strike","floor":0},{"not_picked":["Quick Slash","Capacitor"],"picked":"Twin Strike","floor":0},{"not_picked":["Genetic Algorithm","Deadly Poison"],"picked":"Crippling Poison","floor":0}],"player_experience":541534,"relics_obtained":[{"floor":1,"key":"Bag of Marbles"},{"floor":2,"key":"Vajra"},{"floor":4,"key":"Pen Nib"},{"floor":5,"key":"Art of War"},{"floor":7,"key":"Sundial"},{"floor":8,"key":"Odd Mushroom"},{"floor":9,"key":"Bronze Scales"},{"floor":10,"key":"Meat on the Bone"},{"floor":13,"key":"Whetstone"},{"floor":16,"key":"Blood Vial"},{"floor":18,"key":"Smiling Mask"},{"floor":20,"key":"Pantograph"},{"floor":21,"key":"Strawberry"},{"floor":24,"key":"Paper Frog"},{"floor":26,"key":"Molten Egg 2"},{"floor":27,"key":"Bottled Lightning"},{"floor":29,"key":"Mercury Hourglass"},{"floor":31,"key":"Gremlin Horn"},{"floor":33,"key":"Bag of Preparation"},{"floor":34,"key":"Lantern"},{"floor":34,"key":"The Courier"},{"floor":34,"key":"Torii"},{"floor":35,"key":"Regal Pillow"},{"floor":39,"key":"War Paint"}],"event_choices":[{"event_name":"Scrap Ooze","player_choice":"unsuccessful","floor":3,"damage_taken":0},{"event_name":"Mushrooms","player_choice":"Fought Mushrooms","floor":8,"damage_taken":0},{"event_name":"Shining Light","player_choice":"Entered Light","floor":12,"damage_taken":0},{"event_name":"Addict","player_choice":"Obtained Relic","floor":22,"damage_taken":0},{"event_name":"Nest","player_choice":"Stole From Cult","floor":28,"damage_taken":0},{"event_name":"Beggar","player_choice":"Ignored","floor":30,"damage_taken":0},{"event_name":"Bonfire Elementals","player_choice":"CURSE","floor":36,"damage_taken":0}],"boss_relics":[{"not_picked":["Empty Cage","Orrery"],"picked":"Sozu"},{"not_picked":["Runic Dome","Philosopher\u0027s Stone"],"picked":"Calling Bell"}],"items_purged_floors":[],"is_endless":false,"potions_floor_spawned":[1,2,4,5,7,8,10,13,16,18,20,21,24,27,29,31,33,35,37,39],"killed_by":"Nemesis","ascension_level":15}