{"gold_per_floor":[112,122,297,154,104,133,143,143,143,158,185,197,197,222,222,318,318,288,288,288,288,288,288,288,288,288,288,36,36,36,36,36,36],"floor_reached":33,"playtime":1519,"items_purged":["Doubt","Strike_G"],"score":528,"play_id":"c85933c9-c34f-4347-a1c2-b0cbb579c915","local_time":"20190214114317","is_ascension_mode":true,"campfire_choices":[{"data":"Skewer","floor":8.0,"key":"SMITH"},{"data":"Outmaneuver","floor":13.0,"key":"SMITH"},{"data":"Terror","floor":15.0,"key":"SMITH"},{"floor":29.0,"key":"REST"},{"data":"Well Laid Plans","floor":32.0,"key":"SMITH"}],"neow_cost":"NONE","seed_source_timestamp":0,"circlet_count":0,"master_deck":["Defend_G","Defend_G","Defend_G","Defend_G","Defend_G","Strike_G","Strike_G","Strike_G","Survivor","Neutralize","Skewer+1","Footwork","Footwork","Terror+1","Outmaneuver+1","Footwork","Well Laid Plans+1","Backflip","Die Die Die","Prepared+1","Backflip+1","Concentrate+1","Phantasmal Killer+1"],"special_seed":0,"relics":["Ring of the Snake","NeowsBlessing","Blue Candle","Incense Burner","Toxic Egg 2","Ectoplasm","Pen Nib","Regal Pillow","Kunai","Vajra","Oddly Smooth Stone"],"potions_floor_usage":[],"damage_taken":[{"damage":0.0,"enemies":"2 Louse","floor":1.0,"turns":1.0},{"damage":0.0,"enemies":"Small Slimes","floor":2.0,"turns":1.0},{"damage":0.0,"enemies":"3 Sentries","floor":6.0,"turns":2.0},{"damage":0.0,"enemies":"Jaw Worm","floor":7.0,"turns":6.0},{"damage":0.0,"enemies":"Blue Slaver","floor":10.0,"turns":4.0},{"damage":3.0,"enemies":"Lagavulin","floor":11.0,"turns":9.0},{"damage":0.0,"enemies":"Lots of Slimes","floor":12.0,"turns":1.0},{"damage":13.0,"enemies":"3 Sentries","floor":14.0,"turns":9.0},{"damage":10.0,"enemies":"Hexaghost","floor":16.0,"turns":9.0},{"damage":12.0,"enemies":"2 Thieves","floor":18.0,"turns":4.0},{"damage":2.0,"enemies":"Chosen","floor":19.0,"turns":5.0},{"damage":12.0,"enemies":"3 Cultists","floor":21.0,"turns":7.0},{"damage":16.0,"enemies":"Slavers","floor":23.0,"turns":7.0},{"damage":21.0,"enemies":"Snecko","floor":24.0,"turns":6.0},{"damage":1.0,"enemies":"Cultist and Chosen","floor":25.0,"turns":7.0},{"damage":0.0,"enemies":"Gremlin Leader","floor":27.0,"turns":4.0},{"damage":5.0,"enemies":"Slavers","floor":30.0,"turns":7.0},{"damage":0.0,"enemies":"Snake Plant","floor":31.0,"turns":2.0},{"damage":43,"enemies":"Collector","floor":33,"turns":5}],"seed_played":"-2623049182276013424","potions_obtained":[{"floor":6.0,"key":"AttackPotion"},{"floor":7.0,"key":"Swift Potion"},{"floor":11.0,"key":"SteroidPotion"},{"floor":14.0,"key":"Energy Potion"},{"floor":22.0,"key":"AttackPotion"},{"floor":22.0,"key":"AttackPotion"},{"floor":23.0,"key":"FairyPotion"}],"is_trial":false,"path_per_floor":["M","M","?","$","?","E","M","R","T","M","E","M","R","E","R","B",null,"M","M","?","M","?","E","M","M","T","E","$","R","E","M","R","B"],"character_chosen":"THE_SILENT","items_purchased":["Footwork","Vajra"],"campfire_rested":1,"item_purchase_floors":[4,28],"current_hp_per_floor":[63,63,63,63,63,63,63,63,63,63,60,60,60,47,47,37,62,50,48,48,36,36,20,7,6,6,6,6,42,37,37,37,0],"gold":36,"neow_bonus":"THREE_ENEMY_KILL","is_prod":false,"is_daily":false,"chose_seed":false,"campfire_upgraded":4,"win_rate":0,"timestamp":1550133797,"path_taken":["M","M","?","$","?","E","M","R","T","M","E","M","R","E","R","BOSS","M","M","?","M","?","E","M","?","T","E","$","R","E","M","R","BOSS"],"build_version":"2019-01-23","purchased_purges":2,"victory":false,"max_hp_per_floor":[70,70,70,70,70,70,70,70,70,70,70,70,70,70,70,70,70,70,70,70,70,70,70,70,70,70,70,70,70,70,70,70,70],"card_choices":[{"not_picked":["Dodge and Roll","Catalyst"],"picked":"Skewer","floor":1.0},{"not_picked":["Poisoned Stab","Backstab"],"picked":"Footwork","floor":2.0},{"not_picked":["Concentrate","Underhanded Strike"],"picked":"Terror","floor":6.0},{"not_picked":["Blade Dance","Underhanded Strike"],"picked":"Outmaneuver","floor":7.0},{"not_picked":["Eviscerate","Sucker Punch"],"picked":"Footwork","floor":10.0},{"not_picked":["Flying Knee","Deadly Poison"],"picked":"Well Laid Plans","floor":11.0},{"not_picked":["Deflect","Flying Knee"],"picked":"Backflip","floor":12.0},{"not_picked":["Riddle With Holes","Calculated Gamble","Crippling Poison"],"picked":"SKIP","floor":14.0},{"not_picked":["Cloak And Dagger+1","Underhanded Strike","Dagger Throw"],"picked":"SKIP","floor":18.0},{"not_picked":["Bouncing Flask+1","Underhanded Strike","Poisoned Stab"],"picked":"SKIP","floor":19.0},{"not_picked":["Dagger Throw","Skewer","Cloak And Dagger+1"],"picked":"SKIP","floor":21.0},{"not_picked":["Eviscerate","Deflect+1"],"picked":"Die Die Die","floor":23.0},{"not_picked":["Deadly Poison+1","Calculated Gamble+1"],"picked":"Prepared+1","floor":24.0},{"not_picked":["Cloak And Dagger+1","PiercingWail+1"],"picked":"Backflip+1","floor":25.0},{"not_picked":["Cloak And Dagger+1","Reflex+1"],"picked":"Concentrate+1","floor":27.0},{"not_picked":["Eviscerate","Backstab","Blade Dance+1"],"picked":"SKIP","floor":30.0},{"not_picked":["Flying Knee","Dagger Spray"],"picked":"Phantasmal Killer+1","floor":31.0}],"player_experience":301227,"relics_obtained":[{"floor":6.0,"key":"Blue Candle"},{"floor":11.0,"key":"Incense Burner"},{"floor":14.0,"key":"Toxic Egg 2"},{"floor":23.0,"key":"Pen Nib"},{"floor":26.0,"key":"Regal Pillow"},{"floor":27.0,"key":"Kunai"},{"floor":30.0,"key":"Oddly Smooth Stone"}],"event_choices":[{"damage_healed":0.0,"max_hp_gain":0.0,"max_hp_loss":0.0,"gold_gain":175.0,"event_name":"Liars Game","player_choice":"AGREE","floor":3.0,"gold_loss":0.0,"damage_taken":0.0,"cards_obtained":["Doubt"]},{"cards_removed":["Strike_G"],"damage_healed":0.0,"max_hp_gain":0.0,"max_hp_loss":0.0,"gold_gain":0.0,"event_name":"The Cleric","player_choice":"Card Removal","floor":5.0,"gold_loss":50.0,"damage_taken":0.0},{"damage_healed":0.0,"max_hp_gain":0.0,"max_hp_loss":0.0,"gold_gain":0.0,"event_name":"Vampires","player_choice":"Ignored","floor":20.0,"gold_loss":0.0,"damage_taken":0.0},{"damage_healed":0.0,"max_hp_gain":0.0,"max_hp_loss":0.0,"gold_gain":0.0,"event_name":"Lab","player_choice":"Got Potions","floor":22.0,"gold_loss":0.0,"damage_taken":0.0}],"is_beta":false,"boss_relics":[{"not_picked":["Runic Dome","Snecko Eye"],"picked":"Ectoplasm"}],"items_purged_floors":[4,28],"is_endless":false,"potions_floor_spawned":[6,7,11,14,19,23],"killed_by":"Collector","ascension_level":8}