{"gold_per_floor":[116,134,134,134,151,151,178,190,190,212,247,31,63,77,77,149,149,161,161,177,177,177,177],"floor_reached":23,"playtime":1266,"items_purged":["Strike_B"],"score":493,"play_id":"cee4af11-6cc5-489c-9012-459655c30c6b","local_time":"20190302193018","is_ascension_mode":true,"campfire_choices":[{"data":"Zap","floor":6.0,"key":"SMITH"},{"data":"Sunder","floor":15.0,"key":"SMITH"}],"neow_cost":"NONE","seed_source_timestamp":125834847964175,"circlet_count":0,"master_deck":["AscendersBane","Defend_B","Defend_B","Defend_B","Defend_B","Zap+1","Dualcast","Cold Snap","Redo","Cold Snap","Conserve Battery","Sunder+1","Buffer","Steam","White Noise","Self Repair","Cold Snap","Electrodynamics","Genetic Algorithm","Bite","Bite","Bite","Bite","Bite","Ghostly","Ghostly","Ghostly+1"],"special_seed":0,"relics":["Cracked Core","Bottled Flame","Thread and Needle","Odd Mushroom","Girya","Matryoshka","Snecko Eye"],"potions_floor_usage":[23],"damage_taken":[{"damage":0.0,"enemies":"Cultist","floor":1.0,"turns":3.0},{"damage":7.0,"enemies":"Jaw Worm","floor":2.0,"turns":3.0},{"damage":12.0,"enemies":"Small Slimes","floor":5.0,"turns":4.0},{"damage":27.0,"enemies":"Lagavulin","floor":7.0,"turns":8.0},{"damage":0.0,"enemies":"2 Fungi Beasts","floor":8.0,"turns":2.0},{"damage":0.0,"enemies":"The Mushroom Lair","floor":10.0,"turns":3.0},{"damage":0.0,"enemies":"3 Sentries","floor":11.0,"turns":11.0},{"damage":2.0,"enemies":"Lagavulin","floor":13.0,"turns":10.0},{"damage":7.0,"enemies":"Looter","floor":14.0,"turns":4.0},{"damage":27.0,"enemies":"Hexaghost","floor":16.0,"turns":10.0},{"damage":11.0,"enemies":"Shell Parasite","floor":18.0,"turns":4.0},{"damage":17.0,"enemies":"2 Thieves","floor":20.0,"turns":3.0},{"damage":30,"enemies":"Book of Stabbing","floor":23,"turns":5}],"seed_played":"2357458943720386940","potions_obtained":[{"floor":5.0,"key":"Explosive Potion"},{"floor":10.0,"key":"Regen Potion"},{"floor":14.0,"key":"PowerPotion"}],"is_trial":false,"path_per_floor":["M","M","?","?","M","R","E","M","T","?","E","$","E","M","R","B",null,"M","?","M","?","?","E"],"character_chosen":"DEFECT","items_purchased":["Self Repair","FearPotion"],"campfire_rested":0,"item_purchase_floors":[12,12],"current_hp_per_floor":[64,57,62,62,50,50,23,23,23,23,38,38,43,43,43,23,63,59,53,44,26,26,0],"gold":177,"neow_bonus":"THREE_CARDS","is_prod":false,"is_daily":false,"chose_seed":false,"campfire_upgraded":2,"win_rate":0,"timestamp":1551573018,"path_taken":["M","?","?","?","M","R","E","M","T","?","E","$","E","M","R","BOSS","M","?","M","?","?","E"],"build_version":"2019-01-23","purchased_purges":1,"victory":false,"max_hp_per_floor":[71,71,76,76,76,76,76,76,76,76,76,76,76,76,76,76,76,76,53,53,26,26,26],"card_choices":[{"not_picked":["Go for the Eyes","Reinforced Body"],"picked":"Cold Snap","floor":0.0},{"not_picked":["Storm","Double Energy"],"picked":"Redo","floor":1.0},{"not_picked":["Stack","Barrage"],"picked":"Cold Snap","floor":2.0},{"not_picked":["Go for the Eyes","Hologram"],"picked":"Conserve Battery","floor":5.0},{"not_picked":["Compile Driver","Cold Snap"],"picked":"Sunder","floor":7.0},{"not_picked":["Barrage","Stack"],"picked":"Buffer","floor":8.0},{"not_picked":["Sunder","Chill"],"picked":"Steam","floor":10.0},{"not_picked":["Stack","Amplify"],"picked":"White Noise","floor":11.0},{"not_picked":["Steam","Cold Snap","Turbo"],"picked":"SKIP","floor":13.0},{"not_picked":["Lockon","Streamline"],"picked":"Cold Snap","floor":14.0},{"not_picked":["Machine Learning","Fission"],"picked":"Electrodynamics","floor":16.0},{"not_picked":["Barrage","Beam Cell"],"picked":"Genetic Algorithm","floor":18.0},{"not_picked":["Steam","Barrage","Leap"],"picked":"SKIP","floor":20.0}],"player_experience":646232,"relics_obtained":[{"floor":7.0,"key":"Bottled Flame"},{"floor":9.0,"key":"Thread and Needle"},{"floor":10.0,"key":"Odd Mushroom"},{"floor":11.0,"key":"Girya"},{"floor":13.0,"key":"Matryoshka"}],"event_choices":[{"damage_healed":0.0,"max_hp_gain":5.0,"max_hp_loss":0.0,"gold_gain":0.0,"event_name":"Big Fish","player_choice":"Donut","floor":3.0,"gold_loss":0.0,"damage_taken":0.0},{"damage_healed":0.0,"max_hp_gain":0.0,"max_hp_loss":0.0,"gold_gain":0.0,"event_name":"Liars Game","player_choice":"Ignored","floor":4.0,"gold_loss":0.0,"damage_taken":0.0},{"damage_healed":0.0,"max_hp_gain":0.0,"max_hp_loss":0.0,"gold_gain":0.0,"event_name":"Mushrooms","player_choice":"Fought Mushrooms","floor":10.0,"gold_loss":0.0,"damage_taken":0.0},{"damage_healed":0.0,"max_hp_gain":0.0,"max_hp_loss":23.0,"gold_gain":0.0,"event_name":"Vampires","player_choice":"Became a vampire","floor":19.0,"gold_loss":0.0,"damage_taken":0.0,"cards_obtained":["Bite","Bite","Bite","Bite","Bite"]},{"damage_healed":0.0,"max_hp_gain":0.0,"max_hp_loss":27.0,"gold_gain":0.0,"event_name":"Ghosts","player_choice":"Became a Ghost","floor":21.0,"gold_loss":0.0,"damage_taken":0.0,"cards_obtained":["Ghostly","Ghostly","Ghostly"]},{"damage_healed":0.0,"max_hp_gain":0.0,"max_hp_loss":0.0,"gold_gain":0.0,"event_name":"Upgrade Shrine","player_choice":"Upgraded","floor":22.0,"gold_loss":0.0,"damage_taken":0.0,"cards_upgraded":["Ghostly"]}],"is_beta":false,"boss_relics":[{"not_picked":["FrozenCore","Pandora\u0027s Box"],"picked":"Snecko Eye"}],"items_purged_floors":[12],"is_endless":false,"potions_floor_spawned":[5,10,14,20],"killed_by":"Book of Stabbing","ascension_level":20}