{"gold_per_floor":[114,127,144,158,158,158,176,176,201,235,235,8,8,21,21,96,96,76,93,108,33,33],"floor_reached":22,"playtime":940,"items_purged":["Writhe"],"score":376,"play_id":"d0fe1aa6-172e-46cc-88ba-886e0f2149b5","local_time":"20190209013018","is_ascension_mode":true,"campfire_choices":[{"data":"Zap","floor":6,"key":"SMITH"},{"data":"Storm","floor":8,"key":"SMITH"},{"data":"Static Discharge","floor":11,"key":"SMITH"},{"data":"Barrage","floor":13,"key":"SMITH"},{"floor":15,"key":"REST"}],"neow_cost":"NONE","seed_source_timestamp":228432184407700,"circlet_count":0,"master_deck":["AscendersBane","Strike_B","Strike_B","Strike_B","Strike_B","Defend_B","Defend_B","Defend_B","Defend_B","Zap+1","Dualcast","Static Discharge+1","Steam","Sweeping Beam","Storm+1","Barrage+1","Coolheaded","Echo Form","Shame","Clumsy","Chaos","Buffer"],"relics":["Cracked Core","Oddly Smooth Stone","PreservedInsect","ClockworkSouvenir","Calling Bell","Bronze Scales","Shuriken","Pocketwatch"],"potions_floor_usage":[7,16,16,18,20],"damage_taken":[{"damage":1,"enemies":"2 Louse","floor":1,"turns":3},{"damage":1,"enemies":"Cultist","floor":2,"turns":4},{"damage":8,"enemies":"Jaw Worm","floor":3,"turns":4},{"damage":10,"enemies":"Large Slime","floor":4,"turns":6},{"damage":10,"enemies":"Blue Slaver","floor":7,"turns":4},{"damage":15,"enemies":"3 Sentries","floor":10,"turns":5},{"damage":8,"enemies":"Red Slaver","floor":14,"turns":4},{"damage":29,"enemies":"The Guardian","floor":16,"turns":12},{"damage":29,"enemies":"2 Thieves","floor":18,"turns":4},{"damage":10,"enemies":"Spheric Guardian","floor":19,"turns":6},{"damage":22,"enemies":"Snake Plant","floor":20,"turns":3},{"damage":21,"enemies":"Colosseum Slavers","floor":22,"turns":1}],"seed_played":"991522808432831722","potions_obtained":[{"floor":1,"key":"SkillPotion"},{"floor":2,"key":"Dexterity Potion"},{"floor":10,"key":"Weak Potion"},{"floor":16,"key":"Regen Potion"},{"floor":18,"key":"Strength Potion"}],"is_trial":false,"path_per_floor":["M","M","M","M","?","R","M","R","T","E","R","$","R","M","R","B",null,"M","M","M","$","?"],"character_chosen":"DEFECT","items_purchased":["ClockworkSouvenir"],"campfire_rested":1,"item_purchase_floors":[12],"current_hp_per_floor":[70,69,61,51,51,51,41,41,41,26,26,26,26,18,41,12,62,45,35,13,13,0],"gold":33,"neow_bonus":"TEN_PERCENT_HP_BONUS","is_prod":false,"is_daily":false,"chose_seed":false,"campfire_upgraded":4,"win_rate":0,"timestamp":1549704618,"path_taken":["M","M","M","M","?","R","M","R","T","E","R","$","R","M","R","BOSS","M","M","M","$","?"],"build_version":"2019-01-23","purchased_purges":1,"victory":false,"max_hp_per_floor":[78,78,78,78,78,78,78,78,78,78,78,78,78,78,78,78,78,78,78,78,78,78],"card_choices":[{"not_picked":["Chaos","Steam"],"picked":"Static Discharge","floor":1},{"not_picked":["Rebound","Steam Power"],"picked":"Steam","floor":2},{"not_picked":["Reinforced Body","Stack"],"picked":"Sweeping Beam","floor":3},{"not_picked":["Stack","Compile Driver"],"picked":"Storm","floor":4},{"not_picked":["Steam","Double Energy"],"picked":"Barrage","floor":7},{"not_picked":["Reboot","Hologram"],"picked":"Coolheaded","floor":10},{"not_picked":["Scrape","Redo","Undo"],"picked":"SKIP","floor":14},{"not_picked":["Meteor Strike","All For One"],"picked":"Echo Form","floor":16},{"not_picked":["Sunder","Go for the Eyes"],"picked":"Chaos","floor":18},{"not_picked":["Conserve Battery","Tempest"],"picked":"Buffer","floor":19},{"not_picked":["Turbo","Rebound","Loop"],"picked":"SKIP","floor":20}],"player_experience":670945,"relics_obtained":[{"floor":9,"key":"Oddly Smooth Stone"},{"floor":10,"key":"PreservedInsect"},{"floor":17,"key":"Bronze Scales"},{"floor":17,"key":"Shuriken"},{"floor":17,"key":"Pocketwatch"}],"event_choices":[{"damage_healed":0,"gold_gain":0,"player_choice":"Got Potions","damage_taken":0,"max_hp_gain":0,"max_hp_loss":0,"event_name":"Lab","floor":5,"gold_loss":0},{"damage_healed":0,"gold_gain":0,"player_choice":"Fight","damage_taken":0,"max_hp_gain":0,"max_hp_loss":0,"event_name":"Colosseum","floor":22,"gold_loss":0}],"is_beta":false,"boss_relics":[{"not_picked":["Nuclear Battery","Lizard Tail"],"picked":"Calling Bell"}],"items_purged_floors":[21],"is_endless":false,"potions_floor_spawned":[1,2,10,16,18],"killed_by":"Colosseum Slavers","ascension_level":20}