{"gold_per_floor":[112,122,8,25,100,100,113,129,129,157,157,157,190,201,201,201],"floor_reached":16,"playtime":798,"items_purged":["Strike_G"],"score":112,"play_id":"04812803-c254-43b1-9bb8-604f47dfa7cc","local_time":"20190217223551","is_ascension_mode":true,"campfire_choices":[{"floor":6,"key":"REST"},{"floor":12,"key":"REST"},{"floor":15,"key":"REST"}],"neow_cost":"NONE","seed_source_timestamp":0,"circlet_count":0,"master_deck":["Defend_G","Defend_G","Defend_G","Defend_G","Defend_G","Strike_G","Strike_G","Strike_G","Strike_G","Survivor","Neutralize","Night Terror","Blade Dance","Infinite Blades","Cloak And Dagger","Storm of Steel+1","A Thousand Cuts"],"special_seed":0,"relics":["Ring of the Snake","Meat on the Bone","Odd Mushroom","Torii"],"potions_floor_usage":[13,16,16],"damage_taken":[{"damage":4,"enemies":"Small Slimes","floor":1,"turns":4},{"damage":13,"enemies":"Jaw Worm","floor":2,"turns":5},{"damage":12,"enemies":"2 Louse","floor":4,"turns":4},{"damage":7,"enemies":"Blue Slaver","floor":7,"turns":4},{"damage":22,"enemies":"2 Fungi Beasts","floor":8,"turns":5},{"damage":19,"enemies":"The Mushroom Lair","floor":10,"turns":6},{"damage":25,"enemies":"3 Sentries","floor":13,"turns":11},{"damage":14,"enemies":"Lots of Slimes","floor":14,"turns":4},{"damage":44,"enemies":"Slime Boss","floor":16,"turns":8}],"seed_played":"2649001800079054758","potions_obtained":[{"floor":4,"key":"EssenceOfSteel"},{"floor":10,"key":"Ancient Potion"},{"floor":14,"key":"EssenceOfSteel"}],"is_trial":false,"path_per_floor":["M","M","$","M","?","R","M","M","T","?","?","R","E","M","R","B"],"character_chosen":"THE_SILENT","items_purchased":["Infinite Blades"],"campfire_rested":3,"item_purchase_floors":[3],"current_hp_per_floor":[66,53,53,41,30,51,44,22,22,15,15,36,23,21,42,0],"gold":201,"neow_bonus":"ONE_RANDOM_RARE_CARD","is_prod":false,"is_daily":false,"chose_seed":false,"campfire_upgraded":0,"win_rate":0,"timestamp":1550460951,"path_taken":["M","M","$","M","?","R","M","M","T","?","?","R","E","?","R","BOSS"],"build_version":"2019-01-23","purchased_purges":1,"victory":false,"max_hp_per_floor":[70,70,70,70,70,70,70,70,70,70,70,70,70,70,70,70],"card_choices":[{"not_picked":["Bane","Finisher","Dagger Throw"],"picked":"SKIP","floor":1},{"not_picked":["Dagger Throw","Choke"],"picked":"Blade Dance","floor":2},{"not_picked":["Dash","Riddle With Holes","Flying Knee"],"picked":"SKIP","floor":4},{"not_picked":["Dodge and Roll","Prepared"],"picked":"Cloak And Dagger","floor":7},{"not_picked":["Outmaneuver","Prepared","Flying Knee"],"picked":"SKIP","floor":8},{"not_picked":["Underhanded Strike","Poisoned Stab"],"picked":"Storm of Steel","floor":10},{"not_picked":["Underhanded Strike","Deadly Poison","Escape Plan"],"picked":"SKIP","floor":13},{"not_picked":["Quick Slash","Acrobatics"],"picked":"A Thousand Cuts","floor":14}],"player_experience":89325,"relics_obtained":[{"floor":9,"key":"Meat on the Bone"},{"floor":10,"key":"Odd Mushroom"},{"floor":13,"key":"Torii"}],"event_choices":[{"damage_healed":0,"gold_gain":75,"player_choice":"Gather Gold","damage_taken":11,"max_hp_gain":0,"max_hp_loss":0,"event_name":"World of Goop","floor":5,"gold_loss":0},{"damage_healed":0,"gold_gain":0,"player_choice":"Fought Mushrooms","damage_taken":0,"max_hp_gain":0,"max_hp_loss":0,"event_name":"Mushrooms","floor":10,"gold_loss":0},{"damage_healed":0,"gold_gain":0,"player_choice":"Grow","damage_taken":0,"max_hp_gain":0,"max_hp_loss":0,"event_name":"Living Wall","floor":11,"gold_loss":0,"cards_upgraded":["Storm of Steel"]}],"is_beta":false,"boss_relics":[],"items_purged_floors":[3],"is_endless":false,"potions_floor_spawned":[4,10,14],"killed_by":"Slime Boss","ascension_level":2}