{"gold_per_floor":[116,116,134,32,32,32,61,61,61,61,80,97,97,109,109,205,205,219,238,338,338,355,355,270,270,270,270,91,104,139,139,139,239,239,256,33,33,133,151,151,180,195,195,54,79,79,98,111,111,111,111,111,16,46,46],"floor_reached":55,"playtime":3446,"items_purged":["Strike_R","Pain","Defend_R","Defend_R"],"score":1040,"play_id":"6a5d5259-3932-47dd-ba7f-8674f9c2db48","local_time":"20190204020057","is_ascension_mode":true,"campfire_choices":[{"data":"Body Slam","floor":6.0,"key":"SMITH"},{"data":"Iron Wave","floor":8.0,"key":"SMITH"},{"data":"Shrug It Off","floor":10.0,"key":"SMITH"},{"data":"Bash","floor":13.0,"key":"SMITH"},{"data":"Clash","floor":15.0,"key":"SMITH"},{"floor":23.0,"key":"REST"},{"data":"Shrug It Off","floor":25.0,"key":"SMITH"},{"data":"Ghostly Armor","floor":27.0,"key":"SMITH"},{"data":"True Grit","floor":32.0,"key":"SMITH"},{"floor":40.0,"key":"RECALL"},{"data":"Impervious","floor":49,"key":"SMITH"},{"data":"Impervious","floor":52,"key":"SMITH"}],"neow_cost":"PERCENT_DAMAGE","seed_source_timestamp":0,"circlet_count":0,"master_deck":["AscendersBane","Defend_R","Defend_R","Bash+1","Body Slam+1","Iron Wave+1","Clash+1","Shrug It Off+1","Headbutt+1","Demon Form+1","Ghostly Armor+1","Body Slam+1","Shrug It Off+1","True Grit+1","Warcry+1","Impervious+1","Twin Strike+1","Impervious+1","Shrug It Off+1","Seeing Red+1","Pommel Strike+1","True Grit+1","Warcry+1","Seeing Red"],"special_seed":0,"relics":["Burning Blood","Molten Egg 2","Cursed Key","Ice Cream","Bottled Flame","Bag of Preparation","The Courier","Potion Belt","Philosopher\u0027s Stone","Anchor","Gambling Chip","Singing Bowl","Pantograph","Sundial"],"potions_floor_usage":[55,55,55,55,55],"damage_taken":[{"damage":3.0,"enemies":"Small Slimes","floor":1.0,"turns":6.0},{"damage":11.0,"enemies":"Cultist","floor":3.0,"turns":4.0},{"damage":26.0,"enemies":"Gremlin Nob","floor":7.0,"turns":4.0},{"damage":0.0,"enemies":"2 Louse","floor":11.0,"turns":3.0},{"damage":0.0,"enemies":"Exordium Wildlife","floor":12.0,"turns":6.0},{"damage":0.0,"enemies":"Looter","floor":14.0,"turns":4.0},{"damage":37.0,"enemies":"Hexaghost","floor":16.0,"turns":11.0},{"damage":31.0,"enemies":"Spheric Guardian","floor":18.0,"turns":6.0},{"damage":2.0,"enemies":"Chosen","floor":19.0,"turns":4.0},{"damage":23.0,"enemies":"Colosseum Slavers","floor":20.0,"turns":5.0},{"damage":21.0,"enemies":"Colosseum Nobs","floor":20.0,"turns":9.0},{"damage":10.0,"enemies":"3 Cultists","floor":22.0,"turns":6.0},{"damage":10.0,"enemies":"Snake Plant","floor":29.0,"turns":4.0},{"damage":9.0,"enemies":"Slavers","floor":30.0,"turns":7.0},{"damage":18.0,"enemies":"Champ","floor":33.0,"turns":8.0},{"damage":0.0,"enemies":"3 Shapes","floor":35.0,"turns":5.0},{"damage":0.0,"enemies":"Mind Bloom Boss Battle","floor":38.0,"turns":1.0},{"damage":1.0,"enemies":"Orb Walker","floor":39.0,"turns":3.0},{"damage":35.0,"enemies":"Reptomancer","floor":41.0,"turns":6.0},{"damage":0.0,"enemies":"Writhing Mass","floor":42.0,"turns":4.0},{"damage":48.0,"enemies":"Nemesis","floor":45.0,"turns":7.0},{"damage":0,"enemies":"3 Darklings","floor":47,"turns":5},{"damage":0,"enemies":"Sphere and 2 Shapes","floor":48,"turns":2},{"damage":13,"enemies":"Awakened One","floor":50,"turns":8},{"damage":48,"enemies":"Shield and Spear","floor":54,"turns":6},{"damage":60,"enemies":"The Heart","floor":55,"turns":3}],"seed_played":"-7678820533220335492","potions_obtained":[{"floor":3.0,"key":"EssenceOfSteel"},{"floor":5.0,"key":"Dexterity Potion"},{"floor":5.0,"key":"Dexterity Potion"},{"floor":20.0,"key":"Swift Potion"},{"floor":22.0,"key":"Dexterity Potion"},{"floor":33.0,"key":"AttackPotion"},{"floor":38.0,"key":"EssenceOfSteel"},{"floor":41.0,"key":"SpeedPotion"},{"floor":42.0,"key":"BloodPotion"},{"floor":45.0,"key":"EssenceOfSteel"}],"is_trial":false,"path_per_floor":["M","?","M","$","?","R","E","R","T","R","M","M","R","M","R","B",null,"M","M","?","?","M","R","?","R","T","R","$","M","E","?","R","B",null,"M","$","?","?","M","R","E","M","T","$","E","T","M","M","R","B",null,"R","$","E","B"],"character_chosen":"IRONCLAD","items_purchased":["Clash","True Grit","Regen Potion","Anchor","Pommel Strike+1","Seeing Red","Swift Potion"],"campfire_rested":1,"item_purchase_floors":[4,28,28,36,44,53,53],"current_hp_per_floor":[54,54,49,49,49,49,29,29,29,29,35,41,41,47,47,16,64,39,43,11,11,7,31,31,31,31,31,31,27,39,39,39,27,67,73,73,73,79,80,80,51,57,57,57,23,23,31,37,37,55,75,75,75,35,0],"gold":46,"neow_bonus":"REMOVE_TWO","is_prod":false,"is_daily":false,"chose_seed":false,"campfire_upgraded":10,"win_rate":0,"timestamp":1549263657,"path_taken":["M","?","?","$","?","R","E","R","T","R","M","M","R","M","R","BOSS","M","M","?","?","?","R","?","R","T","R","$","M","E","?","R","BOSS","M","$","?","?","M","R","E","M","T","?","E","?","M","M","R","BOSS","R","$","E","BOSS"],"build_version":"2019-01-23","purchased_purges":4,"victory":false,"max_hp_per_floor":[80,80,80,80,80,80,80,80,80,80,80,80,80,80,80,80,80,80,80,80,80,80,80,80,80,80,80,80,80,80,80,80,80,80,80,80,80,80,80,80,80,80,80,80,80,80,82,82,82,82,82,82,82,84,84],"card_choices":[{"not_picked":["Warcry","Twin Strike"],"picked":"Body Slam","floor":1.0},{"not_picked":["Wild Strike","Disarm"],"picked":"Iron Wave","floor":3.0},{"not_picked":["Twin Strike","Evolve"],"picked":"Shrug It Off","floor":7.0},{"not_picked":["Wild Strike+1","Sword Boomerang+1","Seeing Red"],"picked":"SKIP","floor":11.0},{"not_picked":["Sever Soul+1","Blood for Blood+1","Sentinel"],"picked":"SKIP","floor":12.0},{"not_picked":["True Grit","Sword Boomerang+1"],"picked":"Headbutt+1","floor":14.0},{"not_picked":["Dark Embrace","Limit Break"],"picked":"Demon Form","floor":16.0},{"not_picked":["Warcry","Iron Wave+1"],"picked":"Ghostly Armor","floor":18.0},{"not_picked":["Twin Strike+1","Wild Strike+1","Perfected Strike+1"],"picked":"SKIP","floor":19.0},{"not_picked":["Entrench","Rupture+1"],"picked":"Body Slam+1","floor":20.0},{"not_picked":["Thunderclap+1","Shockwave"],"picked":"Shrug It Off","floor":22.0},{"not_picked":["Feel No Pain","Carnage+1"],"picked":"Warcry+1","floor":29.0},{"not_picked":["Clash+1","Searing Blow+1","Armaments"],"picked":"SKIP","floor":30.0},{"not_picked":["Demon Form","Bludgeon+1"],"picked":"Impervious","floor":33.0},{"not_picked":["Wild Strike+1","Thunderclap+1","Pummel+1"],"picked":"SKIP","floor":35.0},{"not_picked":["Corruption","Pummel+1"],"picked":"Twin Strike+1","floor":38.0},{"not_picked":["Havoc+1","Corruption+1"],"picked":"Impervious","floor":39.0},{"not_picked":["Fiend Fire+1","Sword Boomerang+1"],"picked":"Shrug It Off+1","floor":41.0},{"not_picked":["Armaments","Sword Boomerang+1"],"picked":"Seeing Red+1","floor":42.0},{"not_picked":["Feel No Pain","Bloodletting"],"picked":"True Grit+1","floor":45.0},{"not_picked":["Clash+1","Hemokinesis+1","True Grit"],"picked":"Singing Bowl","floor":47},{"not_picked":["Sword Boomerang+1","Wild Strike+1"],"picked":"Warcry+1","floor":48},{"not_picked":["True Grit","Reaper+1","Warcry"],"picked":"Singing Bowl","floor":54}],"player_experience":332268,"relics_obtained":[{"floor":7.0,"key":"Molten Egg 2"},{"floor":20.0,"key":"Ice Cream"},{"floor":20.0,"key":"Bottled Flame"},{"floor":26.0,"key":"The Courier"},{"floor":30.0,"key":"Potion Belt"},{"floor":38.0,"key":"Gambling Chip"},{"floor":41.0,"key":"Singing Bowl"},{"floor":45.0,"key":"Pantograph"},{"floor":54,"key":"Sundial"}],"event_choices":[{"cards_removed":["Strike_R"],"damage_healed":0.0,"max_hp_gain":0.0,"max_hp_loss":0.0,"gold_gain":0.0,"event_name":"Purifier","player_choice":"Purged","floor":2.0,"gold_loss":0.0,"damage_taken":0.0},{"damage_healed":0.0,"max_hp_gain":0.0,"max_hp_loss":0.0,"gold_gain":0.0,"event_name":"Lab","player_choice":"Got Potions","floor":5.0,"gold_loss":0.0,"damage_taken":0.0},{"damage_healed":0.0,"max_hp_gain":0.0,"max_hp_loss":0.0,"gold_gain":0.0,"event_name":"Colosseum","player_choice":"Fight","floor":20.0,"gold_loss":0.0,"damage_taken":0.0},{"damage_healed":0.0,"max_hp_gain":0.0,"max_hp_loss":0.0,"gold_gain":0.0,"event_name":"Colosseum","player_choice":"Fought Nobs","floor":20.0,"gold_loss":0.0,"damage_taken":0.0},{"damage_healed":0.0,"max_hp_gain":0.0,"max_hp_loss":0.0,"gold_gain":0.0,"event_name":"Accursed Blacksmith","player_choice":"Forge","floor":21.0,"gold_loss":0.0,"damage_taken":0.0,"cards_upgraded":["Demon Form"]},{"damage_healed":0.0,"max_hp_gain":0.0,"max_hp_loss":0.0,"gold_gain":0.0,"event_name":"Addict","player_choice":"Obtained Relic","floor":24.0,"gold_loss":85.0,"damage_taken":0.0,"relics_obtained":["Bag of Preparation"]},{"damage_healed":0.0,"max_hp_gain":0.0,"max_hp_loss":0.0,"gold_gain":0.0,"event_name":"The Mausoleum","player_choice":"Ignored","floor":31.0,"gold_loss":0.0,"damage_taken":0.0},{"cards_removed":["Strike_R"],"damage_healed":0.0,"max_hp_gain":0.0,"max_hp_loss":0.0,"gold_gain":0.0,"event_name":"Falling","player_choice":"Removed Attack","floor":37.0,"gold_loss":0.0,"damage_taken":0.0},{"damage_healed":0.0,"max_hp_gain":0.0,"max_hp_loss":0.0,"gold_gain":0.0,"event_name":"MindBloom","player_choice":"Fight","floor":38.0,"gold_loss":0.0,"damage_taken":0.0}],"is_beta":false,"boss_relics":[{"not_picked":["Fusion Hammer","Eternal Feather"],"picked":"Cursed Key"},{"not_picked":["Mark of Pain","Runic Dome"],"picked":"Philosopher\u0027s Stone"}],"items_purged_floors":[4,28,36,44],"is_endless":false,"potions_floor_spawned":[3,14,18,20,20,22,33,38,41,42,45],"killed_by":"The Heart","ascension_level":10}