{"gold_per_floor":[118,135,135,135,135,153,178,194,218,278,53,71,71,88,88,188,188,198,248,261,276,288,288,338,355,380,441,466,466,477,491,491,491],"floor_reached":33,"playtime":1356,"items_purged":[],"score":303,"play_id":"1015d34d-8c16-4bcc-ad31-ca041a75e777","local_time":"20190128214709","is_ascension_mode":true,"campfire_choices":[{"data":"Flame Barrier","floor":13,"key":"SMITH"},{"floor":15,"key":"REST"},{"floor":23,"key":"REST"},{"floor":29,"key":"REST"},{"floor":32,"key":"REST"}],"neow_cost":"TEN_PERCENT_HP_LOSS","seed_source_timestamp":1721557875164741,"circlet_count":0,"master_deck":["Strike_R","Strike_R+1","Strike_R","Strike_R","Strike_R+1","Defend_R","Defend_R+1","Defend_R","Defend_R","Bash","Clash+1","Heavy Blade","Evolve","Battle Trance","Juggernaut","Clothesline","Flame Barrier+1","Havoc","Inflame","Limit Break","Carnage","Shrug It Off+1","Body Slam","Ghostly Armor","Cleave","Infernal Blade+1","Clothesline","Ghostly Armor+1","Iron Wave"],"relics":["Burning Blood","Peace Pipe","SsserpentHead","Whetstone","Anchor","Red Skull","Fusion Hammer","Lantern","Orichalcum"],"potions_floor_usage":[7,14,21,21,27,28,31,33],"damage_taken":[{"damage":6,"enemies":"Cultist","floor":1,"turns":3},{"damage":4,"enemies":"Small Slimes","floor":2,"turns":3},{"damage":0,"enemies":"2 Louse","floor":6,"turns":2},{"damage":28,"enemies":"Lagavulin","floor":7,"turns":4},{"damage":11,"enemies":"2 Fungi Beasts","floor":8,"turns":4},{"damage":7,"enemies":"Lots of Slimes","floor":10,"turns":4},{"damage":10,"enemies":"Exordium Wildlife","floor":12,"turns":4},{"damage":0,"enemies":"2 Fungi Beasts","floor":14,"turns":2},{"damage":30,"enemies":"Slime Boss","floor":16,"turns":8},{"damage":21,"enemies":"2 Thieves","floor":18,"turns":5},{"damage":27,"enemies":"Shell Parasite","floor":20,"turns":6},{"damage":20,"enemies":"Centurion and Healer","floor":21,"turns":5},{"damage":16,"enemies":"Sentry and Sphere","floor":22,"turns":5},{"damage":16,"enemies":"Shelled Parasite and Fungi","floor":25,"turns":4},{"damage":0,"enemies":"Snecko","floor":27,"turns":4},{"damage":12,"enemies":"Book of Stabbing","floor":28,"turns":4},{"damage":13,"enemies":"Snake Plant","floor":30,"turns":3},{"damage":4,"enemies":"Centurion and Healer","floor":31,"turns":4},{"damage":68,"enemies":"Automaton","floor":33,"turns":8}],"seed_played":"-8873884484205784706","potions_obtained":[{"floor":2,"key":"GamblersBrew"},{"floor":6,"key":"AttackPotion"},{"floor":7,"key":"EssenceOfSteel"},{"floor":8,"key":"GamblersBrew"},{"floor":12,"key":"Poison Potion"},{"floor":20,"key":"Poison Potion"},{"floor":25,"key":"EssenceOfSteel"},{"floor":27,"key":"SkillPotion"},{"floor":30,"key":"LiquidBronze"}],"is_trial":false,"path_per_floor":["M","M","?","?","?","M","E","M","T","M","$","M","R","M","R","B",null,"M","?","M","M","M","R","?","M","T","M","E","R","M","M","R","B"],"character_chosen":"IRONCLAD","items_purchased":["Flame Barrier","Red Skull"],"campfire_rested":4,"item_purchase_floors":[11,11],"current_hp_per_floor":[72,72,72,58,58,64,42,37,37,36,36,32,32,38,59,35,72,57,57,36,22,12,33,33,23,23,29,23,44,37,39,60,0],"gold":491,"neow_bonus":"ONE_RARE_RELIC","is_prod":false,"is_daily":false,"chose_seed":false,"campfire_upgraded":1,"win_rate":0,"timestamp":1548730029,"path_taken":["M","?","?","?","?","M","E","M","T","?","$","M","R","M","R","BOSS","M","?","M","M","M","R","?","M","T","?","E","R","M","M","R","BOSS"],"build_version":"2019-01-23","purchased_purges":0,"victory":false,"max_hp_per_floor":[72,72,72,72,72,72,72,72,72,72,72,72,72,72,72,72,72,72,72,72,72,72,72,72,72,72,72,72,72,72,72,72,72],"card_choices":[{"not_picked":["Iron Wave","Body Slam"],"picked":"Clash","floor":1},{"not_picked":["Combust","Infernal Blade"],"picked":"Heavy Blade","floor":2},{"not_picked":["Combust","Wild Strike"],"picked":"Evolve","floor":6},{"not_picked":["Body Slam","Entrench"],"picked":"Battle Trance","floor":7},{"not_picked":["Evolve","Clash"],"picked":"Juggernaut","floor":8},{"not_picked":["True Grit","Sword Boomerang"],"picked":"Clothesline","floor":10},{"not_picked":["Second Wind","Reckless Charge"],"picked":"Havoc","floor":12},{"not_picked":["Bloodletting","Rage"],"picked":"Inflame","floor":14},{"not_picked":["Immolate","Feed"],"picked":"Limit Break","floor":16},{"not_picked":["Burning Pact","Clash"],"picked":"Carnage","floor":18},{"not_picked":["Cleave","Iron Wave"],"picked":"Shrug It Off+1","floor":20},{"not_picked":["Headbutt","Iron Wave+1"],"picked":"Body Slam","floor":21},{"not_picked":["Battle Trance","Whirlwind"],"picked":"Ghostly Armor","floor":22},{"not_picked":["Reckless Charge+1","Combust"],"picked":"Cleave","floor":25},{"not_picked":["Havoc","Wild Strike"],"picked":"Infernal Blade+1","floor":27},{"not_picked":["Dropkick","Thunderclap"],"picked":"Clothesline","floor":28},{"not_picked":["Anger","Heavy Blade"],"picked":"Ghostly Armor+1","floor":30},{"not_picked":["Exhume","Armaments"],"picked":"Iron Wave","floor":31}],"player_experience":116242,"relics_obtained":[{"floor":7,"key":"Whetstone"},{"floor":9,"key":"Anchor"},{"floor":26,"key":"Lantern"},{"floor":28,"key":"Orichalcum"}],"event_choices":[{"damage_healed":0,"gold_gain":0,"player_choice":"Leave","damage_taken":0,"max_hp_gain":0,"max_hp_loss":0,"event_name":"The Cleric","floor":3,"gold_loss":0},{"damage_healed":0,"gold_gain":0,"player_choice":"Entered Light","damage_taken":14,"max_hp_gain":0,"max_hp_loss":0,"event_name":"Shining Light","floor":4,"gold_loss":0,"cards_upgraded":["Defend_R","Strike_R"]},{"damage_healed":0,"gold_gain":0,"player_choice":"Trade","damage_taken":0,"relics_obtained":["SsserpentHead"],"max_hp_gain":0,"max_hp_loss":0,"event_name":"FaceTrader","floor":5,"gold_loss":0},{"damage_healed":0,"gold_gain":0,"player_choice":"Ignored","damage_taken":0,"max_hp_gain":0,"max_hp_loss":0,"event_name":"Beggar","floor":19,"gold_loss":0},{"damage_healed":0,"gold_gain":0,"player_choice":"Ignored","damage_taken":0,"max_hp_gain":0,"max_hp_loss":0,"event_name":"Cursed Tome","floor":24,"gold_loss":0}],"is_beta":false,"boss_relics":[{"not_picked":["Coffee Dripper","Cursed Key"],"picked":"Fusion Hammer"}],"items_purged_floors":[],"is_endless":false,"potions_floor_spawned":[2,6,7,8,12,20,25,27,30],"killed_by":"Automaton","ascension_level":2}