{"gold_per_floor":[112,14,27,27,52,52,80,80,80,96,126,153,153,173,173,269,269,287,0,0,15,29,29,41,51,51,67,167,167,70,81,81,177,177,188,188,206,222,222,222,222,222,222,222,548,563,615,632,632,632],"floor_reached":51,"playtime":4360,"items_purged":["Bash","Strike_R"],"score":787,"play_id":"856ef8d6-82d6-4f31-acb8-9f344b51d630","local_time":"20180814190826","is_ascension_mode":false,"campfire_choices":[{"data":"Normality","floor":6,"key":"PURGE"},{"floor":15,"key":"REST"},{"floor":23,"key":"REST"},{"floor":29,"key":"REST"},{"data":"Armaments","floor":32,"key":"SMITH"},{"floor":40,"key":"REST"},{"floor":49,"key":"REST"}],"neow_cost":"CURSE","seed_source_timestamp":321225083563042,"circlet_count":0,"master_deck":["Strike_R+1","Strike_R+1","Strike_R","Strike_R","Defend_R","Defend_R+1","Defend_R","Anger+1","Shrug It Off","Shrug It Off","Ghostly Armor","Inflame+1","Cleave","Infernal Blade","Clash","Berserk+1","Armaments+1","Magnetism+1","Flex","Cleave+1","Heavy Blade+1","Headbutt","Heavy Blade","Flash of Steel","Flex","Limit Break","Dual Wield+1","Sword Boomerang+1","Armaments+1","Flex","Flex+1","Heavy Blade+1","Anger+1","Juggernaut+1","Limit Break","Twin Strike+1","Enlightenment","Headbutt+1","Sword Boomerang","Heavy Blade+1"],"relics":["Burning Blood","Peace Pipe","Ancient Tea Set","Pen Nib","Strawberry","Frozen Egg 2","Boot","Odd Mushroom","Anchor","Empty Cage","Bottled Lightning","Orrery","Thread and Needle","Meat on the Bone","Whetstone","Old Coin","Prayer Wheel"],"potions_floor_usage":[12,16,21,27,38,45,46,47,47,47,47,47,50],"damage_taken":[{"damage":6,"enemies":"Jaw Worm","floor":1,"turns":6},{"damage":10,"enemies":"Cultist","floor":3,"turns":4},{"damage":26,"enemies":"Gremlin Nob","floor":7,"turns":5},{"damage":0,"enemies":"2 Louse","floor":10,"turns":4},{"damage":26,"floor":11,"turns":6},{"damage":1,"enemies":"3 Sentries","floor":12,"turns":6},{"damage":0,"enemies":"Exordium Wildlife","floor":14,"turns":5},{"damage":54,"enemies":"The Guardian","floor":16,"turns":12},{"damage":5,"enemies":"Shell Parasite","floor":18,"turns":6},{"damage":32,"enemies":"3 Byrds","floor":21,"turns":5},{"damage":45,"enemies":"3 Cultists","floor":22,"turns":7},{"damage":8,"enemies":"Snecko","floor":24,"turns":6},{"damage":14,"enemies":"Centurion and Healer","floor":25,"turns":5},{"damage":29,"enemies":"Snake Plant","floor":27,"turns":4},{"damage":7,"enemies":"Cultist and Chosen","floor":31,"turns":6},{"damage":28,"enemies":"Collector","floor":33,"turns":8},{"damage":2,"enemies":"3 Shapes","floor":35,"turns":4},{"damage":37,"enemies":"3 Darklings","floor":37,"turns":6},{"damage":23,"enemies":"Transient","floor":38,"turns":5},{"damage":36,"floor":41,"turns":4},{"damage":9,"enemies":"Nemesis","floor":45,"turns":3},{"damage":37,"enemies":"Maw","floor":46,"turns":8},{"damage":0,"floor":47,"turns":3},{"damage":16,"enemies":"3 Darklings","floor":48,"turns":5},{"damage":78,"enemies":"Donu and Deca","floor":50,"turns":7}],"seed_played":"7029609208854389492","potions_obtained":[{"floor":7,"key":"EntropicBrew"},{"floor":10,"key":"Fire Potion"},{"floor":12,"key":"Explosive Potion"},{"floor":14,"key":"SkillPotion"},{"floor":22,"key":"Ancient Potion"},{"floor":24,"key":"AttackPotion"},{"floor":25,"key":"BloodPotion"},{"floor":33,"key":"Weak Potion"},{"floor":35,"key":"PowerPotion"},{"floor":36,"key":"Block Potion"},{"floor":38,"key":"Explosive Potion"},{"floor":45,"key":"Swift Potion"},{"floor":48,"key":"Swift Potion"}],"is_trial":false,"path_per_floor":["M","$","M","?","T","R","E","?","T","M","?","E","?","M","R","B",null,"M","$","?","M","M","R","M","M","T","M","?","R","$","M","R","B",null,"M","?","M","M","?","R","?","?","T","T","E","M","?","M","R","B"],"character_chosen":"IRONCLAD","items_purchased":["Shrug It Off","Magnetism+1","Flash of Steel"],"campfire_rested":5,"item_purchase_floors":[2,19,30],"current_hp_per_floor":[80,80,76,76,76,76,63,51,51,57,37,42,25,31,57,9,87,87,87,87,61,22,48,46,38,38,23,23,49,49,48,48,26,87,87,87,56,39,39,65,35,35,35,35,44,25,54,56,83,23],"gold":632,"neow_bonus":"ONE_RARE_RELIC","is_prod":false,"is_daily":false,"chose_seed":false,"campfire_upgraded":1,"win_rate":0.0,"timestamp":1534288106,"path_taken":["M","$","M","?","?","R","E","?","T","M","?","E","?","M","R","BOSS","M","$","?","M","M","R","?","?","T","M","?","R","?","M","R","BOSS","M","?","M","M","?","R","?","?","T","?","E","?","?","M","R","BOSS"],"build_version":"2018-08-09","purchased_purges":2,"victory":true,"max_hp_per_floor":[80,80,80,80,80,80,87,87,87,87,87,87,87,87,87,87,87,87,87,87,87,87,87,87,87,87,87,87,87,87,87,87,87,87,87,87,87,87,87,87,87,87,87,87,87,87,90,90,90,90],"card_choices":[{"not_picked":["Twin Strike","Flame Barrier"],"picked":"Anger","floor":1},{"not_picked":["Twin Strike","Thunderclap"],"picked":"Shrug It Off","floor":3},{"not_picked":["Double Tap","Uppercut"],"picked":"Ghostly Armor","floor":7},{"not_picked":["Power Through","True Grit"],"picked":"Inflame+1","floor":10},{"not_picked":["Reckless Charge","Heavy Blade"],"picked":"Cleave","floor":11},{"not_picked":["Spot Weakness","Sword Boomerang"],"picked":"Infernal Blade","floor":12},{"not_picked":["Pummel","Bloodletting"],"picked":"Clash","floor":14},{"not_picked":["Bludgeon","Reaper"],"picked":"Berserk+1","floor":16},{"not_picked":["Sword Boomerang","Pummel"],"picked":"Armaments","floor":18},{"not_picked":["Shrug It Off","Pommel Strike"],"picked":"Flex","floor":21},{"not_picked":["Shrug It Off","Corruption+1"],"picked":"Cleave+1","floor":22},{"not_picked":["Thunderclap","Perfected Strike+1"],"picked":"Heavy Blade+1","floor":24},{"not_picked":["Ghostly Armor","Clothesline"],"picked":"Headbutt","floor":25},{"not_picked":["Body Slam","True Grit"],"picked":"Heavy Blade","floor":27},{"not_picked":["Body Slam","Cleave"],"picked":"Flex","floor":31},{"not_picked":["Dark Embrace+1","Fiend Fire"],"picked":"Limit Break","floor":33},{"not_picked":["Sever Soul+1","Cleave"],"picked":"Dual Wield+1","floor":34},{"not_picked":["Pommel Strike","Power Through"],"picked":"Sword Boomerang+1","floor":34},{"not_picked":["Heavy Blade","Clash"],"picked":"Armaments+1","floor":34},{"not_picked":["Clothesline+1","Twin Strike"],"picked":"Flex","floor":34},{"not_picked":["Cleave","True Grit+1"],"picked":"Flex+1","floor":34},{"not_picked":["Uppercut","Body Slam"],"picked":"Heavy Blade+1","floor":35},{"not_picked":["Rampage","Heavy Blade"],"picked":"Anger+1","floor":37},{"not_picked":["Entrench+1","Whirlwind"],"picked":"Juggernaut+1","floor":38},{"not_picked":["Battle Trance+1","Perfected Strike"],"picked":"Twin Strike+1","floor":41},{"not_picked":["Purity","Transmutation"],"picked":"Enlightenment","floor":42},{"not_picked":["Ghostly Armor+1","Shockwave"],"picked":"Headbutt+1","floor":45},{"not_picked":["Flame Barrier+1","Intimidate","Whirlwind"],"picked":"SKIP","floor":46},{"not_picked":["Clash","Iron Wave"],"picked":"Sword Boomerang","floor":47},{"not_picked":["Iron Wave","Burning Pact"],"picked":"Heavy Blade+1","floor":48},{"not_picked":["Shockwave","True Grit+1","Sword Boomerang"],"picked":"SKIP","floor":48}],"player_experience":14593,"relics_obtained":[{"floor":5,"key":"Pen Nib"},{"floor":7,"key":"Strawberry"},{"floor":9,"key":"Boot"},{"floor":11,"key":"Odd Mushroom"},{"floor":12,"key":"Anchor"},{"floor":26,"key":"Bottled Lightning"},{"floor":41,"key":"Thread and Needle"},{"floor":43,"key":"Meat on the Bone"},{"floor":44,"key":"Whetstone"},{"floor":45,"key":"Old Coin"},{"floor":47,"key":"Prayer Wheel"}],"event_choices":[{"event_name":"Accursed Blacksmith","player_choice":"Rummage","floor":4,"damage_taken":0},{"event_name":"Scrap Ooze","player_choice":"success","floor":8,"damage_taken":12},{"event_name":"Mushrooms","player_choice":"Fought Mushrooms","floor":11,"damage_taken":0},{"event_name":"Shining Light","player_choice":"Entered Light","floor":13,"damage_taken":0},{"event_name":"Vampires","player_choice":"Ignored","floor":20,"damage_taken":0},{"event_name":"Golden Shrine","player_choice":"Pray","floor":28,"damage_taken":0},{"event_name":"The Lab","player_choice":"Got Potions","floor":36,"damage_taken":0},{"event_name":"Duplicator","player_choice":"One dupe","floor":39,"damage_taken":0},{"event_name":"MindBloom","player_choice":"Fight","floor":41,"damage_taken":0},{"event_name":"SensoryStone","player_choice":"Memory 1","floor":42,"damage_taken":0},{"event_name":"Mysterious Sphere","player_choice":"Fight","floor":47,"damage_taken":0}],"is_beta":false,"boss_relics":[{"not_picked":["Philosopher\u0027s Stone","Sozu"],"picked":"Empty Cage"},{"not_picked":["Fusion Hammer","Tiny House"],"picked":"Orrery"}],"items_purged_floors":[2,19],"is_endless":false,"potions_floor_spawned":[7,10,12,14,22,24,25,33,35,38,45,48],"ascension_level":0}