{"gold_per_floor":[119,119,119,139,139,174,174,188,188,263,277,317,336,16,16,112,112,133,0,50,50,50,50,65,65,65,108,122,4,19,35,35,131,131,145,478,496,496,43,43],"floor_reached":40,"playtime":1164,"items_purged":["Strike_B","Strike_B"],"score":856,"play_id":"a54926d7-6103-4095-8bfb-6e01b27aec4c","local_time":"20190205035456","is_ascension_mode":true,"campfire_choices":[{"data":"Biased Cognition","floor":7,"key":"SMITH"},{"data":"Capacitor","floor":15,"key":"SMITH"},{"floor":23,"key":"REST"},{"floor":25,"key":"REST"},{"floor":32,"key":"REST"}],"neow_cost":"NONE","seed_source_timestamp":206599866830000,"circlet_count":0,"master_deck":["AscendersBane","Strike_B","Strike_B","Defend_B","Defend_B","Defend_B","Defend_B","Zap+1","Dualcast","Cold Snap","Steam","Biased Cognition+1","Stack","Capacitor+1","Force Field","Storm+1","Self Repair+1","Cold Snap","Creative AI+1","Leap","Static Discharge+1","Chill","Storm+1","Coolheaded","Skim+1","Stack","Machine Learning+1","Leap+1","Conserve Battery","Loop+1"],"relics":["Cracked Core","NeowsBlessing","Unceasing Top","Emotion Chip","Frozen Egg 2","Fusion Hammer","MutagenicStrength","Shuriken","Ancient Tea Set","Inserter","Centennial Puzzle","Regal Pillow"],"potions_floor_usage":[12,14,27,27,31,40],"damage_taken":[{"damage":0,"enemies":"2 Louse","floor":1,"turns":1},{"damage":0,"enemies":"Jaw Worm","floor":4,"turns":1},{"damage":0,"enemies":"Lagavulin","floor":6,"turns":1},{"damage":2,"enemies":"Small Slimes","floor":8,"turns":2},{"damage":0,"enemies":"2 Fungi Beasts","floor":11,"turns":4},{"damage":17,"enemies":"3 Sentries","floor":12,"turns":6},{"damage":6,"enemies":"Exordium Thugs","floor":13,"turns":4},{"damage":29,"enemies":"The Guardian","floor":16,"turns":8},{"damage":33,"enemies":"Shell Parasite","floor":18,"turns":4},{"damage":28,"enemies":"3 Byrds","floor":24,"turns":4},{"damage":44,"enemies":"Slavers","floor":27,"turns":4},{"damage":4,"enemies":"Snecko","floor":28,"turns":3},{"damage":8,"enemies":"Snake Plant","floor":30,"turns":3},{"damage":0,"enemies":"3 Cultists","floor":31,"turns":5},{"damage":24,"enemies":"Champ","floor":33,"turns":7},{"damage":16,"enemies":"Orb Walker","floor":35,"turns":3},{"damage":0,"enemies":"3 Shapes","floor":37,"turns":3},{"damage":77,"enemies":"Reptomancer","floor":40,"turns":2}],"seed_played":"-5947518953794881746","potions_obtained":[{"floor":8,"key":"FocusPotion"},{"floor":16,"key":"EssenceOfSteel"},{"floor":24,"key":"FocusPotion"},{"floor":27,"key":"LiquidBronze"},{"floor":28,"key":"SkillPotion"},{"floor":33,"key":"EssenceOfSteel"},{"floor":37,"key":"SkillPotion"}],"is_trial":false,"path_per_floor":["M","?","?","M","?","E","R","M","T","?","M","E","M","$","R","B",null,"M","?","?","?","?","R","M","R","T","E","M","$","M","M","R","B",null,"M","?","M","?","$","E"],"character_chosen":"DEFECT","items_purchased":["Self Repair+1","Cold Snap","Fruit Juice","Storm+1","Coolheaded","Centennial Puzzle","Loop+1","Regal Pillow"],"campfire_rested":3,"item_purchase_floors":[14,14,14,29,29,39,39,39],"current_hp_per_floor":[64,64,64,64,64,64,64,62,62,51,51,34,28,33,33,14,55,32,32,32,32,32,52,34,54,54,20,26,26,18,28,48,34,60,54,54,54,54,54,0],"gold":43,"neow_bonus":"THREE_ENEMY_KILL","is_prod":false,"is_daily":false,"chose_seed":false,"campfire_upgraded":2,"win_rate":0,"timestamp":1549367696,"path_taken":["M","?","?","M","?","E","R","M","T","?","M","E","M","$","R","BOSS","M","?","?","?","?","R","M","R","T","E","?","?","M","M","R","BOSS","M","?","M","?","$","E"],"build_version":"2019-01-23","purchased_purges":2,"victory":false,"max_hp_per_floor":[71,71,64,64,64,64,64,64,64,64,64,64,64,69,69,69,69,69,69,69,69,69,69,69,69,69,69,69,69,69,69,69,69,69,69,69,69,66,66,66],"card_choices":[{"not_picked":["Stack","Compile Driver"],"picked":"Cold Snap","floor":1},{"not_picked":["Streamline","Amplify"],"picked":"Steam","floor":4},{"not_picked":["Go for the Eyes","Redo"],"picked":"Biased Cognition","floor":6},{"not_picked":["Storm","Double Energy"],"picked":"Stack","floor":8},{"not_picked":["Compile Driver","FTL"],"picked":"Capacitor","floor":11},{"not_picked":["Chaos","All For One"],"picked":"Force Field","floor":12},{"not_picked":["Barrage","Skim"],"picked":"Storm+1","floor":13},{"not_picked":["Multi-Cast","Core Surge"],"picked":"Creative AI+1","floor":16},{"not_picked":["Sunder","Redo"],"picked":"Leap","floor":18},{"not_picked":["Rebound","Conserve Battery+1"],"picked":"Static Discharge+1","floor":24},{"not_picked":["Fusion","Compile Driver"],"picked":"Chill","floor":27},{"not_picked":["Go for the Eyes","Beam Cell","Multi-Cast"],"picked":"SKIP","floor":28},{"not_picked":["Leap","Coolheaded"],"picked":"Skim+1","floor":30},{"not_picked":["Barrage","Meteor Strike"],"picked":"Stack","floor":31},{"not_picked":["Multi-Cast","Meteor Strike"],"picked":"Machine Learning+1","floor":33},{"not_picked":["Undo+1","Steam Power+1"],"picked":"Leap+1","floor":35},{"not_picked":["Steam","Cold Snap"],"picked":"Conserve Battery","floor":37}],"player_experience":627107,"relics_obtained":[{"floor":6,"key":"Unceasing Top"},{"floor":9,"key":"Emotion Chip"},{"floor":12,"key":"Frozen Egg 2"},{"floor":26,"key":"Shuriken"},{"floor":27,"key":"Ancient Tea Set"}],"event_choices":[{"damage_healed":0,"gold_gain":0,"player_choice":"Ignored","damage_taken":0,"max_hp_gain":0,"max_hp_loss":0,"event_name":"Liars Game","floor":2,"gold_loss":0},{"damage_healed":0,"gold_gain":0,"player_choice":"Lose Max HP","damage_taken":0,"relics_obtained":["Golden Idol"],"max_hp_gain":0,"max_hp_loss":7,"event_name":"Golden Idol","floor":3,"gold_loss":0},{"damage_healed":0,"gold_gain":0,"player_choice":"Grow","damage_taken":0,"max_hp_gain":0,"max_hp_loss":0,"event_name":"Living Wall","floor":5,"gold_loss":0,"cards_upgraded":["Zap"]},{"damage_healed":0,"gold_gain":75,"player_choice":"Gather Gold","damage_taken":11,"max_hp_gain":0,"max_hp_loss":0,"event_name":"World of Goop","floor":10,"gold_loss":0},{"damage_healed":0,"gold_gain":0,"player_choice":"Paid Fearfully","damage_taken":0,"max_hp_gain":0,"max_hp_loss":0,"event_name":"Masked Bandits","floor":19,"gold_loss":133},{"damage_healed":0,"gold_gain":50,"player_choice":"Stole From Cult","damage_taken":0,"max_hp_gain":0,"max_hp_loss":0,"event_name":"Nest","floor":20,"gold_loss":0},{"damage_healed":0,"gold_gain":0,"player_choice":"Inject Mutagens","damage_taken":0,"relics_obtained":["MutagenicStrength"],"max_hp_gain":0,"max_hp_loss":0,"event_name":"Drug Dealer","floor":21,"gold_loss":0},{"damage_healed":0,"gold_gain":0,"player_choice":"Ignored","damage_taken":0,"max_hp_gain":0,"max_hp_loss":0,"event_name":"Beggar","floor":22,"gold_loss":0},{"damage_healed":0,"gold_gain":333,"player_choice":"Gave Idol","damage_taken":0,"max_hp_gain":0,"max_hp_loss":0,"event_name":"The Moai Head","floor":36,"relics_lost":["Golden Idol"],"gold_loss":0},{"damage_healed":0,"gold_gain":0,"player_choice":"Max HP","damage_taken":0,"max_hp_gain":0,"max_hp_loss":3,"event_name":"Winding Halls","floor":38,"gold_loss":0}],"is_beta":false,"boss_relics":[{"not_picked":["Runic Dome","Empty Cage"],"picked":"Fusion Hammer"},{"not_picked":["Busted Crown","Lizard Tail"],"picked":"Inserter"}],"items_purged_floors":[14,39],"is_endless":false,"potions_floor_spawned":[8,16,24,27,28,33,37],"killed_by":"Reptomancer","ascension_level":19}