{"gold_per_floor":[109,127,77,91,101,101,134,145,226,238,277,308,320,364,376,486,498,520,552,564,82,82,82,100,100,100,120,136,152,152],"floor_reached":30,"playtime":3919,"items_purged":["Normality"],"score":254,"play_id":"89780387-d06a-4abc-a16a-0fe07c864006","local_time":"20190305163436","is_ascension_mode":false,"campfire_choices":[{"floor":6.0,"key":"REST"},{"floor":10.0,"key":"REST"},{"floor":13.0,"key":"REST"},{"floor":15,"key":"REST"},{"floor":23,"key":"REST"},{"floor":25,"key":"REST"}],"neow_cost":"NONE","seed_source_timestamp":0,"circlet_count":0,"master_deck":["Strike_B","Strike_B","Strike_B","Defend_B","Defend_B","Defend_B","Defend_B","Zap","Dualcast","Streamline","Reinforced Body","Creative AI","Redo","White Noise","Leap","Cold Snap","Go for the Eyes","Electrodynamics","Rainbow","Parasite","Echo Form+1","Reprogram","Ball Lightning","Coolheaded","Turbo","Lockon","Rebound","Zap","Madness","Skim","BootSequence+1","Stack+1","Cold Snap+1"],"special_seed":0,"relics":["Calling Bell","Bag of Marbles","Matryoshka","FossilizedHelix","Question Card","MawBank","Bottled Flame","Bag of Preparation","Pear","Astrolabe","Pantograph","Dream Catcher","Darkstone Periapt"],"potions_floor_usage":[16,24,28,28,29],"damage_taken":[{"damage":8.0,"enemies":"2 Louse","floor":1.0,"turns":3.0},{"damage":8.0,"enemies":"Jaw Worm","floor":2.0,"turns":4.0},{"damage":0.0,"enemies":"Cultist","floor":4.0,"turns":3.0},{"damage":0.0,"enemies":"3 Louse","floor":5.0,"turns":4.0},{"damage":25.0,"enemies":"Lagavulin","floor":7.0,"turns":8.0},{"damage":7.0,"enemies":"Red Slaver","floor":8.0,"turns":5.0},{"damage":54.0,"enemies":"Gremlin Nob","floor":11.0,"turns":7.0},{"damage":0.0,"enemies":"Large Slime","floor":12.0,"turns":7.0},{"damage":18,"enemies":"3 Sentries","floor":14,"turns":14},{"damage":27,"enemies":"Hexaghost","floor":16,"turns":12},{"damage":39,"enemies":"Spheric Guardian","floor":18,"turns":10},{"damage":35,"enemies":"2 Thieves","floor":19,"turns":4},{"damage":32,"enemies":"3 Cultists","floor":24,"turns":6},{"damage":27,"enemies":"Cultist and Chosen","floor":27,"turns":7},{"damage":0,"enemies":"Centurion and Healer","floor":28,"turns":4},{"damage":0,"enemies":"Snake Plant","floor":29,"turns":9},{"damage":11,"enemies":"Cultist and Chosen","floor":30,"turns":6}],"seed_played":"-3209774175262727063","potions_obtained":[{"floor":1.0,"key":"Ancient Potion"},{"floor":4.0,"key":"Poison Potion"},{"floor":5.0,"key":"FearPotion"},{"floor":14,"key":"Ancient Potion"},{"floor":19,"key":"Explosive Potion"},{"floor":24,"key":"SteroidPotion"},{"floor":27,"key":"Fire Potion"},{"floor":28,"key":"Energy Potion"}],"is_trial":false,"path_per_floor":["?","?","?","M"],"character_chosen":"DEFECT","items_purchased":["Coolheaded","Pantograph","Turbo","Lockon"],"campfire_rested":6,"item_purchase_floors":[21,21,21,21],"current_hp_per_floor":[67,59,59,59,59,75,50,43,43,65,11,11,33,25,50,23,85,46,11,11,11,11,36,4,29,29,2,2,2,0],"gold":152,"neow_bonus":"BOSS_RELIC","is_prod":false,"is_daily":false,"chose_seed":false,"campfire_upgraded":0,"win_rate":0.0,"timestamp":1551800076,"path_taken":["M","M","?","M","M","R","E","M","T","R","E","M","R","E","R","BOSS","M","M","?","$","?","R","M","R","T","M","?","M","M"],"build_version":"2019-01-23","purchased_purges":1,"victory":false,"max_hp_per_floor":[75,75,75,75,75,75,75,75,75,75,75,75,75,85,85,85,85,85,85,85,85,85,85,85,85,85,85,85,85,85],"card_choices":[{"not_picked":["Undo","Sweeping Beam"],"picked":"Streamline","floor":1.0},{"not_picked":["Cold Snap","Go for the Eyes"],"picked":"Reinforced Body","floor":2.0},{"not_picked":["Scrape","Heatsinks"],"picked":"Creative AI","floor":4.0},{"not_picked":["Fusion","Blizzard"],"picked":"Redo","floor":5.0},{"not_picked":["Rebound","Go for the Eyes"],"picked":"White Noise","floor":7.0},{"not_picked":["Redo","Steam","Hologram"],"picked":"Leap","floor":8.0},{"not_picked":["Gash","Skim","Sweeping Beam"],"picked":"Cold Snap","floor":11.0},{"not_picked":["All For One","Blizzard","Beam Cell"],"picked":"Go for the Eyes","floor":12.0},{"not_picked":["Force Field","Beam Cell","Heatsinks"],"picked":"Electrodynamics","floor":14},{"not_picked":["All For One","Machine Learning","Electrodynamics"],"picked":"Rainbow","floor":16},{"not_picked":["Hologram","Lockon","Beam Cell"],"picked":"Reprogram","floor":18},{"not_picked":["Barrage+1","Redo","Fission"],"picked":"Ball Lightning","floor":19},{"not_picked":["Static Discharge","Sunder","Coolheaded"],"picked":"Skim","floor":24},{"not_picked":["Rip and Tear","Barrage","Rebound"],"picked":"BootSequence+1","floor":27},{"not_picked":["Streamline","Conserve Battery","Ball Lightning"],"picked":"Stack+1","floor":28},{"not_picked":["Force Field","Skim+1","Sweeping Beam"],"picked":"Cold Snap+1","floor":29}],"player_experience":24657,"relics_obtained":[{"floor":0.0,"key":"Bag of Marbles"},{"floor":0.0,"key":"Matryoshka"},{"floor":0.0,"key":"FossilizedHelix"},{"floor":7.0,"key":"Question Card"},{"floor":9.0,"key":"MawBank"},{"floor":9.0,"key":"Bottled Flame"},{"floor":11.0,"key":"Bag of Preparation"},{"floor":14,"key":"Pear"},{"floor":26,"key":"Dream Catcher"},{"floor":26,"key":"Darkstone Periapt"}],"event_choices":[{"cards_removed":["Pain"],"damage_healed":0.0,"max_hp_gain":0.0,"max_hp_loss":0.0,"gold_gain":0.0,"event_name":"The Cleric","player_choice":"Card Removal","floor":3.0,"gold_loss":50.0,"damage_taken":0.0},{"damage_healed":0,"gold_gain":0,"player_choice":"Ignored","damage_taken":0,"max_hp_gain":0,"max_hp_loss":0,"event_name":"Vampires","floor":20,"gold_loss":0},{"damage_healed":0,"gold_gain":0,"player_choice":"3 cards matched","damage_taken":0,"max_hp_gain":0,"max_hp_loss":0,"event_name":"Match and Keep!","floor":22,"gold_loss":0,"cards_obtained":["Rebound","Zap","Madness"]},{"damage_healed":0,"gold_gain":0,"player_choice":"3 cards matched","damage_taken":0,"max_hp_gain":0,"max_hp_loss":0,"event_name":"Match and Keep!","floor":22,"gold_loss":0,"cards_obtained":["Rebound","Zap","Madness"]}],"is_beta":false,"boss_relics":[{"not_picked":["Tiny House","Coffee Dripper"],"picked":"Astrolabe"}],"items_purged_floors":[21],"is_endless":false,"potions_floor_spawned":[1,4,5,14,19,24,27,28],"killed_by":"Cultist and Chosen","ascension_level":0}