{"gold_per_floor":[111,111,130,130,149,149,26,26,26,59,76,76,109,121,121,192,192,212,136,136,20,20,20],"floor_reached":23,"playtime":1063,"items_purged":[],"score":370,"play_id":"3a0b0ed9-9916-4d33-a815-51b72a8c3d74","local_time":"20190113205337","is_ascension_mode":true,"campfire_choices":[{"data":"Chaos","floor":6,"key":"SMITH"},{"floor":12,"key":"REST"},{"data":"Creative AI","floor":15,"key":"SMITH"}],"neow_cost":"NONE","seed_source_timestamp":275079986907000,"circlet_count":0,"master_deck":["AscendersBane","Defend_B","Defend_B+1","Defend_B","Defend_B","Zap+1","Dualcast","Chaos+1","Steam Power","Consume","Hologram","Auto Shields","Creative AI+1","Leap","Loop","Skim","Chaos","Amplify","Leap","Capacitor","Bite","Bite","Bite","Bite","Bite","Self Repair"],"relics":["Cracked Core","NeowsBlessing","StoneCalendar","Pen Nib","Omamori","Nuclear Battery"],"potions_floor_usage":[13,14,16,23,23],"damage_taken":[{"damage":0,"enemies":"Small Slimes","floor":1,"turns":1},{"damage":0,"enemies":"2 Louse","floor":3,"turns":1},{"damage":0,"enemies":"Cultist","floor":5,"turns":1},{"damage":29,"enemies":"Gremlin Nob","floor":10,"turns":5},{"damage":3,"enemies":"2 Fungi Beasts","floor":11,"turns":3},{"damage":21,"enemies":"3 Sentries","floor":13,"turns":7},{"damage":2,"enemies":"3 Louse","floor":14,"turns":3},{"damage":12,"enemies":"Hexaghost","floor":16,"turns":8},{"damage":23,"enemies":"Chosen","floor":18,"turns":6},{"damage":74,"enemies":"Gremlin Leader","floor":23,"turns":6}],"seed_played":"270646315933478451","potions_obtained":[{"floor":1,"key":"LiquidBronze"},{"floor":11,"key":"Swift Potion"},{"floor":13,"key":"Fire Potion"},{"floor":16,"key":"GamblersBrew"}],"is_trial":false,"path_per_floor":["M","?","M","?","M","R","$","?","T","E","M","R","E","M","R","B",null,"M","$","?","$","?","E"],"character_chosen":"DEFECT","items_purchased":["Consume","Hologram","Capacitor","Self Repair","Weak Potion"],"campfire_rested":1,"item_purchase_floors":[7,7,19,21,21],"current_hp_per_floor":[64,43,43,48,48,48,48,48,48,19,16,38,17,15,15,3,58,35,35,35,35,35,0],"gold":20,"neow_bonus":"THREE_ENEMY_KILL","is_prod":false,"is_daily":false,"chose_seed":false,"campfire_upgraded":2,"win_rate":0,"timestamp":1547441617,"path_taken":["M","?","M","?","M","R","$","?","T","E","?","R","E","M","R","BOSS","M","$","?","$","?","E"],"build_version":"2019-01-10","purchased_purges":0,"victory":false,"max_hp_per_floor":[71,71,71,76,76,76,76,76,76,76,76,76,76,76,76,76,76,76,76,53,53,53,53],"card_choices":[{"not_picked":["Steam","Stack"],"picked":"Cold Snap","floor":1},{"not_picked":["Conserve Battery","Sweeping Beam"],"picked":"Chaos","floor":3},{"not_picked":["Steam","Rebound"],"picked":"Steam Power","floor":5},{"not_picked":["Fusion","Gash"],"picked":"Leap","floor":10},{"not_picked":["Rainbow","Consume"],"picked":"Loop","floor":11},{"not_picked":["Redo","Barrage"],"picked":"Skim","floor":13},{"not_picked":["Gash","Fusion"],"picked":"Chaos","floor":14},{"not_picked":["Meteor Strike","Fission"],"picked":"Amplify","floor":16},{"not_picked":["Beam Cell","Gash"],"picked":"Leap","floor":18}],"player_experience":466350,"relics_obtained":[{"floor":9,"key":"StoneCalendar"},{"floor":10,"key":"Pen Nib"},{"floor":13,"key":"Omamori"}],"event_choices":[{"damage_healed":0,"gold_gain":0,"player_choice":"Entered Light","damage_taken":21,"max_hp_gain":0,"max_hp_loss":0,"event_name":"Shining Light","floor":2,"gold_loss":0,"cards_upgraded":["Defend_B","Zap"]},{"damage_healed":0,"gold_gain":0,"player_choice":"Donut","damage_taken":0,"max_hp_gain":5,"max_hp_loss":0,"event_name":"Big Fish","floor":4,"gold_loss":0},{"damage_healed":0,"gold_gain":0,"player_choice":"2 cards matched","damage_taken":0,"max_hp_gain":0,"max_hp_loss":0,"event_name":"Match and Keep!","floor":8,"gold_loss":0,"cards_obtained":["Auto Shields","Creative AI"]},{"damage_healed":0,"gold_gain":0,"player_choice":"Became a vampire","damage_taken":0,"max_hp_gain":0,"max_hp_loss":23,"event_name":"Vampires","floor":20,"gold_loss":0,"cards_obtained":["Bite","Bite","Bite","Bite","Bite"]},{"cards_removed":["Cold Snap"],"damage_healed":0,"gold_gain":0,"player_choice":"Elegance","damage_taken":0,"max_hp_gain":0,"max_hp_loss":0,"event_name":"Back to Basics","floor":22,"gold_loss":0}],"is_beta":false,"boss_relics":[{"not_picked":["Orrery","Velvet Choker"],"picked":"Nuclear Battery"}],"items_purged_floors":[],"is_endless":false,"potions_floor_spawned":[1,11,13,16],"killed_by":"Gremlin Leader","ascension_level":15}