{"gold_per_floor":[99,50,0,0,18,52,52,52,76,88,88,88,13,31,31,132,132,142,68,68,55,55,55,67,94,94,0,0,19,19,30,30,30],"floor_reached":33,"playtime":1365,"items_purged":["Strike_B"],"score":432,"play_id":"eb906356-f2b2-49bd-b252-93f5836198d9","local_time":"20181029234618","is_ascension_mode":true,"campfire_choices":[{"data":"Zap","floor":12,"key":"SMITH"},{"data":"Coolheaded","floor":15,"key":"SMITH"},{"data":"Streamline","floor":23,"key":"SMITH"},{"floor":28,"key":"REST"},{"data":"Scrape","floor":30,"key":"SMITH"},{"data":"Scrape","floor":32,"key":"SMITH"}],"neow_cost":"NONE","seed_source_timestamp":188508608971474,"circlet_count":0,"master_deck":["Defend_B+1","Defend_B+1","Defend_B+1","Defend_B+1","Zap+1","Dualcast","AscendersBane","Sweeping Beam","Loop+1","Coolheaded+1","Conserve Battery","Gash","Machine Learning","Capacitor","Streamline+1","Scrape+1","Scrape+1","Coolheaded+1","Gash+1"],"relics":["Cracked Core","NeowsBlessing","Gambling Chip","Centennial Puzzle","Juzu Bracelet","Cursed Key","Blood Vial"],"potions_floor_usage":[16,25,25,31,33],"damage_taken":[{"damage":0,"enemies":"Small Slimes","floor":1,"turns":1},{"damage":0,"enemies":"Jaw Worm","floor":5,"turns":1},{"damage":0,"enemies":"3 Sentries","floor":6,"turns":1},{"damage":5,"enemies":"2 Louse","floor":10,"turns":3},{"damage":0,"enemies":"Exordium Wildlife","floor":14,"turns":4},{"damage":47,"enemies":"Slime Boss","floor":16,"turns":10},{"damage":29,"enemies":"3 Byrds","floor":18,"turns":4},{"damage":17,"enemies":"2 Thieves","floor":21,"turns":4},{"damage":1,"enemies":"Snecko","floor":24,"turns":6},{"damage":7,"enemies":"Book of Stabbing","floor":25,"turns":5},{"damage":0,"enemies":"Centurion and Healer","floor":29,"turns":6},{"damage":17,"enemies":"Cultist and Chosen","floor":31,"turns":7},{"damage":19,"enemies":"Champ","floor":33,"turns":7}],"seed_played":"-1386650657294102468","potions_obtained":[{"floor":5,"key":"Regen Potion"},{"floor":16,"key":"SpeedPotion"},{"floor":18,"key":"Explosive Potion"},{"floor":29,"key":"SkillPotion"},{"floor":31,"key":"Dexterity Potion"}],"is_trial":false,"path_per_floor":["M","$","?","?","M","E","?","?","T","M","?","R","$","M","R","B",null,"M","$","?","M","$","R","M","E","T","?","R","M","R","M","R"],"character_chosen":"DEFECT","items_purchased":["Sweeping Beam","Capacitor"],"campfire_rested":1,"item_purchase_floors":[2,19],"current_hp_per_floor":[68,68,68,68,68,68,68,68,68,63,56,56,56,56,56,24,62,33,33,33,16,16,16,15,8,8,8,30,32,32,17,17,0],"gold":30,"neow_bonus":"THREE_ENEMY_KILL","is_prod":false,"is_daily":false,"chose_seed":false,"campfire_upgraded":5,"win_rate":0,"timestamp":1540881978,"path_taken":["M","$","?","?","?","E","?","?","T","M","?","R","?","M","R","BOSS","M","$","?","M","$","R","M","E","T","?","R","M","R","M","R","BOSS"],"build_version":"2018-10-25v2","purchased_purges":1,"victory":false,"max_hp_per_floor":[75,75,75,75,75,75,75,75,75,75,75,75,75,75,75,75,75,75,75,75,75,75,75,75,75,75,75,75,75,75,75,75,75],"card_choices":[{"not_picked":["Lockon","Sweeping Beam","Glacier"],"picked":"SKIP","floor":1},{"not_picked":["Streamline","Coolheaded"],"picked":"Loop","floor":5},{"not_picked":["Ball Lightning","Heatsinks"],"picked":"Coolheaded","floor":6},{"not_picked":["Beam Cell","Biased Cognition"],"picked":"Conserve Battery","floor":10},{"not_picked":["Cold Snap","Beam Cell"],"picked":"Gash","floor":14},{"not_picked":["Seek","Rainbow"],"picked":"Machine Learning","floor":16},{"not_picked":["Ball Lightning","Go for the Eyes","Cold Snap"],"picked":"SKIP","floor":18},{"not_picked":["Genetic Algorithm+1","Darkness+1"],"picked":"Streamline","floor":21},{"not_picked":["Melter","Auto Shields"],"picked":"Scrape","floor":24},{"not_picked":["Go for the Eyes","Amplify"],"picked":"Scrape","floor":25},{"not_picked":["Aggregate+1","Double Energy"],"picked":"Coolheaded+1","floor":29},{"not_picked":["Steam+1","Storm"],"picked":"Gash+1","floor":31}],"player_experience":328823,"relics_obtained":[{"floor":6,"key":"Gambling Chip"},{"floor":9,"key":"Juzu Bracelet"},{"floor":25,"key":"Blood Vial"}],"event_choices":[{"cards_removed":["Strike_B"],"damage_healed":0,"gold_gain":0,"player_choice":"Card Removal","damage_taken":0,"max_hp_gain":0,"max_hp_loss":0,"event_name":"The Cleric","floor":3,"gold_loss":50},{"cards_removed":["Strike_B"],"damage_healed":0,"gold_gain":0,"player_choice":"Forget","damage_taken":0,"max_hp_gain":0,"max_hp_loss":0,"event_name":"Living Wall","floor":4,"gold_loss":0},{"damage_healed":0,"gold_gain":0,"player_choice":"Searched \u00271\u0027 times","damage_taken":0,"relics_obtained":["Centennial Puzzle"],"max_hp_gain":0,"max_hp_loss":0,"event_name":"Dead Adventurer","floor":7,"gold_loss":0},{"damage_healed":0,"gold_gain":0,"player_choice":"Forge","damage_taken":0,"max_hp_gain":0,"max_hp_loss":0,"event_name":"Accursed Blacksmith","floor":8,"gold_loss":0,"cards_upgraded":["Loop"]},{"cards_removed":["Strike_B"],"damage_healed":0,"gold_gain":0,"player_choice":"Card Removal","damage_taken":7,"max_hp_gain":0,"max_hp_loss":0,"event_name":"Golden Wing","floor":11,"gold_loss":0},{"damage_healed":0,"gold_gain":0,"player_choice":"Simplicity","damage_taken":0,"max_hp_gain":0,"max_hp_loss":0,"event_name":"Back to Basics","floor":20,"gold_loss":0,"cards_upgraded":["Defend_B","Defend_B","Defend_B","Defend_B"]},{"damage_healed":0,"gold_gain":0,"player_choice":"Paid Fearfully","damage_taken":0,"max_hp_gain":0,"max_hp_loss":0,"event_name":"Masked Bandits","floor":27,"gold_loss":94}],"is_beta":false,"boss_relics":[{"not_picked":["Velvet Choker","Fusion Hammer"],"picked":"Cursed Key"}],"items_purged_floors":[13],"is_endless":false,"potions_floor_spawned":[1,5,16,18,29,31],"killed_by":"Champ","ascension_level":10}