{"gold_per_floor":[113,125,145,245,256,256,281,292,292,292,327,327,340,340,340,340],"floor_reached":16,"playtime":1167,"items_purged":[],"score":137,"play_id":"fa873922-0368-494a-9d40-3b418c92fef7","local_time":"20181226232819","is_ascension_mode":false,"campfire_choices":[{"data":"Dualcast","floor":6,"key":"SMITH"},{"floor":10,"key":"REST"},{"floor":12,"key":"REST"},{"data":"Glacier","floor":15,"key":"SMITH"}],"neow_cost":"NONE","seed_source_timestamp":130900264285499,"circlet_count":0,"master_deck":["Strike_B","Strike_B","Strike_B","Defend_B","Defend_B","Defend_B","Defend_B","Zap","Dualcast+1","Glacier+1","Cold Snap","Self Repair","Cold Snap"],"relics":["Cracked Core","Du-Vu Doll","Meat on the Bone","Prayer Wheel"],"potions_floor_usage":[11,11,11],"damage_taken":[{"damage":3,"enemies":"Small Slimes","floor":1,"turns":3},{"damage":1,"enemies":"Cultist","floor":2,"turns":3},{"damage":6,"enemies":"Jaw Worm","floor":3,"turns":4},{"damage":0,"enemies":"Looter","floor":5,"turns":5},{"damage":24,"enemies":"Lagavulin","floor":7,"turns":10},{"damage":15,"enemies":"Exordium Thugs","floor":8,"turns":6},{"damage":0,"enemies":"Gremlin Nob","floor":11,"turns":7},{"damage":0,"enemies":"Blue Slaver","floor":13,"turns":5},{"damage":48,"enemies":"Hexaghost","floor":16,"turns":12}],"seed_played":"8427550671680085713","potions_obtained":[{"floor":1,"key":"FocusPotion"},{"floor":3,"key":"Dexterity Potion"},{"floor":7,"key":"Dexterity Potion"}],"is_trial":false,"path_per_floor":["M","M","M","?","M","R","E","M","T","R","E","R","M","?","R","B"],"character_chosen":"DEFECT","items_purchased":[],"campfire_rested":2,"item_purchase_floors":[],"current_hp_per_floor":[72,71,65,65,65,65,41,26,26,48,48,70,75,80,80,32],"gold":340,"neow_bonus":"TRANSFORM_CARD","is_prod":false,"is_daily":false,"chose_seed":false,"campfire_upgraded":2,"win_rate":0,"timestamp":1545884899,"path_taken":["M","M","M","?","M","R","E","M","T","R","E","R","?","?","R","BOSS"],"build_version":"2018-12-20","purchased_purges":0,"victory":false,"max_hp_per_floor":[75,75,75,75,75,75,75,75,75,75,75,75,75,80,80,80],"card_choices":[{"not_picked":["Recycle","Sweeping Beam","Turbo"],"picked":"SKIP","floor":1},{"not_picked":["Leap","Beam Cell","Reprogram"],"picked":"SKIP","floor":2},{"not_picked":["Barrage","Hologram","Streamline"],"picked":"SKIP","floor":3},{"not_picked":["Go for the Eyes","Steam","Beam Cell"],"picked":"SKIP","floor":5},{"not_picked":["Fission","Rebound","Beam Cell"],"picked":"SKIP","floor":7},{"not_picked":["Leap","Compile Driver"],"picked":"Cold Snap","floor":8},{"not_picked":["Static Discharge","Barrage"],"picked":"Self Repair","floor":11},{"not_picked":["Rebound","FTL"],"picked":"Cold Snap","floor":13},{"not_picked":["Rebound","Compile Driver","Thunder Strike"],"picked":"SKIP","floor":13}],"player_experience":355866,"relics_obtained":[{"floor":7,"key":"Du-Vu Doll"},{"floor":9,"key":"Meat on the Bone"},{"floor":11,"key":"Prayer Wheel"}],"event_choices":[{"damage_healed":0,"gold_gain":100,"player_choice":"Pray","damage_taken":0,"max_hp_gain":0,"max_hp_loss":0,"event_name":"Golden Shrine","floor":4,"gold_loss":0},{"damage_healed":0,"gold_gain":0,"player_choice":"Donut","damage_taken":0,"max_hp_gain":5,"max_hp_loss":0,"event_name":"Big Fish","floor":14,"gold_loss":0}],"is_beta":false,"boss_relics":[],"items_purged_floors":[],"is_endless":false,"potions_floor_spawned":[1,3,7],"killed_by":"Hexaghost","ascension_level":0}