{"gold_per_floor":[218,231,50,62,62,62,94,94,143,143,170,117,117,132,132,227,227,245,261,78,89,89],"floor_reached":22,"playtime":946,"items_purged":[],"score":239,"play_id":"2975e003-18e2-4247-b2bc-d718a9ac25b7","local_time":"20181015035631","is_ascension_mode":true,"campfire_choices":[{"data":"Beam Cell","floor":6,"key":"SMITH"},{"data":"Zap","floor":10,"key":"SMITH"},{"data":"Go for the Eyes","floor":13,"key":"SMITH"},{"floor":15,"key":"REST"}],"neow_cost":"NONE","seed_source_timestamp":31396433744068,"circlet_count":0,"master_deck":["Strike_B","Strike_B","Strike_B","Strike_B","Defend_B","Defend_B","Defend_B","Defend_B","Zap+1","Dualcast","Gash","White Noise+1","Beam Cell+1","Go for the Eyes+1","Go for the Eyes","Conserve Battery","Beam Cell","Hologram","Echo Form","Gash","Gash+1","Scrape","Rebound","Purity","Go for the Eyes"],"relics":["Cracked Core","Blood Vial","Orichalcum","Oddly Smooth Stone","Dream Catcher","Bag of Marbles","Nuclear Battery"],"potions_floor_usage":[18,19],"damage_taken":[{"damage":2,"enemies":"Jaw Worm","floor":1,"turns":3},{"damage":0,"enemies":"Cultist","floor":2,"turns":3},{"damage":0,"enemies":"Small Slimes","floor":4,"turns":3},{"damage":8,"enemies":"Gremlin Nob","floor":7,"turns":4},{"damage":0,"enemies":"Blue Slaver","floor":14,"turns":3},{"damage":37,"enemies":"The Guardian","floor":16,"turns":12},{"damage":20,"enemies":"2 Thieves","floor":18,"turns":4},{"damage":7,"enemies":"Spheric Guardian","floor":19,"turns":4},{"damage":20,"enemies":"Shelled Parasite and Fungi","floor":21,"turns":3},{"damage":29,"enemies":"Cultist and Chosen","floor":22,"turns":5}],"seed_played":"7449658782437678235","potions_obtained":[{"floor":1,"key":"Poison Potion"},{"floor":14,"key":"GamblersBrew"},{"floor":18,"key":"FearPotion"}],"is_trial":false,"path_per_floor":["M","M","$","M","?","R","E","?","T","R","T","$","R","M","R","B",null,"M","M","$","M"],"character_chosen":"DEFECT","items_purchased":["Blood Vial","Beam Cell","Conserve Battery","Scrape","Rebound","Purity"],"campfire_rested":1,"item_purchase_floors":[3,3,12,20,20,20],"current_hp_per_floor":[66,66,66,68,68,68,62,55,55,55,55,55,55,57,75,38,66,48,43,43,25,0],"gold":89,"neow_bonus":"HUNDRED_GOLD","is_prod":false,"is_daily":false,"chose_seed":false,"campfire_upgraded":3,"win_rate":0,"timestamp":1539600991,"path_taken":["M","M","$","M","?","R","E","?","T","R","?","$","R","M","R","BOSS","M","M","$","M","M"],"build_version":"2018-10-11","purchased_purges":0,"victory":false,"max_hp_per_floor":[75,75,75,75,75,75,75,75,75,75,75,75,75,75,75,75,75,75,75,75,75,75],"card_choices":[{"not_picked":["Chaos","Conserve Battery"],"picked":"Gash","floor":1},{"not_picked":["Undo","Turbo"],"picked":"White Noise","floor":2},{"not_picked":["Turbo","Conserve Battery"],"picked":"Go for the Eyes","floor":4},{"not_picked":["Auto Shields","Ball Lightning"],"picked":"Go for the Eyes","floor":7},{"not_picked":["Hologram","Coolheaded"],"picked":"Beam Cell","floor":14},{"not_picked":["Ball Lightning","Redo"],"picked":"Hologram","floor":15},{"not_picked":["Biased Cognition","Multi-Cast"],"picked":"Echo Form","floor":16},{"not_picked":["Static Discharge","Force Field"],"picked":"Gash","floor":18},{"not_picked":["Blizzard+1","Leap+1"],"picked":"Gash+1","floor":19},{"not_picked":["Capacitor","Coolheaded"],"picked":"Go for the Eyes","floor":21}],"player_experience":265978,"relics_obtained":[{"floor":7,"key":"Orichalcum"},{"floor":9,"key":"Dream Catcher"},{"floor":11,"key":"Bag of Marbles"}],"event_choices":[{"event_name":"Accursed Blacksmith","player_choice":"Forge","floor":5,"damage_taken":0},{"event_name":"Scrap Ooze","player_choice":"success","floor":8,"damage_taken":7}],"is_beta":false,"boss_relics":[{"not_picked":["Inserter","Runic Pyramid"],"picked":"Nuclear Battery"}],"items_purged_floors":[],"is_endless":false,"potions_floor_spawned":[1,14,18],"killed_by":"Cultist and Chosen","ascension_level":6}