{"gold_per_floor":[111,36,46,46,0,0,26,26,26,26,43,59,73,73,73,149,149,164,164,164],"floor_reached":20,"playtime":712,"items_purged":[],"score":344,"play_id":"057205cb-7511-4c4c-ba32-c0f6d4a3fd99","local_time":"20190221210916","is_ascension_mode":true,"campfire_choices":[{"data":"Zap","floor":6,"key":"SMITH"},{"data":"Go for the Eyes","floor":8,"key":"SMITH"},{"data":"Dualcast","floor":10,"key":"SMITH"},{"data":"Consume","floor":15,"key":"SMITH"}],"neow_cost":"NONE","seed_source_timestamp":1336211208002400,"circlet_count":0,"master_deck":["AscendersBane","Strike_B","Strike_B","Strike_B","Defend_B","Defend_B","Defend_B","Defend_B","Zap+1","Dualcast+1","Go for the Eyes+1","Cold Snap","Gash","Blizzard","Consume+1","Thunder Strike","Ball Lightning","Decay"],"relics":["Cracked Core","Ancient Tea Set","Thread and Needle","Velvet Choker"],"potions_floor_usage":[7,16,20],"damage_taken":[{"damage":4,"enemies":"Small Slimes","floor":1,"turns":3},{"damage":4,"enemies":"Jaw Worm","floor":3,"turns":3},{"damage":25,"enemies":"3 Sentries","floor":7,"turns":8},{"damage":0,"enemies":"2 Louse","floor":11,"turns":2},{"damage":4,"enemies":"Large Slime","floor":12,"turns":6},{"damage":0,"enemies":"Blue Slaver","floor":13,"turns":3},{"damage":9,"enemies":"The Guardian","floor":16,"turns":14},{"damage":46,"enemies":"3 Byrds","floor":18,"turns":6},{"damage":21,"enemies":"Colosseum Slavers","floor":20,"turns":2}],"seed_played":"8667298452349254194","potions_obtained":[{"floor":3,"key":"Fire Potion"},{"floor":7,"key":"SpeedPotion"},{"floor":18,"key":"Explosive Potion"}],"is_trial":false,"path_per_floor":["M","?","M","$","?","R","E","R","T","R","M","M","M","?","R","B",null,"M","?","?"],"character_chosen":"DEFECT","items_purchased":[],"campfire_rested":0,"item_purchase_floors":[],"current_hp_per_floor":[67,67,63,63,63,63,38,38,38,38,38,34,34,34,34,25,65,19,19,0],"gold":164,"neow_bonus":"TEN_PERCENT_HP_BONUS","is_prod":false,"is_daily":false,"chose_seed":false,"campfire_upgraded":4,"win_rate":0,"timestamp":1550812156,"path_taken":["M","?","M","$","?","R","E","R","T","R","M","M","M","?","R","BOSS","M","?","?"],"build_version":"2019-01-23","purchased_purges":0,"victory":false,"max_hp_per_floor":[78,78,78,78,78,78,78,78,78,78,78,78,78,78,78,78,78,78,78,78],"card_choices":[{"not_picked":["Steam","Streamline"],"picked":"Go for the Eyes","floor":1},{"not_picked":["Go for the Eyes","Reprogram"],"picked":"Cold Snap","floor":3},{"not_picked":["Barrage","Stack"],"picked":"Gash","floor":7},{"not_picked":["Scrape","Rip and Tear"],"picked":"Blizzard","floor":11},{"not_picked":["Hologram","Steam"],"picked":"Consume","floor":12},{"not_picked":["Stack","Aggregate","Fusion"],"picked":"SKIP","floor":13},{"not_picked":["Machine Learning","Meteor Strike"],"picked":"Thunder Strike","floor":16},{"not_picked":["FTL","Rip and Tear"],"picked":"Ball Lightning","floor":18}],"player_experience":753849,"relics_obtained":[{"floor":7,"key":"Ancient Tea Set"},{"floor":9,"key":"Thread and Needle"}],"event_choices":[{"cards_removed":["Strike_B"],"damage_healed":0,"gold_gain":0,"player_choice":"Card Removal","damage_taken":0,"max_hp_gain":0,"max_hp_loss":0,"event_name":"The Cleric","floor":2,"gold_loss":75},{"damage_healed":0,"gold_gain":0,"player_choice":"Left Gold","damage_taken":0,"max_hp_gain":0,"max_hp_loss":0,"event_name":"World of Goop","floor":5,"gold_loss":46},{"damage_healed":0,"gold_gain":0,"player_choice":"Ignored","damage_taken":0,"max_hp_gain":0,"max_hp_loss":0,"event_name":"Liars Game","floor":14,"gold_loss":0},{"damage_healed":0,"gold_gain":0,"player_choice":"Smashed Altar","damage_taken":0,"max_hp_gain":0,"max_hp_loss":0,"event_name":"Forgotten Altar","floor":19,"gold_loss":0,"cards_obtained":["Decay"]},{"damage_healed":0,"gold_gain":0,"player_choice":"Fight","damage_taken":0,"max_hp_gain":0,"max_hp_loss":0,"event_name":"Colosseum","floor":20,"gold_loss":0}],"is_beta":false,"boss_relics":[{"not_picked":["White Beast Statue","Black Star"],"picked":"Velvet Choker"}],"items_purged_floors":[],"is_endless":false,"potions_floor_spawned":[3,7,18],"killed_by":"Colosseum Slavers","ascension_level":20}