{"gold_per_floor":[114,125,145,133,133,161,131,150,150,185,199,199,199,215,215,338,401,422,61,61,61,81,81,104,104,104,104,140,161,202,51,51,182,182,201,225,0,0,25,25,64,64,64,64,84,417,29,29],"floor_reached":48,"playtime":2385,"items_purged":["Strike_B"],"score":687,"play_id":"cfe9686e-e994-4865-adb6-b11e3ad2b245","local_time":"20190304063437","is_ascension_mode":false,"campfire_choices":[{"data":"Defragment","floor":12,"key":"SMITH"},{"data":"Zap","floor":15,"key":"SMITH"},{"data":"Loop","floor":23,"key":"SMITH"},{"data":"Dualcast","floor":25,"key":"SMITH"},{"data":"Consume","floor":27,"key":"SMITH"},{"data":"Hologram","floor":32,"key":"SMITH"},{"floor":40,"key":"REST"},{"data":"Self Repair","floor":44,"key":"SMITH"}],"neow_cost":"","seed_source_timestamp":0,"circlet_count":0,"master_deck":["Strike_B","Defend_B","Defend_B","Defend_B","Defend_B","Zap+1","Dualcast+1","Gash","Conserve Battery","Coolheaded","FTL","Self Repair+1","Coolheaded","Undo","Defragment+1","Glacier","Gash","All For One+1","Consume+1","Reinforced Body","Gash","Loop+1","Tempest","Core Surge","Hologram+1","Creative AI+1","Cold Snap+1","Redo+1","Capacitor+1","BootSequence+1","Heatsinks","Heatsinks"],"relics":["Cracked Core","Bag of Marbles","Question Card","Pantograph","Tiny House","Medical Kit","Oddly Smooth Stone","Shuriken","Letter Opener","Dream Catcher","Omamori","Black Star","Red Mask","DataDisk","Juzu Bracelet","Molten Egg 2","Symbiotic Virus"],"potions_floor_usage":[3,14,28,38,38,38,38,38,39,41,41,41,45,48],"damage_taken":[{"damage":1,"enemies":"Jaw Worm","floor":1,"turns":4},{"damage":0,"enemies":"Cultist","floor":2,"turns":3},{"damage":3,"enemies":"Small Slimes","floor":3,"turns":3},{"damage":5,"enemies":"Exordium Thugs","floor":4,"turns":4},{"damage":47,"enemies":"Gremlin Nob","floor":6,"turns":5},{"damage":0,"enemies":"Looter","floor":7,"turns":4},{"damage":9,"enemies":"2 Fungi Beasts","floor":8,"turns":5},{"damage":17,"enemies":"3 Sentries","floor":10,"turns":13},{"damage":1,"enemies":"Exordium Thugs","floor":11,"turns":6},{"damage":0,"enemies":"Large Slime","floor":14,"turns":8},{"damage":17,"enemies":"Hexaghost","floor":16,"turns":14},{"damage":0,"enemies":"Chosen","floor":18,"turns":5},{"damage":4,"enemies":"Shell Parasite","floor":22,"turns":6},{"damage":17,"enemies":"Snake Plant","floor":24,"turns":7},{"damage":10,"enemies":"Slavers","floor":28,"turns":6},{"damage":12,"enemies":"Shelled Parasite and Fungi","floor":29,"turns":6},{"damage":19,"enemies":"Book of Stabbing","floor":30,"turns":8},{"damage":66,"enemies":"Automaton","floor":33,"turns":9},{"damage":0,"enemies":"Orb Walker","floor":35,"turns":2},{"damage":53,"enemies":"3 Darklings","floor":36,"turns":9},{"damage":23,"enemies":"Transient","floor":38,"turns":3},{"damage":9,"enemies":"Sphere and 2 Shapes","floor":39,"turns":6},{"damage":10,"enemies":"Reptomancer","floor":41,"turns":10},{"damage":1,"enemies":"Jaw Worm Horde","floor":45,"turns":6},{"damage":33,"enemies":"Nemesis","floor":48,"turns":3}],"seed_played":"-3554909608289979436","potions_obtained":[{"floor":2,"key":"SkillPotion"},{"floor":6,"key":"Dexterity Potion"},{"floor":8,"key":"Block Potion"},{"floor":11,"key":"Ancient Potion"},{"floor":14,"key":"Energy Potion"},{"floor":16,"key":"EntropicBrew"},{"floor":36,"key":"Regen Potion"},{"floor":39,"key":"EntropicBrew"},{"floor":41,"key":"Block Potion"}],"is_trial":true,"path_per_floor":["M","M","M","M","?","E","M","M","T","E","M","R","?","M","R","B",null,"M","$","?","?","M","R","M","R","T","R","E","M","E","$","R","B",null,"M","M","?","M","M","R","E","?","T","R","M","?","$","E"],"character_chosen":"DEFECT","items_purchased":["Medical Kit","Oddly Smooth Stone","Omamori","Symbiotic Virus","Heatsinks"],"campfire_rested":1,"item_purchase_floors":[19,19,31,47,47],"current_hp_per_floor":[74,74,71,66,66,19,26,24,24,14,20,20,20,27,27,42,74,74,74,74,74,74,74,64,64,64,64,61,56,44,44,44,10,74,74,28,28,14,12,34,31,31,31,31,30,30,30,0],"gold":29,"neow_bonus":"","is_prod":false,"is_daily":false,"chose_seed":false,"campfire_upgraded":7,"win_rate":0,"timestamp":1551710077,"path_taken":["M","M","M","M","?","E","?","M","T","E","M","R","?","M","R","BOSS","M","$","?","?","M","R","?","R","T","R","E","M","E","?","R","BOSS","M","M","?","M","M","R","E","?","T","R","M","?","$","E"],"build_version":"2019-01-23","purchased_purges":1,"victory":false,"max_hp_per_floor":[75,75,75,75,75,75,75,75,75,75,75,75,69,69,69,69,74,74,74,74,74,74,74,74,74,74,74,74,74,74,74,74,74,74,74,74,74,74,74,74,74,74,74,74,74,74,74,74],"card_choices":[{"not_picked":["Lockon","Undo"],"picked":"Gash","floor":1},{"not_picked":["Chill","Hologram"],"picked":"Conserve Battery","floor":2},{"not_picked":["Rip and Tear","Double Energy"],"picked":"Coolheaded","floor":3},{"not_picked":["Streamline","Lockon","Stack"],"picked":"SKIP","floor":4},{"not_picked":["Stack","Undo"],"picked":"Self Repair","floor":6},{"not_picked":["Steam","Hologram"],"picked":"Coolheaded","floor":7},{"not_picked":["Hyperbeam","Stack"],"picked":"Undo","floor":8},{"not_picked":["Turbo","Steam","Leap"],"picked":"Defragment","floor":10},{"not_picked":["Force Field","Compile Driver","Beam Cell"],"picked":"Glacier","floor":11},{"not_picked":["Loop","Reprogram","Stack"],"picked":"Gash","floor":14},{"not_picked":["Creative AI","Fission","Seek"],"picked":"All For One","floor":16},{"not_picked":["FTL","Steam","Leap"],"picked":"Consume","floor":17},{"not_picked":["Redo","Turbo","Melter+1"],"picked":"Reinforced Body","floor":18},{"not_picked":["Stack+1","Rip and Tear","Hologram+1"],"picked":"Loop","floor":22},{"not_picked":["Sweeping Beam","Turbo","Reinforced Body"],"picked":"Tempest","floor":24},{"not_picked":["Gash","Machine Learning","FTL"],"picked":"Core Surge","floor":28},{"not_picked":["Turbo","Chill","Undo"],"picked":"Hologram","floor":29},{"not_picked":["Consume","Coolheaded","Skim","Compile Driver"],"picked":"SKIP","floor":30},{"not_picked":["Fission","Buffer","Multi-Cast"],"picked":"Creative AI","floor":33},{"not_picked":["Beam Cell+1","Rip and Tear","Auto Shields"],"picked":"Cold Snap+1","floor":35},{"not_picked":["Leap","Reinforced Body","Aggregate"],"picked":"Redo+1","floor":36},{"not_picked":["Compile Driver+1","Lockon+1","Ball Lightning"],"picked":"Capacitor+1","floor":39},{"not_picked":["Steam+1","Consume","Streamline+1"],"picked":"BootSequence+1","floor":40},{"not_picked":["Turbo+1","Steam","Stack+1"],"picked":"Heatsinks","floor":41},{"not_picked":["Compile Driver+1","Go for the Eyes+1","Stack","Turbo"],"picked":"SKIP","floor":45}],"player_experience":784032,"relics_obtained":[{"floor":6,"key":"Bag of Marbles"},{"floor":9,"key":"Question Card"},{"floor":10,"key":"Pantograph"},{"floor":26,"key":"Shuriken"},{"floor":28,"key":"Letter Opener"},{"floor":30,"key":"Dream Catcher"},{"floor":41,"key":"DataDisk"},{"floor":41,"key":"Juzu Bracelet"},{"floor":43,"key":"Molten Egg 2"}],"event_choices":[{"damage_healed":0,"gold_gain":0,"cards_transformed":["Strike_B"],"player_choice":"Transformed","damage_taken":0,"max_hp_gain":0,"max_hp_loss":0,"event_name":"Transmorgrifier","floor":5,"gold_loss":0,"cards_obtained":["FTL"]},{"damage_healed":0,"gold_gain":0,"player_choice":"Lose Max HP","damage_taken":0,"relics_obtained":["Golden Idol"],"max_hp_gain":0,"max_hp_loss":6,"event_name":"Golden Idol","floor":13,"gold_loss":0},{"damage_healed":0,"gold_gain":0,"player_choice":"Read","damage_taken":0,"max_hp_gain":0,"max_hp_loss":0,"event_name":"The Library","floor":20,"gold_loss":0,"cards_obtained":["Gash"]},{"cards_removed":["Strike_B"],"damage_healed":0,"gold_gain":0,"player_choice":"Offered Basic","damage_taken":0,"max_hp_gain":0,"max_hp_loss":0,"event_name":"Bonfire Elementals","floor":21,"gold_loss":0},{"damage_healed":0,"gold_gain":0,"player_choice":"Paid","damage_taken":0,"relics_obtained":["Red Mask"],"max_hp_gain":0,"max_hp_loss":0,"event_name":"Tomb of Lord Red Mask","floor":37,"gold_loss":225},{"damage_healed":0,"gold_gain":0,"player_choice":"Upgraded","damage_taken":0,"max_hp_gain":0,"max_hp_loss":0,"event_name":"Upgrade Shrine","floor":42,"gold_loss":0,"cards_upgraded":["Creative AI"]},{"damage_healed":0,"gold_gain":333,"player_choice":"Gave Idol","damage_taken":0,"max_hp_gain":0,"max_hp_loss":0,"event_name":"The Moai Head","floor":46,"relics_lost":["Golden Idol"],"gold_loss":0}],"is_beta":false,"boss_relics":[{"not_picked":["Fusion Hammer","Lizard Tail"],"picked":"Tiny House"},{"not_picked":["Astrolabe","White Beast Statue"],"picked":"Black Star"}],"items_purged_floors":[47],"is_endless":true,"potions_floor_spawned":[2,6,8,11,14,16,18,22,24,36,39,41],"killed_by":"Nemesis","ascension_level":0}