{"gold_per_floor":[114,127,143,143,20,20,31,51,51,51,4,4,60,84,96,210,222,246,158,158,55,74,74,85,85,85,102,102,116,149,169,169,268,268,287,287,287,287,304,304,337,355,355,355,355,366,366,379,379,379],"floor_reached":50,"playtime":1885,"items_purged":["Iron Wave","Infernal Blade"],"score":609,"play_id":"7b891117-ae23-4cb1-901f-ea8812cce778","local_time":"20180911185105","daily_mods":["Draft"],"is_ascension_mode":false,"campfire_choices":[{"data":"Perfected Strike","floor":6,"key":"SMITH"},{"data":"Perfected Strike","floor":10,"key":"SMITH"},{"data":"Perfected Strike","floor":12,"key":"SMITH"},{"data":"Pommel Strike","floor":15,"key":"SMITH"},{"data":"Pommel Strike","floor":23,"key":"SMITH"},{"data":"Pommel Strike","floor":25,"key":"SMITH"},{"data":"Pain","floor":28,"key":"PURGE"},{"data":"Clash","floor":32,"key":"SMITH"},{"data":"Double Tap","floor":40,"key":"SMITH"},{"data":"Normality","floor":45,"key":"PURGE"},{"data":"Clash","floor":47,"key":"SMITH"},{"floor":49,"key":"REST"}],"neow_cost":"","seed_source_timestamp":0,"circlet_count":0,"master_deck":["Wild Strike","Seeing Red","Twin Strike","Wild Strike","Pommel Strike+1","Iron Wave","Pommel Strike+1","Perfected Strike+1","Clash","Wild Strike","Perfected Strike+1","Twin Strike","Twin Strike","Clash+1","Clash","Perfected Strike+1","Clash","Pommel Strike+1","Wild Strike","Clash","Twin Strike","Clash+1","Clash+1","Double Tap+1","Perfected Strike+1","Perfected Strike+1","Twin Strike","Pommel Strike+1","Clash"],"relics":["Burning Blood","Ancient Tea Set","MawBank","Cursed Key","Peace Pipe","Dodecahedron","Velvet Choker","Turnip","Blue Candle"],"potions_floor_usage":[16,16,29,30,33,41,46,50,50],"damage_taken":[{"damage":0,"enemies":"Jaw Worm","floor":1,"turns":2},{"damage":0,"enemies":"Small Slimes","floor":2,"turns":1},{"damage":0,"enemies":"2 Louse","floor":3,"turns":1},{"damage":7,"enemies":"Exordium Wildlife","floor":7,"turns":2},{"damage":0,"enemies":"3 Louse","floor":8,"turns":1},{"damage":0,"enemies":"Lagavulin Event","floor":13,"turns":2},{"damage":0,"enemies":"Exordium Thugs","floor":14,"turns":1},{"damage":30,"enemies":"Hexaghost","floor":16,"turns":4},{"damage":0,"enemies":"Shell Parasite","floor":18,"turns":1},{"damage":10,"enemies":"Chosen","floor":22,"turns":2},{"damage":0,"enemies":"Snake Plant","floor":24,"turns":2},{"damage":0,"enemies":"Cultist and Chosen","floor":27,"turns":2},{"damage":10,"enemies":"Sentry and Sphere","floor":29,"turns":3},{"damage":2,"enemies":"Gremlin Leader","floor":30,"turns":2},{"damage":0,"enemies":"Snake Plant","floor":31,"turns":1},{"damage":11,"enemies":"Collector","floor":33,"turns":3},{"damage":0,"enemies":"3 Shapes","floor":35,"turns":1},{"damage":8,"enemies":"3 Darklings","floor":39,"turns":2},{"damage":43,"enemies":"2 Orb Walkers","floor":41,"turns":3},{"damage":0,"enemies":"Transient","floor":42,"turns":5},{"damage":3,"enemies":"Sphere and 2 Shapes","floor":46,"turns":2},{"damage":0,"enemies":"3 Darklings","floor":48,"turns":1},{"damage":87,"enemies":"Time Eater","floor":50,"turns":5}],"seed_played":"3142635392987792330","potions_obtained":[{"floor":1,"key":"Ancient Potion"},{"floor":2,"key":"Poison Potion"},{"floor":7,"key":"Block Potion"},{"floor":14,"key":"FearPotion"},{"floor":22,"key":"Dexterity Potion"},{"floor":27,"key":"PowerPotion"},{"floor":30,"key":"GamblersBrew"},{"floor":33,"key":"Regen Potion"},{"floor":41,"key":"PowerPotion"},{"floor":46,"key":"SteroidPotion"}],"is_trial":true,"path_per_floor":["M","M","M","?","$","R","M","M","T","R","$","R","?","M","R","B",null,"M","$","?","$","M","R","M","R","T","M","R","M","E","M","R","B",null,"M","?","?","?","M","R","E","M","T","?","R","M","R","M","R"],"character_chosen":"IRONCLAD","items_purchased":["Twin Strike","Perfected Strike","Clash","Twin Strike"],"campfire_rested":1,"item_purchase_floors":[5,11,21,21],"current_hp_per_floor":[80,80,80,73,73,73,72,78,78,78,78,78,80,80,80,56,80,80,80,80,80,76,76,80,80,80,80,80,76,80,80,80,75,80,80,80,80,80,78,78,47,53,53,53,53,56,56,62,80,0],"gold":379,"neow_bonus":"","is_prod":false,"is_daily":false,"chose_seed":false,"campfire_upgraded":9,"win_rate":0,"timestamp":1536706265,"path_taken":["M","M","M","?","$","R","M","M","T","R","$","R","?","M","R","BOSS","M","$","?","?","M","R","?","R","T","M","R","M","E","M","R","BOSS","M","?","?","?","M","R","E","M","T","?","R","M","R","M","R","BOSS"],"build_version":"2018-09-06","purchased_purges":2,"victory":false,"max_hp_per_floor":[80,80,80,80,80,80,80,80,80,80,80,80,80,80,80,80,80,80,80,80,80,80,80,80,80,80,80,80,80,80,80,80,80,80,80,80,80,80,80,80,80,80,80,80,80,80,80,80,80,80],"card_choices":[{"not_picked":["Rampage","Headbutt"],"picked":"Wild Strike","floor":0},{"not_picked":["Sentinel","Evolve"],"picked":"Seeing Red","floor":0},{"not_picked":["Shrug It Off","Flex"],"picked":"Twin Strike","floor":0},{"not_picked":["Blood for Blood","Clothesline"],"picked":"Wild Strike","floor":0},{"not_picked":["Anger","Infernal Blade"],"picked":"Pommel Strike","floor":0},{"not_picked":["Sever Soul","Flame Barrier"],"picked":"Iron Wave","floor":0},{"not_picked":["Flex","Cleave"],"picked":"Rage","floor":0},{"not_picked":["Spot Weakness","Ghostly Armor"],"picked":"Iron Wave","floor":0},{"not_picked":["Sever Soul","Searing Blow"],"picked":"Infernal Blade","floor":0},{"not_picked":["Armaments","Body Slam"],"picked":"Pommel Strike","floor":0},{"not_picked":["Flex","Heavy Blade"],"picked":"Perfected Strike","floor":0},{"not_picked":["Armaments","Uppercut"],"picked":"Clash","floor":0},{"not_picked":["Anger","Thunderclap"],"picked":"Wild Strike","floor":0},{"not_picked":["Bloodletting","Body Slam"],"picked":"Armaments","floor":0},{"not_picked":["Corruption","Wild Strike"],"picked":"Perfected Strike","floor":0},{"not_picked":["Body Slam","Flame Barrier","Armaments"],"picked":"SKIP","floor":1},{"not_picked":["Feel No Pain","Shrug It Off"],"picked":"Twin Strike","floor":2},{"not_picked":["True Grit","Pummel","Reckless Charge"],"picked":"SKIP","floor":3},{"not_picked":["Armaments","Flex"],"picked":"Clash","floor":7},{"not_picked":["Reckless Charge","Flex"],"picked":"Clash","floor":8},{"not_picked":["Whirlwind","Flame Barrier"],"picked":"Clash","floor":14},{"not_picked":["Evolve+1","Body Slam"],"picked":"Pommel Strike","floor":18},{"not_picked":["Burning Pact","Battle Trance","Reckless Charge"],"picked":"SKIP","floor":22},{"not_picked":["Intimidate","Spot Weakness+1"],"picked":"Clash","floor":24},{"not_picked":["Clothesline","Heavy Blade","Cleave"],"picked":"SKIP","floor":27},{"not_picked":["Cleave","Sever Soul"],"picked":"Clash+1","floor":29},{"not_picked":["Shrug It Off","Body Slam","True Grit"],"picked":"SKIP","floor":30},{"not_picked":["Iron Wave+1","Warcry+1","Anger"],"picked":"SKIP","floor":31},{"not_picked":["Barricade","Feed"],"picked":"Double Tap","floor":33},{"not_picked":["Thunderclap+1","Metallicize","Body Slam"],"picked":"SKIP","floor":35},{"not_picked":["Metallicize+1","Shockwave+1","True Grit"],"picked":"SKIP","floor":39},{"not_picked":["Clothesline","Feed"],"picked":"Perfected Strike+1","floor":41},{"not_picked":["Entrench+1","Burning Pact+1"],"picked":"Twin Strike","floor":42},{"not_picked":["True Grit","Shrug It Off+1"],"picked":"Pommel Strike+1","floor":46},{"not_picked":["Metallicize+1","Burning Pact"],"picked":"Clash","floor":48}],"player_experience":102295,"relics_obtained":[{"floor":9,"key":"Ancient Tea Set"},{"floor":26,"key":"Peace Pipe"},{"floor":30,"key":"Dodecahedron"},{"floor":41,"key":"Turnip"},{"floor":43,"key":"Blue Candle"}],"event_choices":[{"event_name":"Golden Wing","player_choice":"Card Removal","floor":4,"damage_taken":0},{"event_name":"Dead Adventurer","player_choice":"Searched \u00272\u0027 times","floor":13,"damage_taken":0},{"event_name":"The Library","player_choice":"Read","floor":20,"damage_taken":0},{"event_name":"Falling","player_choice":"Removed Skill","floor":36,"damage_taken":0},{"event_name":"SensoryStone","player_choice":"Memory 1","floor":37,"damage_taken":0},{"event_name":"Duplicator","player_choice":"One dupe","floor":38,"damage_taken":0},{"event_name":"Tomb of Lord Red Mask","player_choice":"Ignored","floor":44,"damage_taken":0}],"is_beta":false,"boss_relics":[{"not_picked":["White Beast Statue","Runic Pyramid"],"picked":"Cursed Key"},{"not_picked":["Orrery","Runic Cube"],"picked":"Velvet Choker"}],"items_purged_floors":[5,19],"is_endless":false,"potions_floor_spawned":[1,2,7,14,22,27,30,33,41,46],"killed_by":"Time Eater","ascension_level":0}