{"gold_per_floor":[109,109,128,128,128,156,167,167,243,243,257,287,287,312,312,386,386,398,398,416,429,429,429,429,446,500,500,514,547,564,592,592,667,667,681,681,681,735,735,735,748,748],"floor_reached":42,"playtime":1285,"items_purged":[],"score":817,"play_id":"81650e31-7a80-42f3-8319-de4f08dc5b0b","local_time":"20181008155339","is_ascension_mode":true,"campfire_choices":[{"data":"Armaments","floor":8.0,"key":"SMITH"},{"data":"Carnage","floor":10.0,"key":"SMITH"},{"floor":13.0,"key":"REST"},{"data":"Anger","floor":15.0,"key":"SMITH"},{"data":"Rampage","floor":23.0,"key":"SMITH"},{"floor":27.0,"key":"REST"},{"floor":32.0,"key":"REST"},{"data":"Havoc","floor":40,"key":"SMITH"}],"neow_cost":"NONE","seed_source_timestamp":285018861879158,"circlet_count":0,"master_deck":["Strike_R","Strike_R","Strike_R","Strike_R","Defend_R","Defend_R","Defend_R","Bash","AscendersBane","Uppercut+1","Armaments+1","Carnage+1","Shrug It Off","Anger+1","Offering","RitualDagger","Rampage+1","Headbutt+1","Flame Barrier","Demon Form","Shockwave","Cleave","Reaper","True Grit+1","Havoc+1","Whirlwind"],"special_seed":0,"relics":["Burning Blood","Anchor","Bag of Marbles","Question Card","Orichalcum","Lantern","Runic Dome","Potion Belt","Juzu Bracelet","Smiling Mask","Coffee Dripper","Unceasing Top"],"potions_floor_usage":[],"damage_taken":[{"damage":7.0,"enemies":"Jaw Worm","floor":1.0,"turns":3.0},{"damage":1.0,"enemies":"2 Louse","floor":3.0,"turns":4.0},{"damage":24.0,"enemies":"Gremlin Nob","floor":6.0,"turns":4.0},{"damage":1.0,"enemies":"Small Slimes","floor":7.0,"turns":3.0},{"damage":4.0,"enemies":"3 Louse","floor":11.0,"turns":3.0},{"damage":22.0,"enemies":"Lagavulin","floor":12.0,"turns":5.0},{"damage":11.0,"enemies":"3 Sentries","floor":14.0,"turns":7.0},{"damage":32.0,"enemies":"Slime Boss","floor":16.0,"turns":8.0},{"damage":0.0,"enemies":"2 Thieves","floor":18.0,"turns":3.0},{"damage":6.0,"enemies":"Shell Parasite","floor":20.0,"turns":3.0},{"damage":22.0,"enemies":"3 Cultists","floor":21.0,"turns":5.0},{"damage":14.0,"enemies":"Cultist and Chosen","floor":25.0,"turns":4.0},{"damage":15.0,"enemies":"Snake Plant","floor":28.0,"turns":2.0},{"damage":31.0,"enemies":"Slavers","floor":29.0,"turns":6.0},{"damage":6.0,"enemies":"Centurion and Healer","floor":30.0,"turns":4.0},{"damage":24.0,"enemies":"Book of Stabbing","floor":31.0,"turns":6.0},{"damage":33.0,"enemies":"Champ","floor":33.0,"turns":8.0},{"damage":16.0,"enemies":"3 Shapes","floor":35.0,"turns":4.0},{"damage":20.0,"enemies":"Mysterious Sphere","floor":38.0,"turns":4.0},{"damage":11,"enemies":"Orb Walker","floor":41,"turns":4},{"damage":37,"enemies":"Maw","floor":42,"turns":6}],"seed_played":"1053530403364091981","potions_obtained":[{"floor":3.0,"key":"FearPotion"},{"floor":7.0,"key":"Swift Potion"},{"floor":11.0,"key":"SkillPotion"},{"floor":18.0,"key":"Weak Potion"},{"floor":21.0,"key":"Energy Potion"},{"floor":28.0,"key":"Dexterity Potion"},{"floor":33.0,"key":"Strength Potion"},{"floor":35.0,"key":"Explosive Potion"},{"floor":41,"key":"GamblersBrew"}],"is_trial":false,"path_per_floor":["M","?","M","?","?","E","M","R","T","R","M","E","R","E","R","B",null,"M","?","M","M","?","R","?","M","T","R","M","E","M","E","R","B",null,"M","?","?","?","?","R","M"],"character_chosen":"IRONCLAD","items_purchased":[],"campfire_rested":3,"item_purchase_floors":[],"current_hp_per_floor":[74,63,68,68,61,43,48,48,48,48,50,34,58,53,53,27,68,74,68,68,52,52,52,52,44,44,68,59,34,34,16,40,13,65,55,55,55,41,41,41,36,0],"gold":748,"neow_bonus":"TEN_PERCENT_HP_BONUS","is_prod":false,"is_daily":false,"chose_seed":false,"campfire_upgraded":5,"win_rate":0,"timestamp":1538981619,"path_taken":["M","?","M","?","?","E","M","R","T","R","?","E","R","E","R","BOSS","M","?","M","M","?","R","?","M","T","R","M","E","M","E","R","BOSS","M","?","?","?","?","R","M","M"],"build_version":"2018-10-04v2","purchased_purges":0,"victory":false,"max_hp_per_floor":[82,82,82,82,82,82,82,82,82,82,82,82,82,82,82,82,82,82,82,82,82,82,82,82,82,82,82,82,82,82,82,82,82,82,82,78,78,78,78,78,78,78],"card_choices":[{"not_picked":["Warcry","Pommel Strike"],"picked":"Uppercut","floor":1.0},{"not_picked":["Entrench","Fire Breathing","Warcry"],"picked":"SKIP","floor":3.0},{"not_picked":["Metallicize","Sentinel"],"picked":"Armaments","floor":6.0},{"not_picked":["Uppercut","Headbutt"],"picked":"Carnage","floor":7.0},{"not_picked":["Heavy Blade","Havoc","Clothesline"],"picked":"Shrug It Off","floor":11.0},{"not_picked":["Burning Pact","Fiend Fire","Flex","Heavy Blade"],"picked":"SKIP","floor":12.0},{"not_picked":["Infernal Blade","Perfected Strike","Uppercut"],"picked":"Anger","floor":14.0},{"not_picked":["Barricade","Impervious","Exhume"],"picked":"Offering","floor":16.0},{"not_picked":["Fire Breathing","Perfected Strike","Clash","Entrench"],"picked":"SKIP","floor":18.0},{"not_picked":["Perfected Strike","Shrug It Off","Armaments"],"picked":"Rampage","floor":20.0},{"not_picked":["Uppercut","Disarm","True Grit"],"picked":"Headbutt+1","floor":21.0},{"not_picked":["Armaments","Body Slam","Burning Pact","Flex"],"picked":"SKIP","floor":25.0},{"not_picked":["Armaments","Body Slam","Burning Pact","Flex"],"picked":"SKIP","floor":25.0},{"not_picked":["Thunderclap","Hemokinesis","Armaments"],"picked":"Flame Barrier","floor":28.0},{"not_picked":["Twin Strike","Iron Wave","Armaments"],"picked":"Demon Form","floor":29.0},{"not_picked":["Shockwave","Warcry","Flame Barrier","Perfected Strike"],"picked":"SKIP","floor":30.0},{"not_picked":["Warcry","Flame Barrier","Perfected Strike"],"picked":"Shockwave","floor":30.0},{"not_picked":["Cleave","Wild Strike","Rampage","Fire Breathing"],"picked":"SKIP","floor":31.0},{"not_picked":["Wild Strike","Rampage","Fire Breathing"],"picked":"Cleave","floor":31.0},{"not_picked":["Fiend Fire","Exhume","Impervious"],"picked":"Reaper","floor":33.0},{"not_picked":["Sword Boomerang","Dual Wield+1","Clothesline","Havoc"],"picked":"SKIP","floor":35.0},{"not_picked":["Clash","Flex","Thunderclap"],"picked":"True Grit+1","floor":38.0},{"not_picked":["Perfected Strike","Twin Strike","Clothesline"],"picked":"Whirlwind","floor":41}],"player_experience":692771,"relics_obtained":[{"floor":6.0,"key":"Bag of Marbles"},{"floor":9.0,"key":"Question Card"},{"floor":12.0,"key":"Orichalcum"},{"floor":14.0,"key":"Lantern"},{"floor":26.0,"key":"Potion Belt"},{"floor":29.0,"key":"Juzu Bracelet"},{"floor":31.0,"key":"Smiling Mask"},{"floor":38.0,"key":"Unceasing Top"}],"event_choices":[{"event_name":"Scrap Ooze","player_choice":"success","floor":2.0,"damage_taken":11.0},{"event_name":"Living Wall","player_choice":"Grow","floor":4.0,"damage_taken":0.0},{"event_name":"Golden Wing","player_choice":"Card Removal","floor":5.0,"damage_taken":0.0},{"event_name":"Nest","player_choice":"Joined the Cult","floor":19.0,"damage_taken":0.0},{"event_name":"The Mausoleum","player_choice":"No","floor":22.0,"damage_taken":0.0},{"event_name":"Ghosts","player_choice":"Ignored","floor":24.0,"damage_taken":0.0},{"event_name":"Winding Halls","player_choice":"Max HP","floor":36.0,"damage_taken":0.0},{"event_name":"Falling","player_choice":"Removed Attack","floor":37.0,"damage_taken":0.0},{"event_name":"Mysterious Sphere","player_choice":"Fight","floor":38.0,"damage_taken":0.0},{"event_name":"Match and Keep!","player_choice":"1 cards matched","floor":39,"damage_taken":0}],"is_beta":false,"boss_relics":[{"not_picked":["Philosopher\u0027s Stone","Orrery"],"picked":"Runic Dome"},{"not_picked":["Empty Cage","Black Blood"],"picked":"Coffee Dripper"}],"items_purged_floors":[],"is_endless":false,"potions_floor_spawned":[3,7,11,18,21,28,33,35,41],"killed_by":"Maw","ascension_level":16}