{"gold_per_floor":[141,151,151,76,76,107,118,83,135,161,175,175,191,266,266,361,361],"floor_reached":17,"playtime":534,"items_purged":["Decay"],"score":165,"play_id":"7128540a-e8a9-48f8-bb00-bbb4ea932d67","local_time":"20181218091115","is_ascension_mode":false,"campfire_choices":[{"data":"Flex","floor":15,"key":"SMITH"}],"neow_cost":"NONE","seed_source_timestamp":449301016724823,"circlet_count":0,"master_deck":["Strike_R+1","Strike_R","Strike_R+1","Strike_R","Defend_R","Defend_R","Defend_R","Defend_R","Bash","Cleave","Iron Wave","Shrug It Off","Headbutt","Cleave","Flex+1","Limit Break","Heavy Blade","Battle Trance","Inflame","Clash"],"relics":["Burning Blood","Tiny Chest","Whetstone","Thread and Needle","Dream Catcher","Gremlin Horn","Orrery"],"potions_floor_usage":[10,10],"damage_taken":[{"damage":3,"enemies":"2 Louse","floor":1,"turns":3},{"damage":1,"enemies":"Cultist","floor":2,"turns":3},{"damage":31,"enemies":"Lagavulin","floor":6,"turns":5},{"damage":7,"enemies":"Jaw Worm","floor":7,"turns":3},{"damage":22,"enemies":"3 Sentries","floor":10,"turns":6},{"damage":1,"enemies":"3 Louse","floor":11,"turns":2},{"damage":0,"enemies":"Exordium Wildlife","floor":13,"turns":3},{"damage":33,"enemies":"Slime Boss","floor":16,"turns":10}],"seed_played":"5826535888822952692","potions_obtained":[{"floor":2,"key":"Block Potion"},{"floor":7,"key":"LiquidBronze"},{"floor":10,"key":"BloodPotion"}],"is_trial":false,"path_per_floor":["M","M","?","$","T","E","M","?","T","E","M","?","M","?","R","B",null],"character_chosen":"IRONCLAD","items_purchased":[],"campfire_rested":0,"item_purchase_floors":[],"current_hp_per_floor":[80,80,80,80,80,55,54,74,74,58,63,63,69,58,58,31,80],"gold":361,"neow_bonus":"RANDOM_COMMON_RELIC","is_prod":false,"is_daily":false,"chose_seed":false,"campfire_upgraded":1,"win_rate":0,"timestamp":1545142275,"path_taken":["M","M","?","?","?","E","M","?","T","E","M","?","?","?","R","BOSS"],"build_version":"2018-12-13","purchased_purges":1,"victory":false,"max_hp_per_floor":[80,80,80,80,80,80,80,80,80,80,80,80,80,80,80,80,80],"card_choices":[{"not_picked":["Searing Blow","Power Through"],"picked":"Cleave","floor":1},{"not_picked":["Rampage","Pommel Strike"],"picked":"Iron Wave","floor":2},{"not_picked":["Sentinel","Ghostly Armor"],"picked":"Shrug It Off","floor":6},{"not_picked":["Havoc","Uppercut","Sword Boomerang"],"picked":"SKIP","floor":7},{"not_picked":["Rupture","Infernal Blade"],"picked":"Headbutt","floor":10},{"not_picked":["Searing Blow","Hemokinesis"],"picked":"Cleave","floor":11},{"not_picked":["Clash","Anger"],"picked":"Flex","floor":13},{"not_picked":["Juggernaut","Exhume"],"picked":"Limit Break","floor":16},{"not_picked":["Searing Blow","Thunderclap"],"picked":"Heavy Blade","floor":17},{"not_picked":["Thunderclap","Intimidate"],"picked":"Battle Trance","floor":17},{"not_picked":["Combust","Body Slam"],"picked":"Inflame","floor":17},{"not_picked":["Iron Wave","Heavy Blade"],"picked":"Clash","floor":17}],"player_experience":325337,"relics_obtained":[{"floor":5,"key":"Whetstone"},{"floor":6,"key":"Thread and Needle"},{"floor":9,"key":"Dream Catcher"},{"floor":10,"key":"Gremlin Horn"}],"event_choices":[{"damage_healed":0,"gold_gain":0,"player_choice":"Cursed","damage_taken":0,"max_hp_gain":0,"max_hp_loss":0,"event_name":"Wheel of Change","floor":3,"gold_loss":0,"cards_obtained":["Decay"]},{"damage_healed":20,"gold_gain":0,"player_choice":"Healed","damage_taken":0,"max_hp_gain":0,"max_hp_loss":0,"event_name":"The Cleric","floor":8,"gold_loss":35},{"cards_removed":["Strike_R"],"damage_healed":0,"gold_gain":0,"player_choice":"Forget","damage_taken":0,"max_hp_gain":0,"max_hp_loss":0,"event_name":"Living Wall","floor":12,"gold_loss":0},{"damage_healed":0,"gold_gain":75,"player_choice":"Gather Gold","damage_taken":11,"max_hp_gain":0,"max_hp_loss":0,"event_name":"World of Goop","floor":14,"gold_loss":0}],"is_beta":false,"boss_relics":[{"not_picked":["Empty Cage","Mark of Pain"],"picked":"Orrery"}],"items_purged_floors":[4],"is_endless":false,"potions_floor_spawned":[2,7,10],"ascension_level":0}