{"gold_per_floor":[117,136,156,172,192,192,218,218,218,246,257,275,307,323,323,400,400,420,470,385,405,405],"floor_reached":22,"playtime":939,"items_purged":[],"score":420,"play_id":"76fc8a3a-415e-4973-82f4-8987332c8b32","local_time":"20190222002114","is_ascension_mode":true,"campfire_choices":[{"data":"Zap","floor":6,"key":"SMITH"},{"data":"Loop","floor":8,"key":"SMITH"},{"floor":15,"key":"REST"}],"neow_cost":"NONE","seed_source_timestamp":1347503598109600,"circlet_count":0,"master_deck":["AscendersBane","Strike_B","Strike_B","Defend_B","Defend_B","Defend_B","Defend_B","Zap+1","Dualcast","Beam Cell","Coolheaded","Loop+1","Conserve Battery","Core Surge","Ball Lightning","Capacitor","Rebound","Echo Form","Seek","Ball Lightning","Reinforced Body"],"relics":["Cracked Core","NeowsBlessing","Happy Flower","Gremlin Horn","Bottled Lightning","Kunai","Empty Cage","Juzu Bracelet"],"potions_floor_usage":[10,10,13,16],"damage_taken":[{"damage":0,"enemies":"Jaw Worm","floor":1,"turns":1},{"damage":0,"enemies":"2 Louse","floor":2,"turns":1},{"damage":0,"enemies":"Small Slimes","floor":3,"turns":1},{"damage":4,"enemies":"2 Fungi Beasts","floor":4,"turns":3},{"damage":14,"enemies":"Red Slaver","floor":5,"turns":4},{"damage":9,"enemies":"Lagavulin","floor":7,"turns":7},{"damage":16,"enemies":"Gremlin Nob","floor":10,"turns":4},{"damage":4,"enemies":"Blue Slaver","floor":11,"turns":3},{"damage":6,"enemies":"Looter","floor":12,"turns":2},{"damage":5,"enemies":"3 Sentries","floor":13,"turns":5},{"damage":0,"enemies":"2 Fungi Beasts","floor":14,"turns":3},{"damage":13,"enemies":"Hexaghost","floor":16,"turns":7},{"damage":19,"enemies":"Chosen","floor":18,"turns":6},{"damage":36,"enemies":"Shell Parasite","floor":21,"turns":6},{"damage":15,"enemies":"Cultist and Chosen","floor":22,"turns":5}],"seed_played":"6205856244889946519","potions_obtained":[{"floor":4,"key":"SkillPotion"},{"floor":5,"key":"Poison Potion"},{"floor":12,"key":"PowerPotion"},{"floor":14,"key":"Regen Potion"}],"is_trial":false,"path_per_floor":["M","M","M","M","M","R","E","R","T","E","M","M","E","M","R","B",null,"M","?","?","M","M"],"character_chosen":"DEFECT","items_purchased":[],"campfire_rested":1,"item_purchase_floors":[],"current_hp_per_floor":[64,64,64,60,46,46,37,37,37,21,17,11,6,6,27,29,61,42,42,42,6,0],"gold":405,"neow_bonus":"THREE_ENEMY_KILL","is_prod":false,"is_daily":false,"chose_seed":false,"campfire_upgraded":2,"win_rate":0,"timestamp":1550823674,"path_taken":["M","M","M","M","M","R","E","R","T","E","M","M","E","M","R","BOSS","M","?","?","M","M"],"build_version":"2019-01-23","purchased_purges":0,"victory":false,"max_hp_per_floor":[71,71,71,71,71,71,71,71,71,71,71,71,71,71,71,71,71,71,71,71,71,71],"card_choices":[{"not_picked":["Stack","Skim"],"picked":"Beam Cell","floor":1},{"not_picked":["Compile Driver","Blizzard"],"picked":"Coolheaded","floor":2},{"not_picked":["Leap","Go for the Eyes","Skim"],"picked":"SKIP","floor":3},{"not_picked":["Lockon","Barrage"],"picked":"Loop","floor":4},{"not_picked":["BootSequence","Gash"],"picked":"Conserve Battery","floor":5},{"not_picked":["Barrage","Coolheaded"],"picked":"Core Surge","floor":7},{"not_picked":["Leap","Force Field"],"picked":"Ball Lightning","floor":10},{"not_picked":["Turbo","Conserve Battery"],"picked":"Capacitor","floor":11},{"not_picked":["Barrage","Turbo"],"picked":"Rebound","floor":12},{"not_picked":["Beam Cell","Rip and Tear","Reprogram"],"picked":"SKIP","floor":13},{"not_picked":["Compile Driver","Defragment"],"picked":"Echo Form","floor":14},{"not_picked":["All For One","Fission"],"picked":"Seek","floor":16},{"not_picked":["Conserve Battery","Streamline"],"picked":"Ball Lightning","floor":18},{"not_picked":["Conserve Battery","Barrage"],"picked":"Reinforced Body","floor":21}],"player_experience":755793,"relics_obtained":[{"floor":7,"key":"Happy Flower"},{"floor":9,"key":"Gremlin Horn"},{"floor":10,"key":"Bottled Lightning"},{"floor":13,"key":"Kunai"}],"event_choices":[{"damage_healed":0,"gold_gain":50,"player_choice":"Stole From Cult","damage_taken":0,"max_hp_gain":0,"max_hp_loss":0,"event_name":"Nest","floor":19,"gold_loss":0},{"damage_healed":0,"gold_gain":0,"player_choice":"Obtained Relic","damage_taken":0,"relics_obtained":["Juzu Bracelet"],"max_hp_gain":0,"max_hp_loss":0,"event_name":"Addict","floor":20,"gold_loss":85}],"is_beta":false,"boss_relics":[{"not_picked":["White Beast Statue","Calling Bell"],"picked":"Empty Cage"}],"items_purged_floors":[],"is_endless":false,"potions_floor_spawned":[4,5,12,14],"killed_by":"Cultist and Chosen","ascension_level":20}