{"gold_per_floor":[111,111,122,139,159,189,189,135,184,184,201,218,253,271,271,368,368,386,42,42,70,70,70],"floor_reached":23,"playtime":2212,"items_purged":[],"score":201,"play_id":"8a313cd3-5722-4ee1-8803-20e07b299b35","local_time":"20190304230634","is_ascension_mode":false,"campfire_choices":[{"data":"Armaments","floor":10,"key":"SMITH"},{"floor":15,"key":"REST"}],"neow_cost":"NONE","seed_source_timestamp":22303509988163,"circlet_count":0,"master_deck":["Strike_R","Strike_R","Strike_R","Strike_R","Strike_R","Defend_R+1","Defend_R+1","Defend_R","Defend_R","Bash","Shrug It Off","Anger+1","Carnage","Clothesline","Metallicize","Armaments+1","Entrench","Warcry","Perfected Strike+1","Sword Boomerang+1","Double Tap","Anger+1","Mind Blast+1","Twin Strike+1","Bludgeon+1"],"relics":["Burning Blood","War Paint","Sundial","Orichalcum","Oddly Smooth Stone","Molten Egg 2","Mark of Pain","Bottled Flame","Red Mask"],"potions_floor_usage":[6,14],"damage_taken":[{"damage":4,"enemies":"Small Slimes","floor":1,"turns":4},{"damage":0,"enemies":"2 Louse","floor":3,"turns":5},{"damage":1,"enemies":"Jaw Worm","floor":4,"turns":3},{"damage":0,"enemies":"2 Fungi Beasts","floor":5,"turns":3},{"damage":16,"enemies":"Lagavulin","floor":6,"turns":6},{"damage":7,"enemies":"Exordium Wildlife","floor":11,"turns":5},{"damage":0,"enemies":"Blue Slaver","floor":12,"turns":4},{"damage":12,"enemies":"Gremlin Nob","floor":13,"turns":4},{"damage":17,"enemies":"Gremlin Gang","floor":14,"turns":8},{"damage":29,"enemies":"Hexaghost","floor":16,"turns":11},{"damage":20,"enemies":"2 Thieves","floor":18,"turns":4},{"damage":29,"enemies":"Masked Bandits","floor":21,"turns":6},{"damage":48,"enemies":"Gremlin Leader","floor":23,"turns":6}],"seed_played":"5505106239386172352","potions_obtained":[{"floor":1,"key":"Energy Potion"},{"floor":3,"key":"Ancient Potion"},{"floor":12,"key":"Block Potion"},{"floor":14,"key":"GamblersBrew"},{"floor":18,"key":"GamblersBrew"}],"is_trial":false,"path_per_floor":["?","?","$","?","?","?"],"character_chosen":"IRONCLAD","items_purchased":["Armaments","Mind Blast+1","Bottled Flame"],"campfire_rested":1,"item_purchase_floors":[8,19,19],"current_hp_per_floor":[80,77,80,80,80,70,70,70,70,70,69,75,69,58,80,57,80,66,66,66,43,43,0],"gold":70,"neow_bonus":"RANDOM_COMMON_RELIC","is_prod":false,"is_daily":false,"chose_seed":false,"campfire_upgraded":1,"win_rate":0.0,"timestamp":1551737194,"path_taken":["M","?","M","M","M","E","?","?","T","R","M","M","E","M","R","BOSS","M","$","?","?","?","E"],"build_version":"2019-01-23","purchased_purges":0,"victory":false,"max_hp_per_floor":[80,80,80,80,80,80,80,80,80,80,80,80,80,80,80,80,80,80,80,80,80,80,80],"card_choices":[{"not_picked":["Battle Trance","Disarm"],"picked":"Shrug It Off","floor":1},{"not_picked":["Armaments","Clothesline"],"picked":"Anger","floor":3},{"not_picked":["Anger","Cleave"],"picked":"Carnage","floor":4},{"not_picked":["Shockwave","Intimidate"],"picked":"Clothesline","floor":5},{"not_picked":["Thunderclap","Clothesline"],"picked":"Metallicize","floor":6},{"not_picked":["Barricade","Iron Wave"],"picked":"Entrench","floor":11},{"not_picked":["Pummel","Battle Trance"],"picked":"Warcry","floor":12},{"not_picked":["Disarm","Clash"],"picked":"Perfected Strike","floor":13},{"not_picked":["Body Slam+1","Entrench"],"picked":"Sword Boomerang+1","floor":14},{"not_picked":["Reaper+1","Impervious"],"picked":"Double Tap","floor":16},{"not_picked":["Cleave+1","Battle Trance"],"picked":"Anger+1","floor":18},{"not_picked":["Iron Wave+1","Flame Barrier"],"picked":"Twin Strike+1","floor":21}],"player_experience":13359,"relics_obtained":[{"floor":6,"key":"Orichalcum"},{"floor":9,"key":"Oddly Smooth Stone"},{"floor":13,"key":"Molten Egg 2"},{"floor":21,"key":"Red Mask"}],"event_choices":[{"damage_healed":0,"gold_gain":0,"player_choice":"Success","damage_taken":3,"relics_obtained":["Sundial"],"max_hp_gain":0,"max_hp_loss":0,"event_name":"Scrap Ooze","floor":2,"gold_loss":0},{"damage_healed":0,"gold_gain":0,"player_choice":"Grow","damage_taken":0,"max_hp_gain":0,"max_hp_loss":0,"event_name":"Living Wall","floor":7,"gold_loss":0,"cards_upgraded":["Anger"]},{"damage_healed":0,"gold_gain":0,"player_choice":"Ignored","damage_taken":0,"max_hp_gain":0,"max_hp_loss":0,"event_name":"Vampires","floor":20,"gold_loss":0},{"damage_healed":0,"gold_gain":0,"player_choice":"Fought Bandits","damage_taken":0,"max_hp_gain":0,"max_hp_loss":0,"event_name":"Masked Bandits","floor":21,"gold_loss":0},{"damage_healed":0,"gold_gain":0,"player_choice":"Read","damage_taken":0,"max_hp_gain":0,"max_hp_loss":0,"event_name":"The Library","floor":22,"gold_loss":0,"cards_obtained":["Bludgeon"]}],"is_beta":false,"boss_relics":[{"not_picked":["Black Blood","Calling Bell"],"picked":"Mark of Pain"}],"items_purged_floors":[],"is_endless":false,"potions_floor_spawned":[1,3,12,14,18],"killed_by":"Gremlin Leader","ascension_level":0}