{"gold_per_floor":[109,4,17,94,114,114,139,150,150,150,28,28,43,124,124,219,219,237,162,162,172,188,216,216,316,316,10,10,37,48,77,77,175,175,188,188,203,220,239,269,289,389,469,469,497,497,497,507,507,507],"floor_reached":50,"playtime":7773,"items_purged":["Strike_B"],"score":615,"play_id":"4f4b0926-be25-4d62-8e06-3a95f3efa921","local_time":"20190305192612","is_ascension_mode":false,"campfire_choices":[{"data":"Sunder","floor":6,"key":"SMITH"},{"data":"Zap","floor":10,"key":"SMITH"},{"floor":12,"key":"REST"},{"data":"Scrape","floor":15,"key":"SMITH"},{"floor":24,"key":"REST"},{"floor":32,"key":"REST"},{"floor":47,"key":"REST"},{"data":"Biased Cognition","floor":49,"key":"SMITH"}],"neow_cost":"NONE","seed_source_timestamp":89910938649110,"circlet_count":0,"master_deck":["Strike_B+1","Defend_B","Defend_B","Defend_B","Zap+1","Dualcast","Sunder+1","Coolheaded","Doom and Gloom","Reprogram","Conserve Battery","Turbo","Auto Shields","Self Repair","Scrape+1","Self Repair","All For One","Multi-Cast+1","Streamline+1","Hologram+1","Loop+1","Darkness+1","Steam+1","Tempest+1","Apotheosis+1","Redo+1","RitualDagger+1","Multi-Cast+1","Seek+1","Aggregate+1","Good Instincts+1","Good Instincts+1","PanicButton+1","Hologram+1","Conserve Battery+1","Darkness+1","Biased Cognition+1","Hologram+1","Go for the Eyes+1","Meteor Strike+1","Darkness+1"],"relics":["Cracked Core","Regal Pillow","Orichalcum","Toxic Egg 2","Sozu","Pear","WingedGreaves","Mummified Hand","Ice Cream","Whetstone","Happy Flower","Black Star","Bird Faced Urn","Dream Catcher","Mango","Molten Egg 2","Torii","Juzu Bracelet"],"potions_floor_usage":[16,16,22],"damage_taken":[{"damage":1,"enemies":"Cultist","floor":1,"turns":3},{"damage":6,"enemies":"Jaw Worm","floor":3,"turns":2},{"damage":0,"enemies":"Small Slimes","floor":5,"turns":3},{"damage":16,"enemies":"3 Sentries","floor":7,"turns":5},{"damage":0,"enemies":"Looter","floor":8,"turns":2},{"damage":6,"enemies":"2 Fungi Beasts","floor":13,"turns":3},{"damage":43,"enemies":"Hexaghost","floor":16,"turns":11},{"damage":4,"enemies":"Spheric Guardian","floor":18,"turns":3},{"damage":18,"enemies":"3 Byrds","floor":21,"turns":6},{"damage":20,"enemies":"Snake Plant","floor":22,"turns":3},{"damage":25,"enemies":"Gremlin Leader","floor":23,"turns":5},{"damage":18,"enemies":"Colosseum Slavers","floor":25,"turns":5},{"damage":26,"enemies":"Colosseum Nobs","floor":25,"turns":4},{"damage":13,"enemies":"Centurion and Healer","floor":30,"turns":5},{"damage":11,"enemies":"Book of Stabbing","floor":31,"turns":3},{"damage":43,"enemies":"Collector","floor":33,"turns":6},{"damage":0,"enemies":"Orb Walker","floor":35,"turns":3},{"damage":24,"enemies":"3 Darklings","floor":37,"turns":4},{"damage":17,"enemies":"4 Shapes","floor":38,"turns":6},{"damage":27,"enemies":"Jaw Worm Horde","floor":39,"turns":4},{"damage":1,"enemies":"Reptomancer","floor":40,"turns":6},{"damage":16,"enemies":"Sphere and 2 Shapes","floor":41,"turns":6},{"damage":0,"enemies":"Mind Bloom Boss Battle","floor":42,"turns":4},{"damage":23,"enemies":"Nemesis","floor":45,"turns":5},{"damage":0,"enemies":"Transient","floor":48,"turns":5},{"damage":104,"enemies":"Awakened One","floor":50,"turns":9}],"seed_played":"-4952336550596233152","potions_obtained":[{"floor":7,"key":"Swift Potion"},{"floor":8,"key":"Weak Potion"},{"floor":16,"key":"FocusPotion"}],"is_trial":false,"path_per_floor":["?","T","?","?","?","?","T","?","?","?","?"],"character_chosen":"DEFECT","items_purchased":["Doom and Gloom","Reprogram","Scrape","Self Repair","Apotheosis+1","Redo+1"],"campfire_rested":4,"item_purchase_floors":[2,2,11,11,27,27],"current_hp_per_floor":[74,74,68,68,68,68,52,52,52,52,52,75,75,75,75,39,75,71,71,71,67,54,39,79,49,49,49,43,43,50,39,79,36,85,85,75,51,48,21,30,39,73,73,73,76,76,99,99,99,0],"gold":507,"neow_bonus":"TRANSFORM_CARD","is_prod":false,"is_daily":false,"chose_seed":false,"campfire_upgraded":4,"win_rate":0.0,"timestamp":1551810372,"path_taken":["M","$","M","?","M","R","E","M","T","R","$","R","M","?","R","BOSS","M","?","?","M","M","E","R","?","T","$","?","?","M","E","R","BOSS","M","?","M","M","M","E","M","?","T","?","E","?","R","M","R","BOSS"],"build_version":"2019-01-23","purchased_purges":1,"victory":false,"max_hp_per_floor":[75,75,75,75,75,75,75,75,75,75,75,75,75,75,75,75,75,75,75,75,75,75,85,85,85,85,85,85,85,85,85,85,85,85,85,85,85,85,85,85,85,99,99,99,99,99,99,99,99,99],"card_choices":[{"not_picked":["Cold Snap","Rebound"],"picked":"Coolheaded","floor":1},{"not_picked":["Sweeping Beam","Reprogram"],"picked":"Conserve Battery","floor":3},{"not_picked":["Beam Cell","Skim"],"picked":"Turbo","floor":5},{"not_picked":["Leap","Steam"],"picked":"Auto Shields","floor":7},{"not_picked":["Lockon","Conserve Battery"],"picked":"Self Repair","floor":8},{"not_picked":["FTL","Hello World"],"picked":"All For One","floor":13},{"not_picked":["Creative AI","Electrodynamics"],"picked":"Multi-Cast+1","floor":16},{"not_picked":["Hologram+1","Compile Driver"],"picked":"Streamline+1","floor":18},{"not_picked":["Skim+1","Consume+1"],"picked":"Loop+1","floor":21},{"not_picked":["Redo+1","Barrage"],"picked":"Darkness+1","floor":22},{"not_picked":["Ball Lightning","Doom and Gloom"],"picked":"Steam+1","floor":23},{"not_picked":["Beam Cell+1","Coolheaded+1"],"picked":"Tempest+1","floor":25},{"not_picked":["Consume+1","Beam Cell","Ball Lightning"],"picked":"SKIP","floor":30},{"not_picked":["Heatsinks+1","Double Energy+1"],"picked":"Multi-Cast+1","floor":31},{"not_picked":["Reboot+1","Rainbow+1"],"picked":"Seek+1","floor":33},{"not_picked":["Coolheaded+1","Rip and Tear"],"picked":"Aggregate+1","floor":35},{"not_picked":["HandOfGreed","Purity+1"],"picked":"Good Instincts+1","floor":36},{"not_picked":["Impatience+1","Apotheosis+1"],"picked":"Good Instincts+1","floor":36},{"not_picked":["Sadistic Nature","Purity+1"],"picked":"PanicButton+1","floor":36},{"not_picked":["Streamline+1","Gash+1"],"picked":"Hologram+1","floor":37},{"not_picked":["Sweeping Beam","Gash+1"],"picked":"Conserve Battery+1","floor":38},{"not_picked":["Tempest+1","Blizzard+1"],"picked":"Darkness+1","floor":39},{"not_picked":["Cold Snap","Auto Shields+1"],"picked":"Biased Cognition","floor":40},{"not_picked":["Coolheaded+1","Ball Lightning"],"picked":"Hologram+1","floor":41},{"not_picked":["Rip and Tear","Undo+1"],"picked":"Go for the Eyes+1","floor":42},{"not_picked":["Sunder+1","Coolheaded+1"],"picked":"Meteor Strike+1","floor":45},{"not_picked":["Steam Power+1","Doom and Gloom+1"],"picked":"Darkness+1","floor":47},{"not_picked":["Gash+1","Beam Cell+1","Heatsinks"],"picked":"SKIP","floor":48}],"player_experience":30785,"relics_obtained":[{"floor":7,"key":"Regal Pillow"},{"floor":9,"key":"Orichalcum"},{"floor":14,"key":"Toxic Egg 2"},{"floor":23,"key":"Pear"},{"floor":25,"key":"WingedGreaves"},{"floor":25,"key":"Mummified Hand"},{"floor":26,"key":"Ice Cream"},{"floor":29,"key":"Whetstone"},{"floor":31,"key":"Happy Flower"},{"floor":40,"key":"Bird Faced Urn"},{"floor":40,"key":"Dream Catcher"},{"floor":42,"key":"Mango"},{"floor":43,"key":"Molten Egg 2"},{"floor":45,"key":"Torii"},{"floor":45,"key":"Juzu Bracelet"}],"event_choices":[{"damage_healed":0,"gold_gain":77,"player_choice":"Gained Gold","damage_taken":0,"max_hp_gain":0,"max_hp_loss":0,"event_name":"Golden Wing","floor":4,"gold_loss":0},{"cards_removed":["Strike_B"],"damage_healed":0,"gold_gain":0,"player_choice":"Gave Gold","damage_taken":0,"max_hp_gain":0,"max_hp_loss":0,"event_name":"Beggar","floor":19,"gold_loss":75},{"damage_healed":0,"gold_gain":0,"player_choice":"Read","damage_taken":0,"max_hp_gain":0,"max_hp_loss":0,"event_name":"The Library","floor":20,"gold_loss":0,"cards_obtained":["Hologram"]},{"damage_healed":0,"gold_gain":0,"player_choice":"Fight","damage_taken":0,"max_hp_gain":0,"max_hp_loss":0,"event_name":"Colosseum","floor":25,"gold_loss":0},{"damage_healed":0,"gold_gain":0,"player_choice":"Fought Nobs","damage_taken":0,"max_hp_gain":0,"max_hp_loss":0,"event_name":"Colosseum","floor":25,"gold_loss":0},{"damage_healed":0,"gold_gain":0,"player_choice":"Joined the Cult","damage_taken":6,"max_hp_gain":0,"max_hp_loss":0,"event_name":"Nest","floor":28,"gold_loss":0,"cards_obtained":["RitualDagger"]},{"damage_healed":0,"gold_gain":0,"player_choice":"Memory 3","damage_taken":10,"max_hp_gain":0,"max_hp_loss":0,"event_name":"SensoryStone","floor":36,"gold_loss":0},{"damage_healed":0,"gold_gain":0,"player_choice":"Fight","damage_taken":0,"max_hp_gain":0,"max_hp_loss":0,"event_name":"MindBloom","floor":42,"gold_loss":0},{"cards_removed":["Defend_B"],"damage_healed":0,"gold_gain":0,"player_choice":"Removed Skill","damage_taken":0,"max_hp_gain":0,"max_hp_loss":0,"event_name":"Falling","floor":44,"gold_loss":0},{"damage_healed":0,"gold_gain":0,"player_choice":"Ignored","damage_taken":0,"max_hp_gain":0,"max_hp_loss":0,"event_name":"Tomb of Lord Red Mask","floor":46,"gold_loss":0}],"is_beta":false,"boss_relics":[{"not_picked":["FrozenCore","Runic Dome"],"picked":"Sozu"},{"not_picked":["Lizard Tail","Empty Cage"],"picked":"Black Star"}],"items_purged_floors":[27],"is_endless":false,"potions_floor_spawned":[7,8,16,25,25,30,31,37,38,39,41,48],"killed_by":"Awakened One","ascension_level":0}