{"gold_per_floor":[113,0,10,24,24,24,34,34,59,59,118,137,60,60,60,136,136,148,148,166,23,38,38,51,51,51,68,81,0,99,119,119,191,191,204,215,215],"floor_reached":37,"playtime":1451,"items_purged":["Strike_B"],"score":706,"play_id":"6d7d562e-cbbb-4bc2-ab00-63ee1c816391","local_time":"20181111013103","is_ascension_mode":true,"campfire_choices":[{"data":"Defragment","floor":6,"key":"SMITH"},{"data":"Double Energy","floor":8,"key":"SMITH"},{"data":"Zap","floor":15,"key":"SMITH"},{"floor":23,"key":"REST"},{"data":"Creative AI","floor":25,"key":"SMITH"},{"floor":32,"key":"REST"}],"neow_cost":"TEN_PERCENT_HP_LOSS","seed_source_timestamp":24542064385740,"circlet_count":0,"master_deck":["AscendersBane","Strike_B","Strike_B","Defend_B","Defend_B","Defend_B","Defend_B","Zap+1","Dualcast","Ball Lightning","Defragment+1","Storm","Ball Lightning","Double Energy+1","Capacitor","Ball Lightning","Self Repair","Creative AI+1","Coolheaded","Ball Lightning","Ball Lightning","Biased Cognition","Hello World+1","Sunder","Electrodynamics","Hologram","Loop"],"relics":["Cracked Core","Incense Burner","Anchor","Pen Nib","Runic Pyramid","Lantern","Singing Bowl","Nuclear Battery"],"potions_floor_usage":[16,22,27,28,33],"damage_taken":[{"damage":0,"enemies":"Cultist","floor":1,"turns":3},{"damage":0,"enemies":"Small Slimes","floor":3,"turns":2},{"damage":1,"enemies":"2 Louse","floor":4,"turns":2},{"damage":2,"enemies":"Looter","floor":7,"turns":3},{"damage":15,"enemies":"3 Sentries","floor":11,"turns":5},{"damage":8,"enemies":"Blue Slaver","floor":12,"turns":3},{"damage":0,"enemies":"Slime Boss","floor":16,"turns":5},{"damage":31,"enemies":"2 Thieves","floor":18,"turns":4},{"damage":25,"enemies":"3 Byrds","floor":20,"turns":4},{"damage":11,"enemies":"Snecko","floor":22,"turns":6},{"damage":8,"enemies":"Cultist and Chosen","floor":24,"turns":4},{"damage":0,"enemies":"3 Cultists","floor":27,"turns":4},{"damage":10,"enemies":"Centurion and Healer","floor":28,"turns":6},{"damage":41,"enemies":"Snake Plant","floor":31,"turns":6},{"damage":33,"enemies":"Automaton","floor":33,"turns":8},{"damage":33,"enemies":"3 Darklings","floor":35,"turns":4},{"damage":20,"enemies":"3 Shapes","floor":36,"turns":3},{"damage":43,"enemies":"Writhing Mass","floor":37,"turns":2}],"seed_played":"3328661572077946869","potions_obtained":[{"floor":3,"key":"FearPotion"},{"floor":4,"key":"Swift Potion"},{"floor":11,"key":"SpeedPotion"},{"floor":18,"key":"Poison Potion"},{"floor":20,"key":"Block Potion"},{"floor":22,"key":"Block Potion"},{"floor":28,"key":"Fruit Juice"}],"is_trial":false,"path_per_floor":["M","$","M","M","$","R","M","R","T","?","?","M","$","?","R","B",null,"M","?","M","$","M","R","M","R","T","M","M","?","?","M","R","B",null,"M","M","M"],"character_chosen":"DEFECT","items_purchased":["Defragment","Self Repair","Lantern"],"campfire_rested":2,"item_purchase_floors":[2,13,21],"current_hp_per_floor":[68,68,68,67,67,67,65,65,65,70,55,47,47,40,40,47,67,43,43,25,25,14,35,34,34,34,41,43,43,43,18,42,16,64,38,18,0],"gold":215,"neow_bonus":"ONE_RARE_RELIC","is_prod":false,"is_daily":false,"chose_seed":false,"campfire_upgraded":4,"win_rate":0,"timestamp":1541928663,"path_taken":["M","?","?","M","$","R","M","R","T","?","?","M","$","?","R","BOSS","M","?","M","$","M","R","M","R","T","M","M","?","?","?","R","BOSS","M","M","?"],"build_version":"2018-11-08","purchased_purges":1,"victory":false,"max_hp_per_floor":[68,68,68,68,68,68,68,68,68,73,73,73,73,73,73,73,73,73,73,73,73,73,73,73,73,73,73,78,78,78,80,80,80,80,80,80,80],"card_choices":[{"not_picked":["Conserve Battery","Scrape"],"picked":"Ball Lightning","floor":1},{"not_picked":["Self Repair","BootSequence"],"picked":"Storm","floor":3},{"not_picked":["Redo","Steam Power"],"picked":"Ball Lightning","floor":4},{"not_picked":["Tempest","Streamline"],"picked":"Double Energy","floor":7},{"not_picked":["Static Discharge","Double Energy"],"picked":"Capacitor","floor":11},{"not_picked":["Steam","Streamline"],"picked":"Ball Lightning","floor":12},{"not_picked":["Reboot","Machine Learning"],"picked":"Creative AI","floor":16},{"not_picked":["Steam+1","Fusion"],"picked":"Coolheaded","floor":18},{"not_picked":["Gash","Hologram"],"picked":"Ball Lightning","floor":20},{"not_picked":["Hologram","Chaos"],"picked":"Ball Lightning","floor":22},{"not_picked":["Conserve Battery","Sweeping Beam"],"picked":"Biased Cognition","floor":24},{"not_picked":["Compile Driver","Hologram"],"picked":"Hello World+1","floor":27},{"not_picked":["Stack","Hologram+1"],"picked":"Sunder","floor":28},{"not_picked":["Gash","Conserve Battery","Ball Lightning"],"picked":"Singing Bowl","floor":31},{"not_picked":["Meteor Strike","Hyperbeam"],"picked":"Electrodynamics","floor":33},{"not_picked":["Barrage+1","Go for the Eyes"],"picked":"Hologram","floor":35},{"not_picked":["Ball Lightning","Hologram"],"picked":"Loop","floor":36}],"player_experience":398729,"relics_obtained":[{"floor":9,"key":"Anchor"},{"floor":11,"key":"Pen Nib"},{"floor":26,"key":"Singing Bowl"}],"event_choices":[{"damage_healed":0,"gold_gain":0,"player_choice":"Donut","damage_taken":0,"max_hp_gain":5,"max_hp_loss":0,"event_name":"Big Fish","floor":10,"gold_loss":0},{"damage_healed":0,"gold_gain":30,"player_choice":"Searched \u00272\u0027 times","damage_taken":0,"max_hp_gain":0,"max_hp_loss":0,"event_name":"Dead Adventurer","floor":11,"gold_loss":0},{"cards_removed":["Strike_B"],"damage_healed":0,"gold_gain":0,"player_choice":"Card Removal","damage_taken":7,"max_hp_gain":0,"max_hp_loss":0,"event_name":"Golden Wing","floor":14,"gold_loss":0},{"damage_healed":0,"gold_gain":0,"player_choice":"Ignored","damage_taken":0,"max_hp_gain":0,"max_hp_loss":0,"event_name":"Vampires","floor":19,"gold_loss":0},{"damage_healed":0,"gold_gain":0,"player_choice":"Paid Fearfully","damage_taken":0,"max_hp_gain":0,"max_hp_loss":0,"event_name":"Masked Bandits","floor":29,"gold_loss":81},{"damage_healed":0,"gold_gain":99,"player_choice":"Stole From Cult","damage_taken":0,"max_hp_gain":0,"max_hp_loss":0,"event_name":"Nest","floor":30,"gold_loss":0}],"is_beta":false,"boss_relics":[{"not_picked":["Velvet Choker","Black Star"],"picked":"Runic Pyramid"},{"not_picked":["Fusion Hammer","Philosopher\u0027s Stone"],"picked":"Nuclear Battery"}],"items_purged_floors":[2],"is_endless":false,"potions_floor_spawned":[3,4,11,12,18,20,22,28],"killed_by":"Writhing Mass","ascension_level":13}