{"gold_per_floor":[111,111,131,145,159,159,175,204,204,224,224,0,0,0,0,79,79,95,107,107],"floor_reached":20,"playtime":975,"items_purged":[],"score":352,"play_id":"77b4d1b0-4f6b-498e-9442-96f83bce6ddb","local_time":"20190217020904","is_ascension_mode":true,"campfire_choices":[{"data":"Zap","floor":6,"key":"SMITH"},{"data":"Cold Snap","floor":11,"key":"SMITH"},{"data":"Redo","floor":13,"key":"SMITH"},{"data":"Dualcast","floor":15,"key":"SMITH"}],"neow_cost":"NONE","seed_source_timestamp":921932312775900,"circlet_count":0,"master_deck":["AscendersBane","Strike_B","Strike_B","Strike_B","Defend_B","Defend_B","Defend_B","Defend_B","Zap+1","Dualcast+1","Finesse","Coolheaded","Amplify","Barrage","Gash","Coolheaded","Conserve Battery","Cold Snap+1","FTL","Redo+1","Fission","Undo+1","Gash"],"relics":["Cracked Core","Symbiotic Virus","Bottled Flame","Bag of Preparation","Inserter"],"potions_floor_usage":[7,8,16,20],"damage_taken":[{"damage":4,"enemies":"Jaw Worm","floor":1,"turns":4},{"damage":0,"enemies":"Cultist","floor":3,"turns":5},{"damage":14,"enemies":"Small Slimes","floor":4,"turns":4},{"damage":12,"enemies":"Blue Slaver","floor":5,"turns":4},{"damage":0,"enemies":"Exordium Wildlife","floor":7,"turns":6},{"damage":9,"enemies":"3 Sentries","floor":8,"turns":10},{"damage":0,"enemies":"Large Slime","floor":10,"turns":3},{"damage":26,"enemies":"The Guardian","floor":16,"turns":16},{"damage":30,"enemies":"Shell Parasite","floor":18,"turns":4},{"damage":17,"enemies":"3 Byrds","floor":19,"turns":6},{"damage":12,"enemies":"Snake Plant","floor":20,"turns":3}],"seed_played":"-6956350847040000274","potions_obtained":[{"floor":4,"key":"Fire Potion"},{"floor":7,"key":"Fruit Juice"},{"floor":8,"key":"SteroidPotion"},{"floor":16,"key":"FocusPotion"}],"is_trial":false,"path_per_floor":["M","?","M","M","M","R","M","E","T","M","R","$","R","$","R","B",null,"M","M","M"],"character_chosen":"DEFECT","items_purchased":["Bag of Preparation","Redo"],"campfire_rested":0,"item_purchase_floors":[12,12],"current_hp_per_floor":[60,60,60,46,34,34,39,30,30,30,30,30,30,30,30,4,58,28,11,0],"gold":107,"neow_bonus":"RANDOM_COLORLESS","is_prod":false,"is_daily":false,"chose_seed":false,"campfire_upgraded":4,"win_rate":0,"timestamp":1550398144,"path_taken":["M","?","?","M","M","R","M","E","T","M","R","$","R","$","R","BOSS","M","M","M"],"build_version":"2019-01-23","purchased_purges":0,"victory":false,"max_hp_per_floor":[71,71,71,71,71,71,76,76,76,76,76,76,76,76,76,76,76,76,76,76],"card_choices":[{"not_picked":["Streamline","Barrage"],"picked":"Coolheaded","floor":1},{"not_picked":["Go for the Eyes","Stack"],"picked":"Barrage","floor":3},{"not_picked":["Fusion","Turbo"],"picked":"Gash","floor":4},{"not_picked":["Sweeping Beam","Streamline"],"picked":"Coolheaded","floor":5},{"not_picked":["Aggregate","Steam"],"picked":"Conserve Battery","floor":7},{"not_picked":["Rebound","Turbo"],"picked":"Cold Snap","floor":8},{"not_picked":["Rip and Tear","Conserve Battery"],"picked":"FTL","floor":10},{"not_picked":["Hyperbeam","Rainbow"],"picked":"Fission","floor":16},{"not_picked":["Melter","Turbo"],"picked":"Undo+1","floor":18},{"not_picked":["Double Energy","Hello World"],"picked":"Gash","floor":19}],"player_experience":717797,"relics_obtained":[{"floor":8,"key":"Symbiotic Virus"},{"floor":9,"key":"Bottled Flame"}],"event_choices":[{"damage_healed":0,"gold_gain":0,"cards_transformed":["Strike_B"],"player_choice":"Transformed","damage_taken":0,"max_hp_gain":0,"max_hp_loss":0,"event_name":"Transmorgrifier","floor":2,"gold_loss":0,"cards_obtained":["Amplify"]}],"is_beta":false,"boss_relics":[{"not_picked":["Tiny House","Pandora\u0027s Box"],"picked":"Inserter"}],"items_purged_floors":[],"is_endless":false,"potions_floor_spawned":[4,7,8,16],"killed_by":"Snake Plant","ascension_level":20}