{"gold_per_floor":[114,134,144,162,229,229,243,277,277,277,277,302,302,327,327,402,452,465,465,465,479,156,187,204,237,262,278,312,412,91,117,117,196,196,206,257,64,78,78,110,110,110,110,141,169,214,226,238,250,262,274,286,298,17,45,45],"floor_reached":57,"playtime":914,"items_purged":["Grand Finale+1"],"score":3968,"play_id":"2b8ec252-9ce3-4eb4-bb6b-22436668f5d9","local_time":"20190122021036","is_ascension_mode":true,"campfire_choices":[{"data":"Grand Finale","floor":10.0,"key":"SMITH"},{"data":"Grand Finale","floor":11.0,"key":"SMITH"},{"data":"Grand Finale","floor":13.0,"key":"SMITH"},{"data":"Grand Finale","floor":15.0,"key":"SMITH"},{"floor":32,"key":"RECALL"},{"floor":42,"key":"REST"},{"floor":47,"key":"REST"},{"floor":49,"key":"REST"},{"data":"Grand Finale+1","floor":53,"key":"PURGE"}],"neow_cost":"","seed_source_timestamp":91013575505163,"circlet_count":0,"master_deck":["Grand Finale+1","Grand Finale+1","Grand Finale+1","Grand Finale+1","Grand Finale+1","Coolheaded+1"],"special_seed":0,"relics":["Ring of the Snake","FossilizedHelix","Mango","Toxic Egg 2","Molten Egg 2","DollysMirror","Bag of Preparation","Bronze Scales","Pen Nib","Blood Vial","Whetstone","Thread and Needle","Turnip","Ginger","Unceasing Top","Paper Crane","Ornamental Fan","Orichalcum","Membership Card","PrismaticShard","Du-Vu Doll","Omamori","PreservedInsect","Bag of Marbles","Vajra","Anchor","Pantograph","WingedGreaves","Pear","Calipers","Tiny House","Meat on the Bone","ClockworkSouvenir","Regal Pillow","Art of War","Potion Belt","Strawberry","Matryoshka","StoneCalendar","Torii","Nunchaku","Boot","Runic Pyramid","Peace Pipe","Lantern","OrangePellets","Frozen Egg 2","Letter Opener","MawBank","Question Card","HandDrill","Mercury Hourglass","Mummified Hand"],"potions_floor_usage":[],"damage_taken":[{"damage":0.0,"enemies":"Jaw Worm","floor":1.0,"turns":1.0},{"damage":0.0,"enemies":"2 Louse","floor":2.0,"turns":1.0},{"damage":0.0,"enemies":"Small Slimes","floor":3.0,"turns":1.0},{"damage":0.0,"enemies":"Gremlin Gang","floor":4.0,"turns":1.0},{"damage":0.0,"enemies":"Large Slime","floor":7.0,"turns":1.0},{"damage":0.0,"enemies":"Lagavulin","floor":8.0,"turns":1.0},{"damage":0.0,"enemies":"3 Sentries","floor":12.0,"turns":1.0},{"damage":0.0,"enemies":"Lagavulin","floor":14.0,"turns":1.0},{"damage":0.0,"enemies":"The Guardian","floor":16.0,"turns":1.0},{"damage":0.0,"enemies":"Spheric Guardian","floor":18.0,"turns":1.0},{"damage":0,"enemies":"Chosen","floor":21,"turns":1},{"damage":0,"enemies":"Slavers","floor":23,"turns":1},{"damage":0,"enemies":"Centurion and Healer","floor":24,"turns":1},{"damage":0,"enemies":"Book of Stabbing","floor":25,"turns":1},{"damage":0,"enemies":"Snecko","floor":27,"turns":1},{"damage":0,"enemies":"Slavers","floor":28,"turns":1},{"damage":0,"enemies":"Colosseum Slavers","floor":29,"turns":1},{"damage":0,"enemies":"Colosseum Nobs","floor":29,"turns":1},{"damage":0,"enemies":"Gremlin Leader","floor":31,"turns":1},{"damage":0,"enemies":"Collector","floor":33,"turns":1},{"damage":0,"enemies":"Orb Walker","floor":35,"turns":1},{"damage":0,"enemies":"2 Orb Walkers","floor":36,"turns":1},{"damage":0,"enemies":"3 Darklings","floor":38,"turns":1},{"damage":0,"enemies":"Nemesis","floor":40,"turns":1},{"damage":0,"enemies":"Reptomancer","floor":44,"turns":1},{"damage":0,"enemies":"Maw","floor":45,"turns":1},{"damage":0,"enemies":"Giant Head","floor":46,"turns":1},{"damage":0,"enemies":"Time Eater","floor":50,"turns":1},{"damage":0,"enemies":"Donu and Deca","floor":51,"turns":1},{"damage":0,"enemies":"Shield and Spear","floor":55,"turns":1},{"damage":28,"enemies":"The Heart","floor":56,"turns":5}],"seed_played":"-8238147765099529909","potions_obtained":[{"floor":1.0,"key":"Block Potion"},{"floor":7.0,"key":"Weak Potion"},{"floor":29,"key":"Explosive Potion"},{"floor":31,"key":"Explosive Potion"}],"is_trial":true,"path_per_floor":["M","M","M","M","?","?","M","E","T","R","R","E","R","E","R","B",null,"M","?","$","M","$","E","M","E","T","M","E","?","$","E","R","B",null,"M","?","$","M","$","E","?","R","T","E","M","E","R","?","R","B","B",null,"R","$","E","B",null],"character_chosen":"THE_SILENT","items_purchased":["Meat on the Bone","ClockworkSouvenir","Regal Pillow","Torii","Nunchaku","Lantern","OrangePellets","HandDrill","Mercury Hourglass"],"campfire_rested":3,"item_purchase_floors":[22,22,22,30,30,37,37,54,54],"current_hp_per_floor":[75,77,79,80,80,80,80,80,80,80,80,90,90,90,90,90,95,95,95,95,95,95,95,95,95,102,102,102,102,102,102,102,102,102,102,102,102,102,102,102,102,102,102,102,102,102,102,112,112,112,112,112,112,112,112,84],"gold":45,"neow_bonus":"","is_prod":false,"is_daily":false,"chose_seed":false,"campfire_upgraded":4,"win_rate":0,"timestamp":1548090636,"path_taken":["M","M","M","M","?","?","M","E","T","R","R","E","R","E","R","BOSS","M","?","$","M","$","E","M","E","T","?","E","?","?","E","R","BOSS","M","?","$","M","$","E","?","R","T","E","?","E","R","?","R","BOSS","BOSS","R","$","E","BOSS"],"build_version":"2019-01-17v2","purchased_purges":1,"victory":true,"max_hp_per_floor":[80,80,80,80,80,80,80,80,80,80,80,90,90,90,90,90,95,95,95,95,95,95,95,95,95,102,102,102,102,102,102,102,102,102,102,102,102,102,102,102,102,102,102,102,102,102,102,112,112,112,112,112,112,112,112,112],"card_choices":[{"not_picked":["Entrench+1","MysteriousBeam+1","Outmaneuver+1"],"picked":"SKIP","floor":1.0},{"not_picked":["WitchOfGreed","Tactician+1","SuperPerseids+1"],"picked":"SKIP","floor":2.0},{"not_picked":["Perfected Strike+1","6A+1","Outmaneuver+1"],"picked":"SKIP","floor":3.0},{"not_picked":["AsteroidBelt+1","ShootTheMoon+1","Dodge and Roll+1"],"picked":"SKIP","floor":4.0},{"not_picked":["Sweeping Beam+1","Beam Cell+1","Deep Breath+1"],"picked":"SKIP","floor":7.0},{"not_picked":["Melter+1","GalacticHalo+1","Dark Shackles+1"],"picked":"SKIP","floor":8.0},{"not_picked":["Metallicize","Electrodynamics","Choke+1"],"picked":"SKIP","floor":12.0},{"not_picked":["Anger+1","FairyDestructionRay+1","Sunder+1"],"picked":"SKIP","floor":14.0},{"not_picked":["GrandCross+1","LuminesStrike+1","Redo+1"],"picked":"SKIP","floor":18.0},{"not_picked":["GrandCross+1","Bane+1","Hello World"],"picked":"SKIP","floor":21},{"not_picked":["Scrape+1","MysteriousBeam+1","Tactician+1"],"picked":"SKIP","floor":23},{"not_picked":["Go for the Eyes+1","Havoc+1","Secret Weapon+1"],"picked":"SKIP","floor":24},{"not_picked":["WitchOfGreed","NonDirectionalLaser+1","Dodge and Roll+1"],"picked":"SKIP","floor":25},{"not_picked":["OpenUniverse+1","ChargeUpSpray+1","Deflect+1"],"picked":"SKIP","floor":27},{"not_picked":["MeteoricShower+1","Shockwave+1","Havoc+1"],"picked":"SKIP","floor":28},{"not_picked":["SuperPerseids+1","Panacea+1","Perfected Strike+1"],"picked":"SKIP","floor":31},{"not_picked":["Flex+1","LuminesStrike+1","Infinite Blades"],"picked":"SKIP","floor":35},{"not_picked":["Flex+1","Blade Dance+1","Hologram+1"],"picked":"SKIP","floor":38},{"not_picked":["Unload+1","Stack+1","Quick Slash+1"],"picked":"SKIP","floor":40},{"not_picked":["Go for the Eyes+1","DarkSpark+1","Predator+1"],"picked":"SKIP","floor":44},{"not_picked":["Quick Slash+1","OpenUniverse+1","Eviscerate+1"],"picked":"SKIP","floor":45},{"not_picked":["Good Instincts+1","Noxious Fumes+1","Endless Agony+1"],"picked":"SKIP","floor":46},{"not_picked":["Rampage+1","Rage+1","OortCloud+1"],"picked":"Coolheaded+1","floor":55}],"player_experience":789919,"relics_obtained":[{"floor":8.0,"key":"Pantograph"},{"floor":9.0,"key":"WingedGreaves"},{"floor":12.0,"key":"Pear"},{"floor":14.0,"key":"Calipers"},{"floor":23,"key":"Art of War"},{"floor":25,"key":"Potion Belt"},{"floor":26,"key":"Strawberry"},{"floor":28,"key":"Matryoshka"},{"floor":29,"key":"StoneCalendar"},{"floor":31,"key":"Boot"},{"floor":36,"key":"Peace Pipe"},{"floor":40,"key":"Frozen Egg 2"},{"floor":43,"key":"Letter Opener"},{"floor":44,"key":"MawBank"},{"floor":46,"key":"Question Card"},{"floor":55,"key":"Mummified Hand"}],"event_choices":[{"damage_healed":0.0,"max_hp_gain":0.0,"max_hp_loss":0.0,"gold_gain":67.0,"event_name":"Golden Wing","player_choice":"Gained Gold","floor":5.0,"gold_loss":0.0,"damage_taken":0.0},{"damage_healed":0.0,"max_hp_gain":0.0,"max_hp_loss":0.0,"gold_gain":0.0,"event_name":"Golden Idol","player_choice":"Ignored","floor":6.0,"gold_loss":0.0,"damage_taken":0.0},{"damage_healed":0,"gold_gain":0,"player_choice":"Copied","damage_taken":0,"max_hp_gain":0,"max_hp_loss":0,"event_name":"Duplicator","floor":19,"gold_loss":0,"cards_obtained":["Grand Finale"]},{"damage_healed":0,"gold_gain":0,"player_choice":"Fight","damage_taken":0,"max_hp_gain":0,"max_hp_loss":0,"event_name":"Colosseum","floor":29,"gold_loss":0},{"damage_healed":0,"gold_gain":0,"player_choice":"Fought Nobs","damage_taken":0,"max_hp_gain":0,"max_hp_loss":0,"event_name":"Colosseum","floor":29,"gold_loss":0},{"damage_healed":0,"gold_gain":0,"player_choice":"Fight","damage_taken":0,"max_hp_gain":0,"max_hp_loss":0,"event_name":"Mysterious Sphere","floor":36,"gold_loss":0},{"damage_healed":0,"gold_gain":0,"player_choice":"Full Heal","damage_taken":0,"max_hp_gain":0,"max_hp_loss":0,"event_name":"Wheel of Change","floor":41,"gold_loss":0},{"cards_removed":["Grand Finale"],"damage_healed":0,"gold_gain":0,"player_choice":"Offered Rare","damage_taken":0,"max_hp_gain":10,"max_hp_loss":0,"event_name":"Bonfire Elementals","floor":48,"gold_loss":0}],"is_beta":false,"boss_relics":[{"not_picked":["HoveringKite","Pandora\u0027s Box"],"picked":"Tiny House"},{"not_picked":["Coffee Dripper","Snecko Eye"],"picked":"Runic Pyramid"}],"items_purged_floors":[54],"is_endless":false,"potions_floor_spawned":[1,7,8,12,16,18,21,24,29,31,35,36,40,45],"ascension_level":20}